1702 3060
454 149 530 192 DE
562 148 835 193 LAUDIBUS
868 147 1500 194 IUST1N1.415

47 259 209 327 quaevis
236 258 433 296 veteribus
459 258 563 296 alba.
604 257 853 327 scholiastes
885 256 1098 310 Aeschyli.
1137 253 1266 310 ἄργην
1293 255 1368 310 τὴν
1398 259 1503 324 βοῦν

45 317 160 355 καλεῖ
178 310 209 366 ἢ
232 311 299 355 διὰ
319 330 363 356 το
382 318 464 361 τοῖς
481 317 597 362 θεοῖς
614 310 676 355 οἴει
696 312 767 362 τοῖς
787 315 886 366 βοῦς
906 311 1111 364 θύεσθαι,
1150 311 1180 367 ἢ
1199 311 1266 355 διοὶ
1285 311 1330 356 τό
1351 329 1502 382 ταυτην
1540 318 1543 321 ’

45 365 150 412 εἶναι
174 367 342 422 λευκήν·
368 367 417 410 τοὶ
444 367 518 423 yde
547 367 667 410 λευκοὶ
697 369 767 410 καὶ
791 367 954 422 καθαρα
985 370 1055 410 καὶ
1084 385 1259 420 φωτεινα
1281 370 1350 411 καὶ
1372 366 1502 423 ἀρρύ-

43 434 171 468 πωτα.
158 450 191 477 ⁸!
226 428 374 464 Marius
394 427 525 465 Victor
540 426 611 463 lib.
632 429 659 466 2
688 428 730 463 in
750 427 949 463 Genesin:
999 428 1058 463 sic
1077 427 1173 464 olim
1192 434 1286 464 ante
1304 428 1369 464 sui
1379 440 1501 477 prae-

43 483 167 520 sensit
193 482 389 520 candidus
411 481 524 518 Abel
550 482 745 519 invidiam
759 482 924 533 fratris.
985 483 1164 520 Alcimus
1193 484 1334 520 Avitus
1359 483 1430 520 lib.
1449 486 1501 524 2:

41 544 141 578 ,mne
159 551 268 575 mens
288 539 456 575 intactos
471 537 659 575 servabat
671 538 846 575 candida
864 539 987 575 visus.
1018 538 1128 576 idem
1148 538 1218 576 lib.
1241 541 1267 580 6
1293 537 1345 576 ad
1361 540 1502 576 Fusci-

42 605 138 631 nam
162 605 360 632 sororem:
409 607 480 631 nec
507 595 611 630 enim
637 594 715 630 ulli
748 594 923 631 candida
950 596 1077 632 virtus
1107 595 1279 640 invidet,
1327 595 1503 632 invidiae

42 662 276 702 quanquam
299 656 357 686 est
381 647 800 700 subieetdmalignae.
860 652 1016 688 Arator.
1038 651 1107 688 lib.
1132 654 1152 691 1
1178 653 1280 689 Hist.
1307 652 1499 702 apostoli.—

42 716 135 743 cae:
155 706 263 743 nivei
280 706 465 743 mentitus
481 705 667 743 honorem
685 706 801 743 callis
818 706 877 743 ad
891 706 1034 744 excelsi
1043 708 1179 759 pergit
1193 708 1362 758 vestigia
1380 709 1496 759 regis.

41 761 208 818 Basra.

46 829 47 834 ¹
154 819 224 859 93.
281 829 372 854 cum
390 817 529 854 vinum
545 818 876 868 pretiosissimum
897 825 935 856 et
957 819 1201 870 antiquitatis
1219 819 1421 856 maximae
1438 820 1501 856 in·

43 870 174 914 dicare
191 873 289 922 vult,
320 872 538 924 hyperbole
558 876 712 924 poetica
733 873 828 912 dicit
845 875 1068 926 pla'ntatum
1087 875 1233 926 Ulyssi.
1264 877 1431 913 BAn'rn.

36 922 52 938 ¹
154 927 223 970 94.
280 942 372 966 arce
388 928 461 966 sub
483 928 618 966 Ibalia
637 930 804 967 Laertia
814 932 999 979 flumina
1018 944 1192 968 servans.
1198 932 1211 981 ]
1244 944 1403 968 carmen
1425 929 1502 968 hoc

40 982 98 1025 ita
119 986 411 1036 corruptissime
428 986 603 1036 legitur*
592 998 634 1022 m
655 984 789 1023 codice
809 998 896 1023 ms.
927 1000 1074 1036 parces
1097 986 1167 1023 ubi
1195 986 1306 1023 balia
1334 987 1443 1024 lacet
1444 988 1502 1024 tia

41 1041 199 1079 lamina
236 1054 422 1088 servans;
470 1040 579 1093 quod
616 1053 688 1078 nos
727 1054 802 1079 nec
835 1041 1047 1079 emendare
1086 1043 1248 1080 omnino
1282 1044 1499 1093 potuimus,

32 1105 171 1149 'neque
219 1096 473 1134 emendatum
519 1097 568 1133 ab
617 1098 751 1148 aliquo
802 1105 840 1134 et
888 1097 940 1134 ad
990 1099 1213 1148 marginem
1257 1098 1502 1150 adscriptum

37 1151 211 1206 placuit,
249 1154 304 1190 ita
323 1154 495 1190 scilicet:
533 1166 624 1190 arce
646 1153 718 1189 sub
736 1153 878 1190 Acilia
901 1155 1100 1190 Lernaeia
1118 1155 1302 1203 flumina
1320 1169 1382 1191 ser
1382 1169 1497 1192 vans.

41 1211 140 1261 quin
163 1215 202 1246 et
222 1209 372 1274 aliquot
391 1221 526 1246 versus
552 1209 838 1261 subsequentes
868 1208 970 1246 mihi
999 1211 1221 1260 suspicione
1249 1223 1330 1248 non
1342 1219 1499 1259 ·‚carent

41 1263 115 1312 sed
147 1277 246 1316 quos
274 1267 428 1302 animus
458 1278 539 1302 nou
568 1271 626 1302 est
656 1264 887 1313 emendare,
930 1267 1009 1302 nisi
1037 1267 1273 1316 insigniores
1305 1266 1500 1304 duntaxat

26 1319 206 1359 mendas
232 1322 274 1357 in
301 1319 364 1358 his
392 1322 536 1358 nostris
563 1321 902 1359 observationibus
921 1320 1111 1358 indicare.
1168 1323 1291 1359 Rmz.
1349 1325 1500 1373 corrige

47 1375 233 1422 Oebalia,
264 1377 368 1414 claro
385 1389 516 1414 sensu.
547 1378 734 1414 Dmurs‘r.
792 1379 979 1414 correctio
1010 1375 1084 1426 [ad
1109 1379 1331 1428 marginem
1348 1377 1500 1416 adscri-

68 1434 129 1484 ta]
160 1433 309 1470 nullius
335 1434 527 1472 momenti
545 1439 623 1481 est,
667 1435 725 1470 uti
754 1446 828 1470 nec
855 1434 926 1470 illa
957 1435 1077 1470 etiam
1106 1446 1227 1484 quam
1256 1447 1310 1471 ex
1336 1436 1499 1485 vulgata

20 1445 169 1533 {nizii
189 1495 434 1526 commentus
452 1495 512 1525 est
527 1489 808 1539 Dempsterus:
849 1502 938 1526 cum
959 1491 1066 1526 enim
1084 1490 1210 1526 Ibalia
1230 1491 1301 1527 illa
1316 1503 1389 1527 arx
1403 1492 1498 1528 nul-

40 1543 119 1582 lius
135 1545 253 1596 pretii
271 1546 322 1582 sit
337 1557 412 1581 nec
430 1543 481 1581 ad
500 1545 625 1581 ullam
644 1543 852 1582 historiam
872 1544 1044 1593 alludat,
1081 1558 1336 1598 nequaquam
1354 1544 1499 1597 poterit

19 1602 178 1651 ‚Jmagni
203 1599 290 1638 fieri
321 1613 368 1638 ea
396 1601 514 1638 lectio
539 1613 641 1652 quae
664 1614 716 1638 ex
732 1602 872 1638 vitiosa
896 1608 1048 1638 servata
1070 1603 1277 1653 exsculpta
1300 1609 1372 1639 est.
1432 1616 1499 1640 se·—

19 1653 190 1709 ·'quendi
214 1657 374 1694 omnino
403 1663 494 1694 sunt
518 1655 657 1694 ductus
676 1659 967 1708 manuscriptae
986 1658 1190 1706 lectionis,
1235 1670 1336 1709 quae
1359 1660 1499 1709 procul

39 1710 162 1750 dubio
181 1714 339 1750 veritati
356 1714 535 1764 proprior
555 1719 618 1750 est
634 1726 756 1764 quam
774 1714 1031 1750 correctiones
1053 1726 1107 1750 ex
1123 1727 1169 1750 ea
1191 1721 1320 1763 natae,
1349 1722 1387 1751 et
1406 1715 1498 1752 lon-

20 1769 128 1835 §gius
157 1769 279 1805 etiam
307 1767 535 1806 recedentes
569 1769 616 1806 ab
650 1768 812 1807 historia
844 1782 944 1821 quae
975 1770 1106 1807 inesse
1142 1768 1271 1807 debet.
1330 1770 1498 1821 longum

14 1818 149 1875 fenim
173 1825 411 1876 quaesieris,
448 1826 678 1877 priusquam
699 1827 742 1862 in
762 1826 878 1862 rebus
902 1826 1056 1876 Ulyssis
1082 1838 1213 1862 arcem
1238 1826 1407 1864 Ibaliam
1429 1835 1498 1864 aut
1543 1824 1548 1829 ’

13 1867 275 1954 {520ebaliam
263 1881 483 1929 mveneris,
521 1882 564 1917 ιιι
590 1883 759 1931 gratiam
786 1880 950 1933 quidem
967 1882 1166 1932 Assagrii,
1208 1883 1277 1933 qui
1311 1884 1497 1920 vitiosam

13 1918 251 1991 {lectionem
266 1937 444 1974 vitiosius
465 1939 660 1985 correxit,
700 1951 755 1974 ex
780 1950 858 1989 qua
879 1939 1120 1975 correctione
1141 1936 1398 1988 postmodum
1417 1939 1495 1976 alia

12 1995 214 2032 'monstra
230 1999 325 2030 nata
344 1999 447 2029 sunt.
491 2006 578 2030 nos
599 1994 763 2031 initialis
782 1994 936 2031 litterae
957 1995 1187 2031 auctoritate
1206 2000 1372 2041 servata,
1392 2007 1495 2046 quae

14 2052 291 2100 {nequaquam
310 2049 428 2086 facile
448 2047 498 2086 de
515 2050 582 2086 P
571 2063 612 2086 ιιι
631 2049 678 2086 A
694 2051 938 2087 transvenire
959 2051 1112 2100 potuit,
1143 2049 1264 2086 aliam
1281 2024 1496 2088 lectionem

8 2109 80 2166 '5²'
97 2104 238 2142 litteris
268 2110 307 2141 et
330 2103 519 2142 historiae
539 2108 839 2143 convenientem
857 2119 994 2143 sumus
1016 2107 1249 2154 commenti,
1292 2118 1395 2157 quae
1415 2108 1496 2143 uti-

10 2171 116 2211 :nque
133 2160 209 2197 ista
229 2166 310 2197 est:
331 2173 436 2210 pace
453 2159 526 2198 sub
549 2161 680 2198 Iliaca
697 2162 863 2199 Laertia
885 2161 1030 2199 limina
1048 2160 1493 2199 servans.1thacensia

0 2234 28 2273 Υ,
31 2215 131 2252 vina
147 2214 283 2253 laudat
302 2222 341 2253 et
358 2223 535 2254 recenset
555 2218 762 2268 Corippus,
792 2230 912 2269 quam
927 2218 1102 2255 insulam
1118 2230 1140 2254 a
1159 2217 1362 2254 fertilitate
1382 2231 1494 2255 com-

10 2269 202 2318 „mandat
222 2273 432 2310 Homerus.
491 2285 594 2320 cum,
624 2275 690 2322 ait,
721 2273 898 2310 nondam
916 2273 975 2310 ad
994 2273 1168 2310 Iliacum
1189 2272 1339 2310 bellum
1352 2275 1496 2325 prose-

4 2333 126 2391 *feru
142 2327 255 2378 joret
279 2327 453 2378 Ulysses,
473 2329 674 2392 originem
700 2329 795 2366 huic
819 2331 911 2366 vino
939 2330 1022 2366 eius
1042 2329 1246 2379 plantatio
1270 2329 1394 2375 dedit,
1424 2333 1497 2381 qui
1524 2349 1530 2355 -

4 2381 223 2443 &Ithacam
242 2398 357 2421 suam
375 2385 498 2421 vineis
516 2384 702 2435 opplevit.
764 2392 853 2422 ante
871 2391 1052 2437 tempora
1071 2386 1166 2422 belli
1186 2386 1352 2422 Troiani
1373 2398 1494 2423 vaca-

5 2433 106 2478 ibat
130 2439 263 2490 Ulyssi
296 2440 392 2477 talia
425 2440 555 2477 facere
585 2447 623 2478 et
650 2441 788 2478 limina
815 2440 954 2479 domus
985 2454 1078 2486 suae
1108 2453 1278 2478 servare.
1336 2455 1494 2479 seruare

2 2479 199 2551 {domum
219 2502 278 2533 est
295 2503 400 2533 recte
418 2498 498 2534 suis
514 2497 631 2534 rebus
651 2508 847 2548 praeesse,
875 2498 1028 2535 bonum
1041 2497 1368 2548 patremfamilias
1389 2510 1489 2545 esse,

37 2541 83 2587 ut
101 2563 144 2588 m
162 2552 286 2588 veteri
314 2553 568 2603 inscriptione
598 2552 647 2589 de
675 2553 825 2590 femina
854 2551 1021 2591 honesta
1040 2561 1079 2590 et
1095 2554 1222 2603 frugi:
1252 2552 1339 2590 heic·
1357 2560 1412 2590 est
1428 2566 1490 2590 se·—

0 2543 224 2706 {galerum
241 2606 357 2645 haud
364 2609 555 2658 pulcrum
568 2609 934 2660 puleraiseminae.
996 2623 1137 2646 nomen
1155 2616 1342 2659 parentes
1362 2610 1492 2645 nomi-

171 2669 188 2699 t
206 2662 431 2702 Claudiam.
463 2678 637 2702 sermone
655 2665 802 2717 lepido,
832 2665 929 2703 dum
947 2673 1081 2702 autem
1100 2666 1254 2701 incessu
1271 2663 1491 2708 commodo,

31 2713 199 2755 domum
217 2721 407 2765 servavit,
436 2720 576 2758 lanam
584 2722 704 2772 ficit.
755 2722 852 2758 dari.
913 2721 995 2758 abi.
1057 2728 1195 2772 estque
1212 2721 1316 2756 fictio
1335 2720 1491 2769 poetica

21 2779 80 2826 et
97 2773 297 2824 elegans,
318 2773 409 2813 data
431 2778 668 2827 occasione,
695 2776 827 2816 herois
855 2776 1057 2830 quondam
1082 2777 1183 2814 tanti
1209 2775 1360 2819 cultura
1380 2787 1491 2820 com-

0 2844 37 2935 ἰ
100 2843 232 2882 Moror».
261 2849 295 2882 et
323 2846 402 2881 Gor.
1160 2843 1210 2881 31

0 2930 31 2960 ι

0 2947 52 3060 ι’
