1702 3060
273 150 366 196 180
666 154 882 198 CORIPPI
912 156 987 198 DE
1002 120 1287 202 ⁷LAUD1Bth

377 260 598 297 nominibus
617 267 764 298 sacrata
783 261 905 299 tribus
919 291 930 311 ,
957 264 1025 314 qui
1045 266 1190 302 viribus
1209 268 1343 318 aequis

377 326 585 374 imperium
607 339 744 362 rexere
762 339 891 364 suum.
947 341 1068 378 genus
1086 332 1264 368 omnibus
1279 346 1414 382 unum,

373 397 569 439 sceptrum
591 393 833 440 continuum,
862 399 1014 444 tempus
1033 396 1123 445 iuge
1137 425 1147 444 ‚
1176 398 1306 434 iuncta
1323 406 1505 448 potestas.

374 468 554 492 successu
573 469 633 493 res
653 465 737 494 acta
757 471 826 495 suo
849 466 927 496 est:
956 461 1035 496 iam
1054 474 1172 511 regna
1190 462 1354 500 duonun

267 518 344 560 145
372 522 415 557 iu
435 523 550 559 caelis
566 525 751 560 translata
767 533 946 573 manent,
976 539 1079 564 nunc
1095 530 1292 565 maximus
1307 529 1410 566 orbis

375 590 592 627 communis
613 590 837 628 benefactor
856 591 985 640 adest,
1016 595 1077 630 cui
1096 594 1250 631 subdita
1267 607 1378 644 reges

375 655 476 690 colla
498 663 635 705 parant
653 670 873 708 nomenque
891 665 1062 696 tremunt
1085 667 1123 697 et
1141 674 1287 697 numen
1305 660 1478 698 adorant.

373 719 521 757 adstitit
544 723 584 758 in
609 723 732 772 clipeo
752 725 928 773 princeps
949 726 1182 763 fortissimus
1202 727 1270 763 illo

373 786 464 822 solis
483 785 631 824 habens
650 791 870 838 specimen:
898 791 971 827 lux
988 793 1065 828 alta
1085 793 1195 829 fulsit
1213 793 1261 828 ab
1281 793 1391 830 urbe.

264 846 344 890 150
368 853 508 888 mirata
529 860 587 890 est
602 855 747 904 pariter
765 857 940 904 geminos
961 871 1188 907 consurgere
1206 859 1307 895 soles

371 928 448 953 una
466 918 600 956 favens
621 919 834 971 eademque
857 921 953 959 dies.
1009 936 1097 960 mea
1114 925 1283 960 carmina
1296 952 1306 971 ‚
1333 937 1492 974 numen,

367 995 592 1022 mensuram
610 993 848 1036 transgressa
871 1000 982 1025 suam
1001 990 1190 1026 mirabere
1213 990 1358 1039 forsan,

371 1050 477 1100 quod
496 1051 580 1088 dixi
600 1055 775 1103 geminos
795 1055 939 1103 pariter
955 1068 1183 1105 consurgere
1202 1057 1318 1094 soles.

369 1128 442 1152 nec
463 1120 594 1155 vacuis
616 1119 744 1155 verbis
761 1131 835 1155 nec
854 1121 1033 1159 inanibus
1055 1129 1139 1158 acta
1157 1123 1290 1172 figuris

262 1177 339 1220 155
366 1194 430 1218 ore
448 1183 549 1221 feres
566 1185 716 1234 prolata
733 1197 821 1221 meo
833 1214 843 1232 ‚
873 1188 906 1222 si
925 1185 1026 1224 dicta
1045 1188 1238 1238 rependis.

367 1259 478 1286 mens
497 1252 589 1288 iusti
608 1254 696 1303 plus
716 1254 798 1290 sole
816 1254 933 1289 nitet:
960 1267 1040 1290 non
1056 1257 1246 1304 mergitur
1263 1253 1392 1302 undis,

367 1326 448 1351 non
471 1317 572 1354 cedit
589 1319 758 1356 tenebris
771 1348 780 1366 ‚
809 1332 888 1355 non
904 1319 1012 1356 fusca
1033 1321 1229 1357 obtexitur
1247 1321 1398 1357 umbra.

367 1380 438 1418 lux
459 1396 619 1433 operum
636 1392 790 1422 aeterno
807 1385 910 1421 lucet
930 1385 1134 1434 splendore
1152 1387 1356 1422 bonorum.

421 1450 634 1501 Postquam
651 1457 787 1487 cuncta
806 1449 912 1487 videt
930 1452 1005 1487 ritu
1023 1452 1193 1501 perfecta
1211 1454 1383 1501 priorum

260 1512 337 1553 160
364 1516 590 1564 pontificum
609 1529 784 1553 summus
802 1516 994 1566 plenaque
1015 1523 1138 1555 aetate
1160 1525 1355 1566 venustus,

364 1579 582 1619 adstantem
602 1582 802 1619 benedixit
821 1595 932 1629 eum3
966 1583 1139 1634 caelique
1160 1590 1358 1634 potentem

367 1660 533 1686 exorans
553 1648 755 1686 dominum
773 1661 880 1685 sacro
902 1647 1119 1685 diademate
1136 1651 1248 1687 iussit

364 1714 586 1763 Augustum
604 1717 752 1752 sancire
769 1721 902 1764 caput,
934 1727 1164 1766 summoque
1188 1728 1369 1752 coronam

365 1780 571 1830 imponens
591 1783 691 1831 apici
709 1781 874 1817 feliciter

258 1843 337 1885 165
363 1845 532 1882 intonuit
551 1853 706 1896 patrum
725 1847 873 1883 subitus
888 1846 1037 1896 fragor,
1066 1846 1157 1884 inde
1176 1848 1359 1885 clientum

365 1912 553 1949 clamores
573 1919 766 1949 crescunt:
798 1912 1029 1948 clamoribus
1049 1912 1210 1949 adsonat
1231 1913 1378 1952 aether.

362 1978 545 2016 laudibus
566 1980 779 2015 innumeris
800 1985 1030 2027 regnantum
1046 1980 1205 2014 nomina
1225 1980 1389 2018 tollunt:

361 2045 507 2081 Iustino
529 2047 649 2082 vitam
668 2051 727 2080 ter
746 2051 900 2080 centmn
920 2044 1078 2081 vocibus
1102 2051 1248 2094 optant,

360 2111 559 2160 Augustae
578 2110 741 2148 totidem
758 2109 928 2159 Sophiae
947 2111 1058 2160 plebs
1077 2118 1156 2148 tota
1178 2113 1375 2148 reclamat.

256 2175 334 2214 170
359 2177 468 2212 mille
490 2185 631 2214 canunt
648 2176 785 2214 laudes
801 2189 939 2213 vocum
958 2176 1180 2213 discrimina
1200 2179 1332 2214 mille:

361 2244 554 2280 Iustinum
572 2242 837 2294 Sophiamque
854 2255 965 2292 pares
985 2242 1060 2279 duo
1080 2245 1229 2280 lumina
1248 2245 1385 2283 mundi

361 2321 446 2345 esse
467 2310 618 2357 ferunt3
641 2305 826 2359 “regnate
847 2321 958 2358 pares
975 2310 1014 2344 in
1035 2307 1216 2347 saeouia”
1244 2311 1399 2360 dicunt3

359 2374 493 2412 felices
517 2388 637 2413 annos
659 2376 826 2413 dominis
844 2375 1021 2411 felicibus
1041 2383 1165 2413 orant.

359 2441 531 2478 insonuit
548 2455 628 2478 vox
646 2444 715 2478 issa
735 2442 821 2488 diu,
850 2440 1086 2492 tandemque
1106 2444 1265 2493 quievit.

256 2503 332 2545 175
415 2509 502 2556 Ipse
527 2514 727 2544 coronatus
746 2508 887 2545 solium
905 2507 1126 2544 conscendit
1145 2510 1302 2556 avitum,

362 2579 477 2623 atque
497 2575 618 2609 crucis
638 2574 783 2609 faciens
801 2575 958 2621 signum
976 2575 1195 2610 venerabile
1216 2573 1338 2623 sedit3

362 2644 563 2688 erectaque
579 2652 715 2685 manu,
750 2645 884 2674 cuncto
906 2646 1106 2687 praesente
1129 2647 1276 2687 senatu,

359 2717 424 2741 ore
442 2706 506 2754 pio
527 2706 582 2743 sic
602 2718 709 2742 orsus
732 2706 797 2742 ait.
849 2699 992 2755 “super
1010 2707 1139 2743 omnia
1155 2718 1319 2757 regnans
