1702 3060
477 69 553 111 DE
587 69 860 114 LAUDIBUS
893 69 1114 114 IUSTINI.
1421 68 1518 123 405

72 175 228 243 tyn-ha
256 175 409 214 Sabaeo
438 190 581 228 corpus
606 178 863 216 medicamine
889 186 1031 216 servat.
1092 179 1207 230 plura
1233 176 1282 216 de
1306 180 1518 229 unguentis

79 238 113 278 ²3
134 233 222 271 aliis
252 233 369 271 rebus
399 232 452 271 ad
479 233 692 271 arcendam
710 236 1038 286 putrefactionem
1059 234 1314 273 cadaveribus
1335 233 1515 273 adhiberi

57 279 212 339 KffitiS,
243 287 452 340 diligenter
473 289 674 328 adnotavit
694 289 780 329 Ioh.
801 290 1090 329 Kirchmannus
1109 291 1158 329 de
1175 292 1260 329 fun.
1278 292 1392 329 Rom.
1419 294 1439 332 1
1473 294 1512 333 8-

117 357 188 383 ἰ’Τ.

173 403 242 442 22.
273 401 515 452 fiagrantta
532 402 653 439 mella
670 408 774 439 recte
792 402 1048 453 flagrantibus
1068 403 1351 441 substituerunt
1367 401 1512 440 doctis-

58 439 155 502 Qum
185 457 296 495 Elias
323 456 533 495 Putschius
561 464 599 495 et
627 456 859 496 Eustathius
884 459 1074 496 Swartius
1097 473 1149 497 ex
1169 460 1239 497 illo
1258 459 1511 496 Maroniano:

0 534 2 539 >
64 511 308 564 redolentque
330 513 461 564 thymo
468 513 709 564 flagrantia
726 514 860 551 mella.
919 515 1084 552 BARTH.

172 567 240 610 24.
297 571 444 619 species
465 576 652 606 externae
672 570 806 620 fruges
819 599 829 618 ‚
860 577 1056 619 aromata,
1087 576 1154 607 aut
1176 571 1351 622 alioquin
1373 572 1513 621 singu-

0 615 1 619 *
52 623 159 664 fflaria
176 623 439 662 condimenta.
478 626 680 664 Caesarius
697 627 939 664 Arelatensis
959 627 1133 664 Homilia
1151 628 1226 668 38:
1257 627 1406 671 videte,
1409 627 1512 677 fra-

48 685 154 728 affec,
182 694 303 732 quam
335 695 448 718 caros·
475 695 546 718 nos
572 682 755 719 dominus·
776 682 929 719 habuit.
991 696 1070 720 non
1088 696 1204 728 auro,
1233 697 1312 720 non
1328 690 1510 734 argento»,

60 748 140 786 pon
166 736 382 787 speciebus,
412 737 484 774 sed
509 738 557 774 de
588 751 658 774 suo
678 745 813 775 sancto
829 739 1024 790 sanguine
1046 752 1116 776 nos·
1134 739 1310 776 redemit.
1371 737 1509 777 Theo-

58 788 177 841 ‚dorus
204 794 428 831 Priscianus
458 795 482 833 3
515 795 564 833 6:
583 793 817 844 ‘frequenter
846 795 904 831 ita
928 794 1044 832 rebus
1066 796 1191 846 gestis
1224 796 1266 832 vi
1293 802 1329 831 et
1362 809 1508 845 vapore

56 846 330 887 adhibiturum
344 850 560 900 specierum
579 849 906 901 haemorrhagiae
921 858 1201 901 provenerunt.
1257 852 1421 888 ΒΑΒΤΗ.

166 907 234 946 26.
290 906 413 942 nullis
434 907 666 943 coniecturis
684 919 781 956 opus
803 905 879 943 hoc
899 920 1029 944 versu.
1087 913 1145 944 est
1173 907 1341 944 imitatio
1371 909 1506 944 Maro-

51 958 174 999 iliana
194 962 295 999 Aen.
317 962 367 1002 5:
397 974 487 1012 ergo
512 962 637 1012 agite,
668 968 704 998 et
731 963 864 999 cuncti
882 962 1030 999 laetum
1049 962 1284 1000 celebremus
1302 963 1501 1000 honorem.

49 1017 215 1055 Bam-11.

163 1072 218 1111 ib.
278 1074 378 1112 forte
402 1072 636 1112 celebrabat.
697 1076 818 1114 Rmz.

46 1162 54 1166 .
162 1132 231 1171 27.
289 1130 447 1182 melior]
483 1130 597 1169 Ovid.
618 1133 712 1169 Met.
738 1131 790 1172 15
814 1131 895 1168 fab.
913 1131 1012 1168 ult.:
1041 1131 1150 1168 vinci
1168 1131 1324 1181 gaudet
1341 1128 1394 1166 ab
1415 1129 1499 1167 illo.

47 1183 206 1250 837111111.
233 1184 260 1226 4
291 1200 355 1238 ep.
383 1189 462 1228 2οἓ
510 1187 847 1238 eloquentissimus
873 1188 1051 1232 iuvenis,
1091 1194 1137 1223 ut
1151 1187 1288 1238 fando
1315 1188 1502 1236 comperi,

0 1277 1 1281 ,
43 1242 237 1291 proximis
245 1242 474 1293 facundiae
491 1243 668 1280 calcibus
688 1251 804 1294 urget
812 1250 1035 1294 parentem.
1068 1256 1090 1279 o
1109 1249 1144 1278 te
1163 1242 1336 1287 beatum,
1360 1243 1503 1287 amice,

49 1297 88 1334 εἰ
110 1299 295 1344 vinceris,
324 1312 403 1336 non
433 1305 478 1336 ut
501 1300 542 1336 in
567 1300 737 1350 vulgatis
760 1313 913 1336 νιειρνιε
945 1312 1044 1350 quae
1066 1300 1171 1335 enim
1193 1299 1318 1348 gloria
1334 1298 1461 1334 filium
1479 1310 1502 1334 a

46 1360 158 1404 patre
190 1353 398 1419 superari‘l
445 1361 484 1392 at
507 1368 652 1406 magna
682 1369 703 1392 e
735 1362 881 1392 contra.
939 1356 1043 1391 Plin.
1070 1353 1096 1394 4
1127 1367 1188 1404 οΡ.
1222 1355 1296 1396 15·
1330 1354 1503 1390 Asznius

46 1409 204 1447 Bassus
231 1411 385 1448 iuvenis·
413 1385 598 1462 (nese-iou
597 1425 653 1448 an
679 1411 812 1448 dicam
832 1410 941 1462 quod
956 1424 1018 1447 me
1033 1417 1150 1460 pater
1168 1416 1204 1446 et
1224 1411 1365 1446 sentire
1384 1417 1419 1446 et
1436 1410 1502 1446 di-

23 1478 132 1511 ·cere
170 1466 306 1516 cupit,
350 1466 608 1504 adolescentis
635 1467 872 1504 verecundia
900 1465 1033 1516 vetat)
1072 1468 1157 1516 ipso
1187 1473 1307 1515 patre
1346 1465 1497 1502 melior.

43 1521 160 1558 Paul.
178 1523 340 1559 Diacon.
360 1524 410 1563 9:
440 1522 669 1560 incredibile
688 1530 746 1560 est
765 1530 977 1574 quantum,
1012 1535 1127 1573 quem
1146 1521 1395 1567 imitabatur,
1417 1535 1501 1572 pa-

46 1584 144 1614 trem
172 1579 494 1630 (Vespasianum)
521 1581 715 1616 anteierit.
775 1580 999 1618 Nemesian.
1017 1580 1229 1629 Cynegetst
1258 1591 1328 1614 nec
1347 1585 1500 1614 taceam

19 1635 218 1687 primum
238 1648 340 1686 quae
357 1647 484 1686 nuper
504 1634 610 1672 bella
630 1635 704 1672 sub
724 1642 832 1672 arcto
846 1634 986 1686 felici,
1022 1635 1180 1679 Carme,
1210 1647 1334 1671 manu
1362 1634 1498 1684 conje-

15 1685 159 1736 fceric,
188 1691 273 1741 ipso
285 1704 389 1742 pene
404 1693 516 1741 prior
529 1693 707 1742 genitore
727 1691 810 1729 deo.
872 1690 957 1728 sid.
975 1691 1108 1741 Apoll.
1127 1693 1153 1730 7
1173 1703 1235 1740 ep.
1256 1691 1296 1730 9.
1356 1688 1497 1727 Claud.

35 1743 94 1783 de
124 1745 151 1787 4
178 1748 282 1784 Hon.
316 1748 465 1788 consul.
494 1747 547 1784 ad
571 1746 847 1786 Theodosium
873 1748 978 1797 Aug.
991 1775 1002 1795 ,
1042 1747 1111 1783 ubi
1154 1746 1304 1783 multa:
1345 1747 1497 1795 aspice,

0 1792 14 1837 f
43 1802 261 1853 completur
281 1810 429 1840 votum.
472 1805 554 1841 iam
574 1811 692 1841 natus
709 1804 910 1861 adaequat
931 1811 968 1839 te
989 1804 1153 1847 meritis,
1188 1809 1226 1838 et
1242 1802 1352 1852 quod
1363 1803 1496 1866 magis

3 1865 99 1912 est
132 1858 321 1910 optabile,
358 1860 494 1896 vincit.
536 1861 723 1898 Demrsr.
791 1872 872 1897 non
900 1859 1186 1905 1usfinianum,
1228 1856 1336 1909 quod
1363 1859 1495 1895 visum

0 1896 296 1980 jDempstero,
327 1922 373 1953 ut
402 1917 486 1954 eius
511 1923 628 1953 notae
662 1922 853 1967 arguunt,
882 1916 1103 1966 principem
1127 1913 1241 1961 dicit,
1272 1913 1372 1951 sed
1361 1926 1494 1964 1psum

0 1954 287 2022 Augustum,
318 1984 341 2008 a
373 1984 450 2023 quo
482 1974 600 2009 ceteri
629 1971 705 2009 hoc
731 1970 892 2009 honoris
920 1984 1065 2008 nomen
1084 1970 1348 2007 obtinuerunt.
1404 1971 1493 2006 Au·-

0 2029 147 2078 gusti
166 2040 259 2065 vero
278 2028 547 2066 memorabilis
565 2030 693 2079 pietas
711 2029 754 2064 in
774 2026 1030 2078 exsequenda
1047 2032 1174 2063 morte
1190 2026 1282 2062 Iulii
1299 2026 1489 2072 Caesaris,

18 2089 84 2122 ut
104 2090 143 2120 et
161 2084 314 2121 inferiis
333 2085 370 2120 ei
388 2083 657 2135 procurandis,
686 2084 775 2132 fuit,
806 2085 916 2120 cuius
935 2084 1084 2120 mentio
1105 2080 1212 2147 apud
1228 2079 1490 2118 Claudianum

0 2151 213 2191 quoque
240 2140 403 2176 BAm-n.
462 2141 731 2178 acclamabant
759 2139 1002 2190 principibus
1033 2139 1168 2175 novis.
1200 2136 1366 2187 felicior
1392 2136 1490 2173 Au-

0 2202 172 2251 gusto,
201 2195 338 2232 melior
359 2197 412 2231 sis
440 2196 625 2233 Troiano.
686 2194 778 2232 vide
798 2193 882 2232 Ioh.
901 2194 1092 2232 sarisber.
1112 2193 1291 2244 policrat.
1315 2192 1341 2234 5
1370 2194 1417 2240 8,
1449 2199 1488 2230 et

37 2263 141 2302 quae
161 2252 295 2288 notavi
319 2250 371 2287 ad
392 2250 586 2288 Guutheri
604 2254 627 2291 3
656 2255 696 2292 2.
755 2253 879 2288 Βιττ.

4 2342 9 2347 .
148 2308 218 2348 28.
274 2320 355 2344 11011
385 2309 660 2345 comminiscm
687 2306 784 2358 quid
809 2307 884 2344 sibi
911 2303 954 2346 τὸ
973 2306 1092 2356 prius
1122 2305 1241 2342 velit:
1280 2317 1354 2341 nec
1379 2304 1487 2340 enim

0 2362 123 2403 α110
140 2362 260 2401 modo
281 2365 364 2400 eius
383 2365 604 2414 praesentia
627 2376 726 2414 opus
747 2369 826 2410 est,
856 2369 924 2399 aut
944 2363 1156 2414 quicquam
1174 2372 1250 2412 quo
1272 2358 1316 2397 id
1335 2360 1485 2396 refera-

36 2423 102 2455 tur
127 2425 317 2470 superest.
375 2418 447 2457 sed
463 2418 678 2471 legendum
698 2419 953 2456 arbitramur.
984 2426 1029 2456 ut
1042 2419 1139 2468 pius
1158 2417 1381 2468 ingrediens
1399 2428 1485 2451 cor-

31 2487 114 2524 pus
137 2474 356 2512 miserabile
380 2475 493 2513 vidit.
548 2477 643 2526 pius
672 2477 780 2512 enim
808 2476 891 2513 sive
915 2476 959 2511 in
986 2475 1074 2512 1000
1103 2475 1186 2512 sive
1214 2479 1326 2510 extra
1351 2472 1484 2508 locum

38 2527 241 2580 epitheton
259 2530 426 2569 heroum
442 2539 620 2570 veterum
639 2538 718 2579 est,
750 2544 849 2583 quos
866 2533 1041 2569 imitatur
1057 2529 1236 2568 hocloco
1252 2534 1385 2566 noster
1406 2527 1483 2563 Co-

36 2586 196 2637 rippus;
224 2588 288 2624 cui
302 2586 465 2639 quidem
482 2589 641 2625 nullum
659 2600 784 2639 aeque
801 2588 982 2626 convenit
999 2595 1152 2625 tamen:
1182 2586 1362 2623 maxima
1377 2583 1483 2619 enim

35 2642 162 2692 pietas
180 2656 313 2680 curare
333 2642 551 2682 defunctos.
581 2643 819 2682 Prudentius
838 2643 988 2696 hymno
1007 2642 1248 2694 exsequiali.
1274 2639 1371 2676 haec
1385 2650 1484 2687 pro-

36 2697 132 2736 vida
168 2699 490 2739 Christicolarum
513 2703 645 2752 pietas
675 2701 820 2747 studet,
849 2707 981 2752 utpote
1006 2699 1165 2738 credens
1181 2697 1277 2749 jbre
1300 2694 1486 2745 protenus
