1702 3060
491 81 844 126 IOHANNIDOS
878 82 985 127 LIB.
1019 82 1074 126 Π.
1447 83 1512 129 57

161 191 254 244 igne
276 192 436 241 volans,
467 190 576 231 sidus
595 193 734 231 labens
752 193 795 231 in
816 201 932 232 nocte
953 201 1092 246 putata
1112 201 1185 233 est.

47 259 133 305 430
161 263 342 314 quisquis
365 262 413 299 ab
438 263 585 300 aversis
606 260 706 299 vidit
723 263 893 299 tentoria
915 264 1066 314 campis

160 331 296 378 istius,
327 330 550 379 intremuit,
582 331 797 368 crescentia
817 329 947 367 sidera
970 329 1136 368 credens

160 399 319 436 insolite
339 412 424 436 esse
442 399 561 450 polis.
619 399 763 435 erravit
783 399 919 435 navita
939 399 1090 449 campis

161 467 389 518 aequoreis,
418 467 620 518 nullisque
639 465 769 504 modis
789 478 1026 516 cognoscere
1049 467 1163 515 signa

158 539 253 571 tunc
274 534 421 583 valuit,
453 547 666 587 cursusque
689 534 837 571 reflexa
861 547 994 585 puppe
1013 535 1188 584 negavit.

47 595 128 642 485
211 601 387 653 Pervigil
405 603 631 640 insomnem
651 602 769 640 miles
787 603 1029 654 Maurusque
1051 599 1234 639 trahebat

157 675 329 708 armatus
348 677 527 708 noctem:
560 669 783 708 discurrens
802 669 980 722 tmdique
998 670 1126 708 fossas

156 737 293 774 circuit
305 767 315 786 ,
348 739 512 776 attonita
531 740 684 776 sonitus
703 738 886 788 explorat
907 745 946 775 et
965 751 1073 786 aure,

156 812 294 843 cuncta
315 819 479 855 cavens,
511 820 562 844 ne
583 807 672 858 quis
692 804 853 844 fraudes
873 813 1045 844 tentaret
1062 807 1105 843 in
1125 819 1200 844 usu

154 875 280 911 noctis
302 881 341 911 et
361 873 536 912 indubiis
557 874 721 912 inferret
739 875 892 925 proelia
914 875 1066 912 castris.

43 938 127 983 440
156 939 399 992 discurrunt,
429 943 662 994 vicibusque
683 944 764 980 suis
784 944 953 979 tentoria
970 949 1144 990 servant,

156 1017 196 1048 et
213 1010 365 1048 vicibus
383 1009 588 1061 placidum
606 1010 743 1047 ferrati
762 1017 922 1061 pectore
939 1023 1125 1048 somnum

155 1084 319 1129 carpunt
338 1078 460 1130 inque
477 1078 586 1115 sinus
606 1078 810 1116 flectentes
832 1079 934 1116 colla
954 1085 1165 1130 reponunt.

148 1144 195 1186 hi
215 1146 382 1196 clipeos,
410 1143 616 1197 pharetras
638 1146 708 1182 alii
730 1147 948 1184 cervicibus
971 1153 1108 1198 aptant

152 1214 397 1265 suppositas,
425 1212 641 1266 hastasque
661 1221 797 1252 tenent
819 1228 1026 1267 arcusque.
1087 1213 1272 1253 sedentes

39 1279 121 1325 445
152 1282 312 1320 ensibus
335 1284 488 1331 innixi,
517 1283 650 1320 vultus
669 1283 711 1319 in
731 1290 892 1333 pectora
912 1290 1089 1332 curvant,

151 1364 312 1389 somnus
335 1357 374 1388 et
393 1350 560 1388 adverso
579 1352 650 1388 vix
666 1352 794 1400 tangit
813 1351 968 1389 lumina
992 1365 1115 1389 cornu

151 1418 366 1470 effugiens3
396 1421 621 1470 iterumque
641 1426 759 1469 caput
779 1420 861 1455 iam
878 1420 1040 1471 iamque
1059 1420 1265 1456 remittunt

149 1501 224 1525 nec
245 1488 421 1524 relevare
441 1486 598 1534 valent3
629 1487 765 1523 oculos
788 1485 1056 1540 claudumque
1078 1494 1335 1539 moventque,

149 1555 400 1605 sollicitoque
421 1551 565 1591 cadens
589 1561 799 1605 quassatur
819 1561 978 1606 pectore
999 1563 1154 1593 vertex.

37 1621 121 1665 450
150 1621 246 1660 dum
264 1622 431 1673 vigilant
448 1623 680 1674 variantque
699 1623 806 1660 vices
829 1636 1024 1676 cursuque
1042 1625 1237 1672 laborant,

150 1697 278 1728 cetera
300 1691 383 1727 iam
401 1702 562 1727 somnos
585 1691 721 1728 castris
739 1704 877 1729 secura
897 1692 1082 1730 iuventus

148 1765 306 1811 pectore
329 1758 513 1810 carpebat
529 1756 702 1809 placido.
759 1765 914 1796 tantum
928 1760 1110 1811 improba
1127 1760 1267 1797 Martis

149 1827 254 1864 facta
275 1834 418 1878 gerunt
438 1834 616 1864 mentes:
648 1827 801 1864 animos
819 1828 1018 1865 insomnia
1038 1828 1198 1865 turbant

149 1896 359 1944 sollicitos,
390 1897 599 1948 variasque
619 1893 832 1932 ostendunt
852 1902 967 1932 nocte
988 1895 1148 1946 figuras.

36 1962 119 2007 455
146 1963 264 2001 miles
282 1969 327 2000 ut
345 1964 387 2000 in
406 1970 544 2001 tenero
565 1963 719 2000 laxavit
737 1964 917 2000 membra
938 1976 1092 2015 sopore,

147 2044 234 2069 rore
250 2044 354 2069 novo
374 2033 526 2082 primus
546 2030 719 2068 madidis
739 2032 811 2069 vix
833 2032 949 2068 irruit
967 2032 1041 2069 alis

146 2112 330 2147 somnus,
363 2106 402 2136 et
425 2098 548 2137 effuso
570 2100 764 2137 flaverunt
781 2107 942 2152 pectora
962 2110 1107 2136 cornu:

147 2174 274 2205 castra
296 2168 425 2205 aliena
447 2169 551 2218 rapit
567 2168 682 2205 celsis
706 2167 754 2205 de
774 2167 977 2206 montibus
996 2167 1152 2204 absens.

146 2248 310 2286 corpore
328 2233 473 2275 dormit
489 2236 617 2285 iners,
649 2238 781 2274 animo
802 2243 939 2273 tamen
957 2236 1026 2272 ille
1048 2235 1203 2272 laborat
1234 2274 1238 2277 ,

36 2300 120 2347 460
146 2303 253 2341 bella
272 2316 434 2354 gerens,
463 2304 665 2356 vincitque
686 2302 846 2342 trahens
868 2311 935 2341 aut
953 2304 1137 2342 vulnerat
1155 2302 1327 2354 hostem,

147 2378 215 2409 aut
233 2373 331 2409 vitat
349 2372 476 2423 clipeo
496 2373 698 2409 venientia
718 2373 884 2410 vulnera
903 2379 1040 2410 cautus

147 2441 342 2492 opposito.
398 2453 505 2478 nunc
526 2439 717 2478 dividitur
738 2454 935 2494 sensuque
951 2453 1168 2494 manuque,

34 2577 102 2614 429
124 2578 252 2615 habens
270 2583 302 2618 Τ
315 2587 348 2617 et
364 2595 388 2618 a
404 2582 556 2619 secunda
570 2595 677 2619 manu
693 2585 810 2619 ualens
822 2611 833 2627 ,
857 2583 984 2620 uadens
1000 2585 1041 2620 M
1153 2584 1221 2621 438
1244 2595 1368 2619 canens
1385 2594 1449 2616 neu
1470 2582 1502 2616 Τ

33 2625 102 2678 43Ξζ
123 2624 159 2658 in
173 2626 280 2677 ‹lubiis
296 2630 390 2673 apud
405 2630 446 2664 M
581 2631 651 2665 440
672 2631 832 2667 discurrit
850 2633 883 2665 T
1017 2631 1086 2667 442
1109 2631 1178 2666 suis
1198 2632 1230 2666 T
1355 2629 1423 2663 445
1448 2628 1497 2661 in·

33 2670 122 2704 nixu
146 2671 180 2706 Τ
293 2675 377 2710 ibid.
400 2680 542 2722 pectore
557 2677 653 2724 apud
668 2678 708 2712 M
843 2678 912 2714 448
936 2678 1055 2713 uolunt
1078 2679 1110 2712 Τ
1242 2675 1311 2712 456
1334 2686 1410 2708 mox
1426 2675 1501 2708 MT

33 2715 99 2751 461
123 2716 252 2764 clipeos
271 2721 311 2755 Τ.
