1702 3060
432 111 509 154 DE
542 109 820 156 LAUDIBUS
853 109 1076 155 IUSTINI.
1382 108 1479 156 391

20 236 122 277 que,
160 219 455 262 cumPutschio
485 234 532 259 ac
549 222 809 274 Dempster03
847 228 886 259 et
910 222 966 259 sic
995 218 1211 272 legendum
1236 226 1391 259 notarat
1422 220 1484 258 vir

23 278 168 327 ¹‹huttus
196 279 243 317 in
274 279 454 329 margine
485 279 578 316 libri
611 281 686 316 sui.
746 285 922 316 ceterum
956 291 1036 316 non
1068 291 1155 316 raro
1183 278 1408 328 contingere
1438 283 1485 315 ut

20 348 161 385 moes,
191 347 292 388 quae
310 334 572 386 geminandae
589 335 767 384 fuerant,
813 335 937 373 semel
960 333 1153 372 duntaxat
1175 347 1196 371 a
1220 335 1390 372 librariis
1409 347 1486 385 po-

11 399 236 441 nerentur,
267 390 419 430 dudum
435 392 590 429 monuit
607 393 785 429 Muretus
805 405 888 428 var.
908 391 1000 428 lect.
1024 393 1048 431 6
1073 391 1137 432 14.
1167 393 1326 430 Voucx.
1385 397 1489 428 recte

23 447 218 497 muthius
248 447 434 486 lacunam
461 449 653 499 explevit.
713 449 862 486 Statius
878 446 1026 484 Achill.
1046 449 1073 487 2
1106 449 1204 488 156:
1245 447 1396 498 thyrsos
1407 461 1492 498 pa-

34 506 203 558 »iterque
221 503 356 543 levant
365 506 594 556 pariterque
617 505 834 541 remittunt.
895 505 1026 541 FOGG.

145 562 242 604 816.
299 559 516 613 legendum
538 568 584 598 ut
607 563 788 607 veniunt,
831 561 890 598 uti
911 559 1148 599 cohaereant
1171 558 1339 597 dicenda
1365 558 1494 598 dictis.

23 619 198 660 Mun.

148 675 244 715 317.
303 685 459 711 carmen
477 671 555 711 hoc
574 673 629 710 ita
651 672 906 710 emendatum
931 680 1012 722 est,
1045 687 1135 711 cum
1156 687 1236 711 non
1253 674 1355 711 bene
1373 673 1414 710 in
1434 685 1497 709 ms

39 729 176 772 codice
193 730 411 780 legeretur:
443 736 479 766 et
496 729 671 767 modum.
735 742 812 782 quo
843 730 930 767 loco
956 731 1071 768 nobis
1100 729 1327 769 audendum
1346 727 1499 781 aliquid

40 787 219 841 profecto
237 786 326 835 fuit,
356 793 401 824 ut
417 799 554 824 versus
570 788 657 838 ipsa
677 787 776 824 ratio
798 794 1005 824 constaret.
1036 789 1158 825 Rmz.
1217 786 1411 837 modulos]
1442 787 1500 824 sic

43 856 234 889 excusum
257 843 379 892 bene,
418 855 508 880 cum
525 845 565 880 in
591 844 812 894 exemplari
834 850 936 881 esset
959 851 996 880 et
1014 845 1188 881 modum.
1220 845 1407 881 Drmrs‘r.
1467 849 1503 879 ec

43 900 206 939 modum
223 900 346 936 etiam
362 900 403 936 in
420 912 482 937 ms
501 900 575 937 viri
591 898 695 936 docti
715 899 820 950 apud
839 898 1072 938 Vonckium.
1104 903 1158 938 ita
1173 902 1343 938 restituit
1361 900 1502 937 lectio-

43 969 138 996 nem
155 957 327 1008 priscam
350 962 388 992 et
403 954 570 993 modum
587 954 760 993 Michael
778 957 1008 1006 Asmagi-ius,
1050 970 1131 994 non
1157 958 1242 994 sine
1264 957 1502 1007 Corippiano

45 1011 221 1066 quodam
250 1012 388 1063 geni0;
427 1025 502 1050 nec
534 1010 857 1059 contradicimus,
897 1013 1077 1063 quamvis
1104 1014 1230 1063 possit
1259 1014 1505 1063 ingeniosius

46 1067 201 1122 enquid
221 1069 451 1119 excogitari.
507 1069 548 1104 in
577 1081 639 1105 ms
669 1074 752 1105 erat
779 1075 817 1104 et
843 1069 1018 1106 modum.
1080 1076 1230 1106 motum
1255 1069 1355 1106 forte
1373 1069 1505 1116 malis,

0 1153 2 1170 s
45 1131 92 1165 ut
119 1123 172 1163 ad
198 1137 431 1163 numerosos
458 1124 550 1162 illos
580 1125 746 1175 plausus
771 1125 891 1161 etiam
923 1127 1142 1163 surrexisse
1168 1124 1351 1163 dexteras
1387 1124 1504 1162 dicat.

0 1184 3 1231 f.
49 1195 174 1236 usque
193 1179 292 1219 adeo
315 1188 448 1218 autem
469 1179 665 1218 modulati
684 1182 744 1218 illi
763 1182 926 1232 plausus
949 1189 1081 1230 erant,
1112 1189 1156 1219 ut
1175 1183 1350 1232 integros
1369 1194 1507 1219 versus

0 1236 2 1242 ’
50 1238 341 1292 pronuntiarim
366 1237 462 1275 laeti
491 1244 529 1275 et
547 1238 726 1275 faventes
748 1238 809 1274 illi
830 1239 1020 1286 Quirites,
1066 1239 1194 1290 qualis
1224 1246 1282 1276 est
1306 1251 1328 1275 a
1344 1239 1509 1276 Tertul-

51 1296 159 1335 liano
179 1300 445 1332 memoratus.
490 1293 539 1331 de
565 1295 707 1331 nostris
736 1308 855 1331 annm
883 1293 957 1330 tihi
985 1296 1167 1345 Iuppiter
1191 1301 1340 1346 augeat
1365 1307 1506 1331 annos.

54 1350 163 1406 quod
178 1357 312 1388 autem
333 1349 382 1387 de
399 1355 512 1388 motu
532 1349 632 1398 dixi,
662 1349 827 1402 pulchre
846 1351 975 1388 firmat
994 1365 1093 1388 mox
1116 1351 1234 1403 (318)
1260 1351 1309 1388 de
1328 1351 1512 1388 omnibus

53 1408 244 1447 membris
265 1405 421 1444 dicens.
452 1420 559 1443 nunc
581 1407 704 1443 szmul
716 1421 758 1444 er
759 1409 868 1453 ecc-is,
902 1409 1039 1457 pronis
1055 1422 1164 1445 nunc
1177 1409 1309 1445 ardua
1330 1407 1514 1444 membris

55 1465 158 1504 dant
168 1464 317 1514 capita.
351 1476 471 1515 quem
482 1475 635 1500 morem
647 1465 867 1501 solemnem
882 1464 1003 1502 fuisse
1018 1466 1244 1502 testimonio
1261 1471 1319 1502 est
1336 1466 1515 1502 omnium

56 1535 130 1574 par
146 1527 299 1568 motus,
342 1531 463 1571 quem
482 1520 685 1571 subiungit
708 1520 852 1572 (319):
892 1521 1087 1558 accedunt
1106 1522 1262 1571 pariter
1288 1522 1518 1571 parcterque

59 1577 261 1626 recedunt;
282 1576 425 1628 quibus
441 1576 570 1614 verbis
590 1577 631 1612 in
652 1576 913 1614 similitudine
935 1578 983 1614 ab
1003 1576 1120 1615 undis
1137 1585 1293 1629 sumpta
1312 1583 1518 1628 permanet

61 1635 267 1686 Corippus,
296 1639 341 1670 ut
359 1639 398 1670 et
414 1633 463 1671 iis
481 1633 611 1671 verbis
633 1632 774 1685 (320):
802 1634 968 1685 fertque
992 1634 1188 1685 refertque
1208 1633 1376 1686 globum
1399 1633 1522 1671 moles

61 1690 257 1730 condensa
279 1690 467 1727 virorum.
527 1690 694 1727 Bima.

177 1749 274 1788 821.
334 1746 594 1784 subiiciuntur
624 1745 725 1790 duae
752 1747 1063 1798 comparationes
1084 1759 1177 1784 sane
1196 1748 1371 1784 suaviter
1388 1746 1525 1798 prola-

66 1809 145 1852 tae,
172 1801 294 1841 modo
312 1802 432 1840 verba
450 1800 528 1840 duo
544 1809 753 1855 utramque
772 1816 853 1840 non
870 1804 1051 1855 paullum
1072 1802 1373 1851 adtaminarent,
1402 1803 1527 1840 nimi-

67 1873 157 1898 rum
175 1858 350 1897 exaltata
367 1860 579 1896 cacumina
605 1872 677 1911 pro
696 1861 835 1897 erectis
856 1867 894 1898 et
913 1867 1030 1898 vento
1048 1860 1282 1908 sublevatis,
1324 1867 1362 1896 et
1382 1858 1527 1897 deinde

67 1930 109 1955 v.
133 1918 214 1959 829
245 1916 462 1952 mansuetis
480 1915 684 1966 planatus
713 1917 847 1967 aquis5
884 1917 1029 1970 quibus
1057 1916 1333 1954 infelicitatem
1364 1917 1526 1964 saeculi,

68 1985 151 2012 non
168 1979 369 2011 auctorem
388 1972 572 2023 imputes.
629 1974 796 2011 Burni.

185 2028 281 2070 325.
337 2041 482 2080 nempe
512 2042 536 2066 a
563 2029 821 2079 Silentiariis,
866 2042 965 2082 quos
983 2027 1175 2080 Agathias
1202 2030 1272 2066 lib.
1297 2030 1322 2071 5
1355 2028 1531 2079 appellat

71 2101 168 2135 τους
183 2082 391 2133 ἐπιστάτας
409 2088 482 2137 τῆς
497 2101 605 2137 αμφι
622 2083 692 2127 τόν
713 2086 877 2139 βασιλέα
896 2088 1021 2138 σιγῆς.
1078 2087 1208 2124 Foco.

187 2144 283 2184 326·
341 2141 526 2194 clamosi]
564 2143 743 2180 imitatur
759 2144 1012 2182 Ausonium
1000 2156 1041 2179 1n
1063 2141 1265 2193 epitaphio
1288 2141 1380 2192 equi
1402 2139 1530 2177 admi-

75 2199 232 2237 rabilis:
272 2197 502 2248 Phosphore
531 2197 697 2236 clamosi
716 2214 904 2249 pannosa
922 2212 1001 2249 per
1030 2212 1203 2249 aequora
1237 2199 1354 2235 Circi.
1414 2198 1532 2233 Mart.

75 2261 168 2294 ante
183 2261 395 2306 utrumque
416 2255 470 2296 10
493 2256 569 2295 53·
600 2254 765 2293 clamosi
776 2256 910 2307 gloria
934 2256 1042 2293 circi.
1094 2256 1331 2295 Iuven.10:
1363 2253 1535 2290 clamoso

77 2312 254 2350 incutere
272 2312 388 2349 σίτου.
447 2311 635 2350 Drurs'r.

190 2370 288 2410 330·
347 2367 565 2419 distingue:
599 2395 682 2405 .....
708 2374 802 2405 tunc
821 2367 917 2405 solis
933 2368 1078 2406 honore
1095 2368 1229 2405 omnia
1252 2366 1382 2412 clara,
1422 2366 1538 2402 silent

40 2446 49 2452 ›-
81 2430 154 2462 ete.
213 2425 271 2463 sic
286 2422 313 2465 4
331 2423 415 2468 264
431 2431 470 2462 et
487 2424 583 2465 289.
641 2425 772 2463 Foco.

195 2481 291 2523 331.
349 2480 612 2519 distinctionis
644 2480 740 2519 ordo
772 2494 862 2518 cum
891 2482 1028 2532 paulla
1055 2478 1274 2518 mutatione
1299 2481 1353 2517 ita
1378 2478 1541 2516 concin-

82 2534 265 2575 mndus:
295 2543 391 2575 tunc
409 2538 503 2575 solis
523 2537 668 2575 honore
687 2539 821 2575 omnia
844 2537 956 2575 clara
982 2538 1102 2575 silent
1121 2536 1349 2589 tranquillis
1368 2546 1543 2585 aequora

37 2640 43 2655 ἦ
50 2594 201 2644 ripis:
222 2601 266 2631 ιιι
283 2593 432 2632 clamor
449 2608 537 2646 mab
523 2609 622 2632 onus
633 2595 797 2646 popula,
814 2596 1074 2647 ss'sttepztusque
1091 2608 1199 2646 quzet
1203 2596 1258 2640 it,
1275 2600 1348 2631 etc.
1378 2590 1563 2629 BAnrn.

30 2659 42 2669 ”
86 2661 150 2688 ms
174 2656 224 2688 εἰ.

203 2707 299 2748 836.
358 2707 514 2759 caedes]
545 2706 701 2746 videtur
717 2705 927 2760 prohibere
945 2706 1222 2759 gladiaturam,
1257 2700 1478 2743 sublatam·
1467 2713 1548 2737 iam

92 2761 258 2815 quidem
276 2767 394 2802 antea
409 2764 547 2803 multis
571 2765 935 2814 constitutionibus,
975 2778 998 2802 a
1019 2762 1204 2812 Claudio,
1234 2762 1344 2801 Suet.
1367 2772 1402 2796 c,
1419 2757 1497 2806 21,
1527 2769 1551 2793 a
