1702 3060
442 82 517 126 DE
549 81 820 128 LAUDIBUS
853 80 1073 126 IUSTINI.
1376 77 1473 126 455

37 192 189 231 unitate
218 191 472 231 substantiae.
526 191 754 231 Patet-culus
781 194 806 234 1
837 191 889 234 14
919 189 968 229 de
995 189 1157 229 coloniis
1185 189 1417 228 militaribus
1452 202 1475 227 a

38 249 174 300 Sylla,
203 249 304 286 Iulio
330 249 515 296 Caesare,
546 250 760 286 triumviris
779 254 818 285 et
831 249 1009 299 Augusto
1027 246 1224 295 deductis,
1256 258 1356 298 quae
1380 246 1475 297 Syl-

38 304 176 354 lanae,
204 305 350 354 Iuliae,
379 305 639 343 triumvirales
666 312 705 342 et
729 306 930 355 Augustae
951 303 1296 354 nuncupabantur,
1326 301 1476 341 milita-

35 361 160 406 rium,
187 361 337 412 inquit3
368 367 404 397 et
437 374 582 398 causae
608 367 645 397 et
671 367 847 397 auctores
876 367 912 396 et
933 361 1111 410 ipsarum
1126 358 1383 410 praefulgent
1402 371 1477 394 no·-

37 416 161 453 mina.
221 429 245 453 a
260 415 456 467 theologis
474 429 568 453 vero
590 415 715 454 disces
734 415 956 453 divinarum
973 428 1228 466 personarum
1246 414 1318 451 filii
1337 420 1375 451 et
1391 415 1474 464 spi-

37 473 134 508 ritus
160 473 284 508 sancti
317 472 584 509 emanationes
611 485 682 510 seu
709 473 978 522 processiones
1014 485 1066 508 ex
1095 478 1226 522 patre,
1262 465 1475 519 ἐκφανσεις

37 526 291 579 effulgentia&
317 528 550 579 plerumque
573 528 758 565 ecclesiae
778 529 948 565 Graecae
969 526 1145 564 doctores
1166 527 1406 577 appellasse3
1437 532 1476 562 et

36 582 202 620 docente
228 583 271 621 S.
288 581 503 620 Athanasio
530 585 571 620 in
598 584 698 621 libro
717 582 766 620 de
784 585 958 621 Decretis
976 582 1117 634 synodi
1135 584 1327 620 Nicaenae
1339 611 1351 630 ‚
1381 582 1475 618 nul-

35 637 122 678 lum
141 638 296 678 videtur
315 652 395 676 ease
417 641 550 689 aptius
570 653 618 676 ac
638 639 731 676 solias-
751 646 788 675 et
804 640 1021 690 splendoris
1041 639 1258 689 exemplum
1277 639 1334 675 ad
1350 637 1476 687 expli-

36 693 206 732 eandam
235 694 300 732 dei
320 708 579 745 personarum
599 694 875 745 pluralitatem
903 697 946 732 in
971 695 1137 740 unitate,
1166 695 1261 746 quia
1292 694 1361 731 lux
1384 701 1476 730 ante

35 749 279 801 splendorem
295 764 374 788 non
392 752 536 796 existit,
565 764 636 787 nee
654 750 838 801 splendor
854 765 881 788 a
900 751 985 788 luce
1004 752 1182 801 separari
1196 757 1342 800 potest,
1371 762 1478 787 sem-

34 819 108 857 per
125 806 218 844 licet
237 819 397 846 necesse
419 808 469 844 sit
485 820 644 845 omnem
667 820 893 858 corpoream
913 808 1189 857 cogitationem
1209 819 1231 843 a
1253 805 1384 843 divina
1406 819 1478 855 gc·-

35 863 238 900 nen-atione
257 874 402 912 arcere,
435 875 524 901 cum
539 863 658 915 plane
674 870 875 917 nequeant
893 864 1110 915 comparari
1125 861 1298 902 humana
1318 861 1475 900 divinis.

5 935 8 943 ·
32 917 164 956 Fece.

145 987 242 1028 300.
296 985 409 1036 lege:
435 992 570 1035 sponte
589 999 663 1023 sua
679 999 794 1023 verus
802 985 1018 1037 factorque
1037 992 1073 1023 et
1091 986 1266 1024 eonditor
1285 984 1390 1023 orbis·
1396 984 1476 1035 fiz-

35 1047 123 1078 ctus
141 1041 254 1079 homo
273 1048 339 1078 est.
401 1043 548 1079 etenim
567 1054 702 1079 verum
717 1041 910 1079 hominem
931 1043 1092 1094 opponit
1108 1055 1197 1080 vero
1217 1042 1301 1079 deo.
1357 1053 1477 1092 quam

33 1103 168 1134 autem
195 1094 241 1138 τό
266 1098 375 1135 venit
392 1095 458 1134 hic
483 1097 673 1134 miserum
700 1096 883 1148 languet!
913 1100 1071 1138 Voncx.
1127 1094 1173 1138 ‘to'
1199 1099 1330 1142 venit,
1370 1095 1477 1148 quod

0 1180 2 1182 -
33 1151 164 1190 iudice
205 1151 384 1192 Vonckio
426 1153 588 1203 languet
605 1182 616 1202 ,
669 1154 836 1191 multam
872 1153 973 1191 mihi
1010 1153 1165 1191 videtur
1198 1152 1344 1190 habere
1378 1154 1476 1189 vim.

32 1215 169 1261 sponte
184 1210 306 1247 venit.-
335 1221 431 1245 nam
448 1208 604 1245 oblatas
625 1217 697 1255 est,
716 1211 810 1261 quia
827 1211 910 1261 ipse
926 1210 1068 1255 voluit,
1093 1211 1143 1248 Is.
1164 1209 1217 1251 53
1246 1211 1286 1251 7.
1343 1208 1478 1245 confer

31 1263 119 1304 Ioh-
135 1268 164 1307 2
190 1267 267 1314 20,
298 1263 350 1302 ad
368 1265 455 1305 Gal.
475 1267 503 1305 2
532 1268 606 1313 20,
637 1264 687 1302 ad
705 1266 825 1303 Hebr.
843 1269 895 1307 10
923 1269 962 1308 7.
1019 1267 1148 1303 Fons.

53 1378 55 1380 ¹
142 1331 238 1374 304.
294 1332 498 1383 omnique]
529 1332 571 1368 in
597 1333 775 1382 margine
801 1331 930 1368 fuerat
946 1345 1217 1384 pneumaque,
1252 1336 1384 1368 contra
1410 1343 1474 1367 re-

29 1386 144 1438 gulas
164 1388 326 1439 originis
347 1394 386 1425 et
407 1400 502 1425 usus
525 1386 720 1425 dictionis.
762 1387 1012 1425 retinendum
1033 1389 1228 1439 omnique.
1287 1388 1474 1424 Dmn‘sr.

142 1451 197 1491 ib.
256 1455 347 1506 lege
386 1453 614 1505 hominique
639 1454 818 1506 profecto
854 1454 1080 1492 consimilis.
1143 1466 1196 1491 ex
1240 1452 1473 1505 compendio

29 1509 245 1560 scripturae
275 1523 382 1548 error
408 1510 561 1548 obvius.
618 1523 736 1561 supra
761 1511 943 1549 similiter
966 1523 1102 1547 terum
1130 1510 1327 1548 hominem
1357 1508 1475 1546 Chri-

29 1571 137 1605 stum
161 1564 337 1615 dixerat,
365 1579 496 1618 neque
523 1565 718 1603 destitisse
741 1573 875 1603 tamen
892 1580 1027 1604 vetum
1047 1566 1162 1603 deum
1184 1578 1290 1613 esse,
1320 1579 1358 1602 v.
1378 1567 1474 1613 300,

29 1620 246 1662 dummodo
277 1629 315 1660 et
341 1622 410 1660 ille
437 1623 547 1660 locus
567 1629 671 1659 recte
689 1623 855 1672 legatur.
913 1629 1086 1659 ceterum
1105 1623 1317 1672 Corippum
1339 1615 1474 1658 imita-

27 1683 93 1716 tus
123 1677 200 1715 fuit
226 1677 452 1717 Guntherus
468 1679 603 1729 Ligur.
626 1678 652 1719 5
681 1680 782 1720 154.
813 1678 986 1715 instabat
1015 1678 1239 1716 veneranda
1265 1677 1364 1722 dies,
1393 1691 1474 1729 qua

38 1733 217 1774 Christus
241 1735 286 1771 in
311 1748 395 1772 una
420 1734 604 1785 aequali-s·
626 1734 770 1772 deitate
780 1735 911 1784 patri,
941 1735 1025 1771 sine
1043 1735 1224 1784 temporis
1247 1740 1335 1770 ortu
1354 1739 1474 1769 natus

28 1787 82 1827 ab
109 1796 283 1836 aeterno,
311 1789 384 1828 sub
406 1797 572 1840 tempore
592 1792 774 1840 temporis
791 1797 929 1827 auctor
947 1789 1110 1827 caelitus
1127 1789 1264 1840 infima
1285 1789 1411 1825 voluit
1427 1789 1476 1825 (le

28 1846 185 1896 virgine
209 1847 333 1883 nasci.
393 1844 485 1883 vide
515 1859 616 1898 quae
642 1845 748 1897 apud
775 1859 867 1883 eum
890 1852 1125 1897 sequuntur,
1155 1857 1334 1897 quaeque
1356 1857 1474 1895 prae-

28 1907 230 1939 cesserunt
247 1903 290 1939 in
310 1901 501 1953 Corippo;
532 1901 734 1953 adparebit
753 1902 868 1939 clare.
911 1902 1064 1949 confer,
1094 1903 1128 1938 si
1143 1902 1275 1948 lubet,
1303 1902 1472 1938 Venant.

26 1957 286 1995 Fortunatum
304 1956 352 1994 de
371 1965 487 2008 partu
504 1959 612 2008 Virg.
631 1971 668 1998 v.
691 1960 742 1999 37
763 1965 801 1995 et
819 1970 929 2009 seqq.
957 1959 1118 1996 Voxcn.
1172 1969 1305 1995 meam
1334 1969 1473 1994 emen-

29 2011 231 2052 dationem
259 2013 604 2065 (omnimodeque)
633 2014 762 2051 libens
780 2027 933 2052 revoco.
989 2014 1078 2063 lege
1099 2026 1188 2049 cum
1204 2010 1380 2051 Vonckio
1398 2011 1472 2048 Ιιο-

29 2069 217 2119 minique.
249 2070 380 2113 Fons.
437 2070 480 2108 S.
501 2070 675 2108 Hilarius
693 2069 764 2106 lib.
779 2073 804 2111 3
826 2068 874 2106 de
894 2070 1088 2106 Trinitate
1109 2065 1131 2119 ξ
1152 2070 1226 2108 23:
1257 2067 1326 2104 deo
1345 2067 1472 2104 simile

27 2123 189 2175 aliquid
214 2137 309 2170 esse,
338 2126 417 2162 nisi
435 2125 543 2176 quod
560 2138 606 2161 ex
625 2139 664 2162 se
684 2126 772 2170 erit,
802 2139 881 2162 non
903 2131 1045 2175 potest.
1106 2125 1147 2163 S.
1169 2125 1272 2173 Aug.
1293 2126 1320 2163 2
1339 2130 1472 2161 contra

26 2181 316 2219 Maximinum:
345 2194 460 2217 verus
488 2181 552 2218 dei
562 2181 683 2228 filias
705 2187 741 2216 et
758 2182 876 2217 unius
895 2194 986 2218 cum
998 2187 1116 2231 patre
1134 2178 1376 2216 substantiae
1398 2187 1471 2224 est,

28 2236 127 2289 quia
142 2235 383 2287 verus-filius
401 2243 473 2282 est,
502 2243 540 2272 et
551 2250 628 2287 per
644 2237 776 2274 omnia
796 2243 851 2274 est
864 2237 978 2287 patri
992 2235 1149 2282 similis,
1172 2236 1266 2287 qaia
1282 2234 1346 2272 dei
1351 2235 1472 2283 filiu-s·

27 2298 96 2331 est.
155 2293 288 2331 Foco.

140 2361 235 2402 309.
292 2359 451 2410 honori]
480 2358 620 2397 malim
641 2358 798 2397 honore.
837 2360 996 2397 Voncx.
1072 2358 1248 2409 honoris]
1281 2356 1470 2395 emenda-

28 2415 178 2452 tionem
194 2413 297 2453 hanc
313 2428 446 2453 meam
461 2415 715 2466 comprobant
735 2416 812 2453 alia
825 2415 984 2466 Corippi
1002 2415 1114 2452 loca:
1145 2415 1200 2452 sic
1221 2415 1326 2451 enim
1340 2415 1362 2453 1
1391 2415 1470 2455 127

29 2484 169 2521 nomen
193 2471 386 2510 honorum
404 2478 442 2510 et
461 2473 486 2511 3
517 2473 599 2513 332
626 2473 731 2509 senio
748 2471 906 2508 honoro.
940 2473 1070 2509 Focc.
1126 2483 1188 2508 ms
1205 2470 1354 2507 honori.

137 2539 236 2579 321.
290 2539 334 2577 in
353 2551 414 2576 ms
433 2536 565 2575 codice
585 2553 706 2590 quam
720 2551 791 2590 pro
811 2552 902 2575 cum
919 2538 978 2575 bis
999 2544 1037 2575 et
1052 2545 1205 2574 amator
1220 2550 1291 2587 pro
1310 2543 1469 2573 amatur

30 2592 239 2644 mendose,
281 2607 358 2632 nisi
381 2593 526 2632 iudicio
551 2602 685 2633 nostro
709 2595 906 2642 fallimur,
946 2594 1161 2644 legebatur.
1226 2599 1342 2644 atque
1370 2590 1468 2628 haec

31 2648 192 2702 quidem
221 2663 245 2689 a
270 2651 384 2690 nobis
411 2652 454 2689 in
486 2651 699 2703 Corippum
729 2651 931 2690 observata
959 2663 1030 2703 pro
1054 2656 1186 2687 nostro
1208 2655 1347 2700 captu,
1376 2660 1466 2685 cum
