1702 3060
268 199 397 229 xxxiv
760 183 1201 227 MAZZUCCHELLII

270 301 404 332 autem
427 299 520 331 nota
549 293 694 329 eruitur
722 290 799 329 hoc
823 296 965 343 poema
993 292 1180 343 scriptum
1203 291 1323 328 fuisse
1344 291 1484 328 saltem
1505 302 1542 327 a.
1567 291 1643 331 138
1672 299 1692 335 ξ

270 373 317 397 eo
345 361 450 396 enim
478 371 579 395 anno
603 357 711 395 idem
732 359 896 396 Carolus
923 372 996 396 rex
1020 359 1203 409 Neapolis
1236 365 1274 395 et
1302 358 1523 408 Hungariae
1546 355 1694 399 occisui

270 426 359 462 fuit.
415 427 457 462 in
481 438 622 475 genere
648 425 912 462 animadverto
932 426 1044 476 plura
1067 423 1116 461 ad
1137 424 1340 462 historiam
1359 425 1501 462 Arretii
1521 430 1559 460 et
1576 414 1700 474 totiujs

270 493 406 528 Italiae
436 493 479 528 iu
508 490 616 528 hisce
644 492 878 529 carminibus
908 493 1101 543 expiscari
1127 505 1267 542 posse,
1298 504 1399 544 quae
1426 502 1516 528 cum
1539 487 1589 526 ad
1611 499 1697 528 rem<

269 565 443 596 nostram
466 557 569 594 nihil
594 559 781 607 referant,
811 559 978 596 libenter
1004 565 1217 610 praetereo.
1275 556 1416 595 deinde
1443 557 1504 594 bis
1531 549 1697 594 occurri}

267 625 311 661 in
337 623 414 661 hoc
443 623 575 662 codice
599 626 863 676 fragmentum
893 627 983 663 libri
1006 629 1027 666 1
1061 626 1103 663 V
1097 627 1317 662 iscontinae.
1380 623 1548 674 denique
1575 620 1698 659 habes>

270 702 400 727 rursus
429 693 547 728 etiam
586 693 721 728 Italica
755 694 947 741 carmina,
993 693 1180 737 canzoni,
1229 692 1370 728 terzine
1402 691 1485 727 sive
1519 684 1694 737 capitoli)

270 755 415 792 ballate
422 783 439 800 ,
468 759 617 794 sonetti.
678 770 777 808 quae
794 765 926 795 tamen
948 761 1078 796 omnia
1096 771 1175 795 non
1193 771 1302 796 secus
1323 770 1367 794 ac
1387 756 1527 794 Latina
1543 762 1702 790 merum¹

268 835 334 858 rus
361 823 481 859 olent.
539 835 636 874 quas
669 825 757 860 Itali
789 826 988 874 appellant
1019 827 1205 870 cunzoni,
1235 823 1283 861 de
1305 824 1426 860 Bonis
1451 827 1565 860 vocat
1591 821 1696 857 Can-

269 887 408 924 tilerias
415 915 432 932 ,
460 895 503 924 ut
530 889 736 925 cantilena
768 891 927 927 moralis
958 891 1126 928 eiusdem
1147 891 1183 928 I.
1209 891 1261 926 L.
1287 890 1332 927 de
1349 890 1475 926 Bonis
1494 887 1541 924 de
1558 886 1695 924 Aretio

267 953 316 989 de
347 955 537 989 creatione
567 952 677 988 Sexti
695 964 803 1000 pape
835 953 1008 998 Urbani,>
1051 958 1167 989 aher-a
1201 957 1248 992 de
1274 954 1600 992 commendatione
1626 953 1696 990 Ia-

267 1021 472 1056 nuensium
480 1047 496 1064 ,
531 1031 743 1069 eorumque
774 1017 883 1055 ducis
910 1019 1128 1055 Antoniotti
1146 1017 1316 1066 Adurni,
1346 1021 1594 1058 liberantium
1619 1020 1698 1055 Ur—

269 1084 416 1123 banum
441 1092 590 1122 sextum
619 1091 861 1121 carceratum
891 1086 934 1121 in
963 1086 1116 1121 noceria
1138 1085 1185 1122 de
1207 1085 1430 1122 christiani-s*
1459 1086 1550 1135 (vel
1567 1085 1696 1136 potius

267 1152 315 1189 de
331 1149 538 1202 Paganis)
562 1164 637 1200 per
655 1151 856 1188 Kamlam
886 1151 933 1187 de
963 1151 1132 1198 durazo;
1163 1159 1201 1189 et
1232 1152 1293 1188 bis
1327 1149 1522 1187 cantilena
1549 1151 1592 1186 in
1619 1162 1697 1200 qua

266 1218 468 1254 Florentia
497 1218 742 1267 conqueritur
768 1219 872 1255 intra
898 1231 938 1255 se
960 1220 1054 1269 quia
1077 1219 1310 1269 questionem
1320 1216 1422 1268 ficit
1442 1230 1531 1254 cum
1545 1217 1692 1266 vipera.

266 1283 309 1320 fit
330 1286 373 1322 in
393 1283 533 1321 eadem
550 1285 698 1322 mentio
724 1282 771 1320 de
791 1291 914 1322 morte
935 1286 1087 1322 comitis
1108 1278 1444 1332 Armeniacensis',
1476 1295 1575 1335 quae
1601 1295 1695 1320 con-

265 1352 355 1401 tigit
374 1363 410 1388 a.
435 1352 561 1398 1391,
592 1357 630 1387 et
649 1349 697 1387 de
714 1351 810 1400 fuga
825 1350 1010 1389 Iohannis
1026 1349 1184 1401 Augud.
1241 1363 1330 1387 cum
1359 1357 1490 1388 autem
1515 1349 1564 1387 de
1586 1351 1695 1400 prio-

265 1417 319 1453 ris
347 1422 472 1454 morte
501 1428 583 1452 non
612 1416 712 1452 bene
744 1417 846 1453 inter
864 1430 905 1454 se
926 1416 1134 1454 concordes
1159 1419 1236 1455 sint
1255 1416 1452 1467 historici,
1480 1415 1546 1455 hic
1567 1417 1695 1455 obiter

265 1483 463 1532 proferam
482 1493 582 1533 quae
603 1480 753 1519 ibidem
771 1481 819 1519 de
837 1489 1002 1535 utroque
1017 1483 1221 1534 leguntur,
1249 1495 1412 1535 nempe:

429 1547 702 1593 convocando,
732 1548 766 1585 il
783 1556 891 1586 conte

425 1614 716 1664 darmignaclza
733 1615 881 1666 gentile
887 1615 1047 1666 famoso
1067 1617 1142 1652 sire

431 1680 500 1718 che
519 1681 638 1717 morir
654 1681 782 1727 volse,
810 1683 968 1718 innanti
989 1682 1057 1718 che
1065 1682 1221 1733 fugire.

477 1746 651 1784 Iohanni
668 1748 805 1799 agad,
838 1747 936 1785 chen
956 1762 1078 1799 segna
1087 1774 1104 1794 ,
1135 1750 1179 1785 ai
1189 1749 1366 1799 garzoni.

429 1821 466 1850 et
480 1813 641 1864 guarda
653 1815 730 1864 piu
745 1814 866 1852 alutil
882 1815 1070 1853 calomre.

428 1893 477 1918 ne
483 1881 543 1931 su
561 1881 709 1917 caciato
720 1880 825 1931 fore.

427 1947 471 1984 in
489 1948 649 1998 magiur
658 1947 786 1998 fietta
795 1975 813 1993 ‚
843 1946 913 1984 clze
931 1960 1010 1984 non
1028 1948 1092 1984 ari
1111 1947 1253 1985 voluto.

430 2026 496 2050 ma
507 2027 590 2063 pur
606 2015 716 2064 sagio
737 2041 745 2050 .
769 2021 804 2050 et
820 2020 961 2050 astuto.

428 2093 468 2117 se
478 2081 591 2130 parti
611 2080 803 2129 operando
817 2080 883 2131 gli
901 2081 1065 2130 speroni.

261 2145 305 2181 in
324 2145 401 2182 alia
418 2143 645 2184 huiusmodi
665 2146 861 2184 cantilena
876 2146 1033 2198 Aquila
1051 2146 1224 2198 loquitur
1239 2147 1369 2196 vspere
1383 2146 1690 2198 congratulando

261 2223 390 2248 secum
419 2212 524 2262 quod
536 2213 658 2264 sacta
685 2219 741 2250 est
769 2214 944 2251 Duc-issa
968 2213 1201 2251 Mediolani.
1262 2226 1315 2251 ex
1338 2214 1479 2265 quibus
1500 2215 1625 2264 magis
1645 2225 1691 2252 ac

261 2279 388 2328 magis
418 2279 543 2316 elucet
573 2278 630 2316 ad.
652 2293 863 2331 quamnam
891 2281 1048 2331 proprie
1083 2287 1251 2318 aetatem
1274 2287 1424 2331 spectet
1449 2278 1516 2317 hic
1543 2287 1690 2319 auctor.

259 2343 343 2381 fere
363 2343 414 2381 ad
435 2346 582 2382 calcem
602 2345 745 2384 codicis
771 2354 829 2384 est
854 2348 974 2384 oratio
995 2347 1135 2384 Latina
1157 2347 1208 2385 ad
1228 2346 1366 2385 ducem
1382 2346 1617 2396 Mediolani,
1646 2353 1691 2385 ut

259 2422 397 2460 pacem
425 2410 591 2461 deneget
616 2413 864 2451 FlorentinIS.
922 2426 968 2451 ea
995 2413 1150 2452 videtur
1177 2428 1261 2452 esse
1289 2413 1466 2452 eiusdem
1489 2413 1537 2451 de
1553 2415 1688 2463 Bonis,

259 2476 334 2512 etsi
359 2477 442 2514 eius
465 2490 611 2515 nomen
635 2477 700 2515 hic
726 2480 839 2516 absit.
896 2479 1081 2519 claudunt
1111 2480 1280 2532 denique
1301 2464 1476 2518 codicem
1491 2480 1519 2522 4
1539 2482 1689 2532 priores

259 2542 428 2592 Eclogae
444 2542 675 2582 Petrarchae
695 2558 784 2583 cum
804 2549 1080 2585 commentario
1100 2548 1254 2598 incepto
1277 2554 1431 2586 tantum
1451 2545 1504 2585 ad
1520 2549 1688 2598 primam

259 2608 466 2659 Eclogam,
493 2611 537 2647 iu
555 2624 632 2663 quo
653 2610 751 2650 haec
767 2613 972 2663 leguntur:
1002 2615 1188 2651 Monicus
1207 2621 1263 2651 esc
1280 2615 1493 2652 collucutor
1515 2642 1524 2652 .
1547 2621 1583 2651 et
1605 2614 1689 2652 Sil-

258 2676 346 2712 vias
368 2702 377 2712 .
401 2683 436 2712 et
452 2690 583 2714 monos
604 2705 613 2714 .
638 2685 693 2716 est
713 2679 836 2716 dicere
851 2679 957 2716 solas
980 2707 990 2717 .
1017 2694 1110 2718 acas
1128 2695 1243 2732 grece
1263 2709 1274 2719 .
1297 2684 1418 2719 tristis
1433 2694 1512 2732 pro
1531 2694 1606 2733 quo
1622 2681 1687 2717 in-

257 2742 568 2795 telligefratrem
579 2758 627 2796 p.
647 2747 718 2797 qui
732 2753 817 2785 erat
836 2748 1013 2786 monicus
1032 2749 1281 2787 cartusiens&
1305 2776 1314 2786 .
1331 2762 1408 2800 pro
1429 2748 1555 2788 Sdusb
1570 2739 1698 2787 intel·->
