1702 3060
255 121 354 169 446
661 125 844 169 NOTAE
875 125 933 170 IN
965 121 1176 172 LIBRUM
1207 125 1270 172 IV
1648 0 1691 148 ἲ

256 234 402 270 Houor.
420 231 565 270 consul}
581 231 593 269 τ’
621 246 724 270 more
748 233 903 271 Gabino
920 234 1085 272 discolor
1104 236 1258 273 incedat
1273 237 1385 288 legio.
1411 235 1467 276 ‘de
1483 241 1508 280 6
1525 241 1674 280 Honor.

256 289 432 325 consuL:
473 287 684 338 habituque
715 288 886 326 Gabino.
945 290 1140 328 Serv.‘ad
1158 293 1256 330 Aen.
1276 295 1326 342 7,
1367 291 1505 332 Isidor.
1533 297 1583 336 19
1605 294 1672 344 24,

256 344 339 380 alii.
394 344 578 380 Dsmrs'r.

369 399 460 438 128.
516 398 669 434 nullum
687 395 844 435 hercule
866 412 1022 437 sensum
1051 406 1282 452 extorquere
1299 401 1432 451 valeo,
1469 403 1537 454 qui
1563 415 1674 443 meus

255 453 354 488 forte
374 459 506 502 stupor
530 451 607 489 est!
666 466 738 490 nec
763 457 949 491 succurrit
971 454 1171 506 quidpiam
1193 458 1254 492 cui
1274 458 1411 494 merito
1436 456 1674 510 adquiescas.

256 519 307 542 an
334 506 460 544 denuo
491 510 531 544 in
556 514 722 544 metrum
753 512 920 558 peccarit
946 511 1155 561 corippus,
1192 517 1229 547 et
1248 511 1477 561 legendum:
1507 514 1616 550 cuius
1639 521 1676 550 et

256 563 441 598 amiciens
459 561 645 599 radiabat
657 577 836 612 purpura
854 565 1046 614 gemmis?
1082 572 1125 603 ut
1145 579 1279 603 verum
1298 568 1434 615 fatear,
1465 580 1545 604 non
1566 575 1675 618 puto.

257 616 523 668 ampliandum
542 619 688 668 itaque.
745 620 902 656 Voucx.

365 672 417 709 ib.
478 675 519 709 in
538 674 733 722 superlore
752 687 868 711 versu
887 675 1125 724 cinctusque,
1147 682 1184 712 et
1202 675 1244 712 in
1263 673 1570 726 hooHidaspeis
1590 688 1676 713 cere·

255 733 318 764 tus
346 729 495 765 restitui
524 740 575 763 ex
597 726 830 776 Claudiano,
870 741 987 781 quem
1004 730 1191 780 corippus
1217 731 1409 779 imitatur,
1454 730 1502 768 de
1517 735 1550 773 ’3
1569 733 1677 770 cossa.

255 784 416 819 Honorii
441 784 585 833 fistior
620 796 744 819 minos
783 790 870 830 eat,
926 785 1149 835 cinctusque
1175 787 1328 822 imitata
1358 786 1533 823 Gabinos
1570 787 1676 824 dives

253 839 479 887 Hydaspeis
498 844 684 887 augescat
693 851 876 888 purpura
891 841 1069 889 gemmis:
1101 841 1228 878 FOGG.
1258 839 1360 891 apud
1375 843 1554 879 Ruizium
1571 843 1676 880 enim

254 893 427 943 riuis-que
449 892 623 930 Gabinos
634 920 646 936 ,
676 895 786 930 cuius
803 893 847 930 id
861 895 1064 943 aspiciens.

366 949 458 988 131.
516 948 714 998 adoravit]
754 948 889 985 foedus
927 947 1112 985 adulandi
1143 951 1252 987 ritus.
1316 951 1497 999 Tacitus,
1535 951 1677 988 Sueto-

254 1002 343 1039 nius
357 1031 367 1049 ,
407 1004 487 1040 alii.
544 1015 659 1053 supra
685 1005 711 1043 2
730 1006 825 1044 276.
880 1003 1019 1041 modus
1038 1002 1226 1042 adorandi
1246 1004 1351 1055 apud
1366 1004 1619 1043 Heliodorum
1635 1008 1677 1046 9.

252 1058 436 1096 Dsmrsr.
1663 1071 1666 1074 ⁴

366 1116 458 1154 136.
513 1124 657 1148 nomen
677 1111 852 1160 opimum
870 1118 927 1149 est
948 1112 1194 1160 consulatus3
1225 1115 1416 1164 reparavit
1433 1121 1563 1152 autem
1582 1127 1677 1151 cou-

254 1168 426 1205 sulatum
450 1167 642 1213 Iustinus,
683 1168 773 1216 quia
796 1173 885 1216 post
913 1169 1102 1204 Basiliam
1130 1169 1327 1205 Iuniorem
1353 1181 1476 1220 usque
1509 1169 1559 1206 ad
1586 1182 1678 1207 eum

252 1223 354 1259 nulli
372 1222 551 1272 Byzantii
579 1222 769 1257 consules.
825 1223 955 1272 itaque
985 1223 1177 1259 Orientale
1201 1225 1407 1274 imperium
1433 1226 1517 1262 sine
1536 1237 1677 1261 consu-

253 1278 336 1314 latu
355 1277 406 1317 25
428 1277 538 1312 annis
551 1304 561 1323 ,
592 1282 635 1312 ut
654 1277 791 1325 probat
810 1277 1006 1325 eleganter
1022 1275 1242 1327 Onuplnius
1259 1280 1300 1314 in
1322 1279 1459 1317 Fastis.
1515 1292 1630 1329 supra
1649 1282 1677 1320 2

253 1333 348 1373 352.
378 1333 559 1370 Dentes-r.
616 1329 687 1367 hos
709 1343 843 1367 versus
859 1334 914 1367 ita
930 1333 1070 1368 rectius
1091 1331 1306 1382 distingue:
1347 1340 1382 1370 et
1402 1347 1530 1371 rerum
1547 1335 1677 1370 mani-

243 1387 355 1438 festa
373 1386 495 1423 salus.
536 1392 737 1434 reparator
756 1387 876 1435 opimi
895 1388 1078 1431 nominis,
1105 1388 1278 1437 antiquis
1294 1389 1455 1425 redeunt
1471 1402 1572 1426 nova
1589 1402 1678 1424 sae-

254 1442 347 1478 cula
368 1442 510 1492 fils-tis,
553 1439 645 1477 dicit
674 1447 803 1477 autem
829 1454 974 1478 nomen
1001 1442 1221 1479 consulatus
1248 1445 1437 1493 opimum,
1477 1445 1568 1495 quia
1586 1444 1679 1480 novi

255 1498 432 1534 consules
462 1496 635 1546 publicas
662 1496 789 1532 facere
811 1497 986 1534 solebant
1011 1498 1248 1546 largitiones.
1305 1499 1430 1548 opime
1453 1510 1523 1548 pro
1548 1498 1678 1535 abun-

254 1551 395 1588 clamer
422 1557 581 1601 usurpat
604 1551 764 1588 Plautus
792 1550 933 1588 Bacch.
960 1555 985 1592 3
1022 1553 1044 1591 1
1076 1554 1115 1591 6.
1173 1551 1276 1602 apud
1294 1554 1496 1590 Horatium
1516 1552 1542 1594 4
1570 1551 1595 1594 4
1624 1553 1676 1593 51

253 1605 400 1644 habes:
431 1605 651 1655 triumphus
668 1607 832 1655 opimus.
892 1605 1073 1644 dicuntur
1095 1608 1242 1657 opima,
1269 1609 1398 1660 inquit
1413 1609 1561 1656 Festus,
1590 1621 1678 1644 ma-

251 1663 403 1712 gnifica
423 1669 459 1698 et
477 1661 625 1710 ampla.
684 1662 812 1698 FOGG.

369 1719 459 1757 137.
515 1717 652 1752 malim
678 1717 806 1765 legere
835 1715 1017 1757 reddunt*
1075 1715 1239 1753 alterum
1271 1716 1432 1754 nimiam
1458 1717 1677 1755 barbariem

256 1770 417 1818 redolet,
449 1778 486 1808 et
503 1771 550 1806 ab
569 1778 693 1807 aetate
714 1773 887 1821 Corrippi
904 1772 1029 1820 magis
1048 1778 1251 1808 semotum.
1307 1773 1463 1813 Voucx.

365 1826 418 1863 ib.
479 1827 728 1863 casaubonus
747 1825 819 1862 hos
837 1839 969 1863 versus
989 1827 1144 1876 Corippi
1168 1827 1311 1876 allegat
1334 1826 1385 1864 ad
1403 1825 1676 1864 illustrandum

257 1882 486 1920 Suetonium
500 1909 510 1927 ,
549 1881 617 1916 ubi
638 1882 739 1930 Aug.
767 1894 800 1916 c.
827 1882 878 1919 10
901 1887 1029 1917 narrat
1055 1882 1175 1918 fuisse
1206 1883 1276 1932 qui
1296 1882 1476 1919 suaderet
1497 1889 1543 1918 ut
1564 1894 1676 1918 omne

256 1944 405 1985 tempu-s·
423 1949 448 1972 a
462 1936 593 1984 primo
611 1935 673 1971 die
690 1935 819 1972 natali
833 1949 954 1985 usque
969 1936 1027 1971 acl
1040 1937 1180 1972 exitum
1198 1938 1280 1972 eius
1297 1937 1479 1986 (Augusti
1498 1939 1578 1973 iam
1594 1938 1674 1973 vita

253 1991 396 2041 functi)
420 1991 620 2027 saeculum
638 1990 868 2040 Augustum
886 1990 1150 2039 appellaretur
1170 1992 1275 2027 etita
1292 1993 1334 2027 in
1354 1992 1490 2028 Iasios
1511 1991 1674 2041 reserre-

254 2053 336 2093 tur,-
366 2046 505 2097 quibus
525 2047 710 2082 nimirum
732 2046 919 2082 bonorum
939 2047 1157 2095 principum
1175 2044 1488 2083 adscribebantur
1500 2047 1672 2093 nomina,

254 2109 294 2139 et
312 2101 360 2138 de
382 2102 522 2152 quibus
541 2103 700 2137 nomina
720 2108 973 2151 tyrannorum
992 2099 1228 2147 delebantur,
1250 2101 1410 2138 suffecto
1426 2102 1468 2137 in
1489 2102 1544 2137 eis
1559 2101 1672 2137 titulo

252 2153 429 2207 ἀναρχία.
486 2151 635 2192 sedhic
655 2157 862 2206 Corippum
881 2154 1053 2191 alludere
1070 2162 1163 2205 puto
1184 2154 1234 2191 ad
1251 2154 1465 2206 reparatam
1483 2169 1506 2192 a
1525 2157 1672 2193 Iustino

253 2212 458 2248 consulum
478 2213 619 2248 seriem
635 2211 784 2247 iamdiu
798 2212 1052 2260 interruptam
1065 2239 1074 2257 ,
1114 2223 1136 2246 a
1157 2211 1296 2261 quibus
1316 2212 1406 2247 fasti
1426 2211 1670 2257 notabantur,

254 2273 293 2303 et
313 2279 478 2316 quorum
503 2267 725 2302 nominibus
752 2278 872 2302 annos
906 2264 1140 2314 distinguere
1166 2265 1261 2302 adeo
1290 2267 1503 2302 communis
1522 2272 1559 2301 et
1576 2278 1672 2302 oon-

252 2322 359 2358 'stans
378 2334 462 2357 mos
487 2321 560 2356 fuit
578 2328 620 2357 ut
638 2322 808 2358 Iulianus
829 2322 932 2358 Orat.
949 2322 973 2360 3
993 2321 1234 2358 consulatum
1251 2327 1361 2358 vocet
1379 2317 1585 2371 ἐπώνυμον
1599 2321 1672 2359 τοῦ

251 2375 361 2422 ἔτους
379 2371 515 2425 ἀρχήν.
569 2377 697 2413 Fooe.

365 2432 456 2471 138.
513 2442 655 2480 nempe
681 2432 849 2468 Iustinus
874 2430 1077 2467 consulatu
1104 2431 1277 2467 restituto
1307 2429 1354 2465 ab
1375 2441 1419 2466 eo
1436 2428 1590 2479 imperii
1609 2428 1670 2465 sui

252 2498 373 2523 annos
390 2486 586 2520 numerari
604 2487 726 2521 voluit
740 2514 749 2532 ‚
793 2487 959 2535 Augusti
977 2486 1177 2535 exemplo,
1222 2485 1328 2521 cuius
1346 2485 1499 2534 imperii
1521 2482 1669 2533 epocha

249 2541 442 2589 vulgatior
462 2541 595 2589 incipit
615 2553 636 2575 a
660 2544 685 2580 7
707 2542 788 2577 eius
809 2542 1031 2588 consulatu,
1062 2539 1215 2591 quando
1236 2552 1285 2575 ex
1307 2540 1366 2576 SC
1389 2540 1583 2575 firmatum
1612 2545 1670 2575 est

250 2597 287 2633 ei
311 2608 506 2632 summum
535 2596 740 2644 imperium
768 2601 805 2631 et
824 2608 1038 2644 cognomen
1055 2597 1218 2644 Augusti
1238 2595 1397 2644 accepit.
1453 2593 1546 2630 hinc
1566 2594 1668 2629 Cen-

248 2651 398 2688 sorinus
421 2649 468 2686 (le
488 2649 550 2686 die
567 2651 687 2686 natali
712 2663 744 2686 c.
768 2651 819 2689 21
849 2649 1006 2686 adnotat
1025 2649 1129 2700 quod
1149 2662 1271 2686 annus
1293 2648 1391 2696 diei,
1421 2651 1540 2699 quem
1565 2648 1669 2684 cele-

247 2706 333 2743 brat
344 2734 355 2755 ,
390 2711 470 2743 erat
493 2718 622 2742 eorum
639 2707 710 2757 qui
724 2712 912 2743 vocantur
926 2706 1200 2756 Augustorum
1218 2706 1319 2754 265,
1341 2703 1506 2754 perinde
1521 2717 1566 2740 ex
1583 2702 1664 2740 kal.
