1702 3060
223 129 228 134 ’
272 157 338 204 98
873 158 1092 204 comm

273 266 355 309 905
384 273 603 318 contempto
624 263 743 317 pedes
763 265 844 303 ibat
863 280 983 318 equo,
1012 267 1222 320 turbasque
1240 268 1414 308 tribunus

376 330 546 370 'hostiles
568 333 762 369 sternebat
778 345 917 380 ovans3
949 335 1104 386 iamque
1123 336 1190 372 ille
1209 337 1407 373 Nusantan

381 398 535 435 fuderat
556 404 594 434 et
613 399 798 435 Tiseran:
827 399 986 436 Tiseras
1006 397 1054 435 de
1070 400 1186 450 plebe
1204 403 1353 450 rebelli,

382 465 608 502 Mansitalas
624 465 806 515 pinnatus
825 471 920 502 erat.
977 472 1068 502 tunc
1084 468 1203 505 mittit
1221 467 1272 506 ad
1291 470 1448 507 umbras

381 532 574 568 immitem
590 531 778 580 Sangrin3
807 530 1003 568 tumidum
1025 535 1250 584 compressit
1266 536 1466 582 Amamm,

270 598 350 638 910
379 604 417 634 et
438 596 593 635 Garafin
612 597 838 649 Tilifanque
860 596 956 635 duos
973 611 1042 648 per
1060 599 1220 638 vulnera
1236 601 1374 638 fratres

379 664 513 701 stravit
530 661 654 699 humi.
711 664 831 700 frater
846 665 1078 701 morientem
1096 665 1192 704 vidit
1209 674 1371 721 uterque

379 741 610 779 germanum
630 730 814 766 moriens.
871 728 1077 768 doluerunt
1093 739 1248 783 pectora
1266 735 1416 782 matris,

379 803 554 845 tempore
571 801 653 831 tam
671 795 788 845 longo
805 796 932 834 tristes
949 810 1109 847 passura
1127 798 1294 838 dolores.

382 860 487 898 hunc
503 860 638 911 procul
655 859 856 899 ardentem
878 877 1038 902 cernens
1055 877 1076 901 a
1095 867 1194 903 colle
1209 866 1371 904 Sidafen

272 927 354 970 915
382 929 521 965 obvius
541 928 597 964 ire
614 935 737 978 parat.
793 935 885 966 tunc
907 931 1058 981 Syrtica
1078 931 1268 969 contrahit
1289 944 1408 979 arma,

382 995 755 1045 magnanimumque
774 997 890 1045 petit,
919 997 1134 1034 ferventem
1152 997 1290 1046 caede,
1319 998 1530 1042 tribunum,

381 1073 500 1112 quem
516 1074 701 1097 muneras
720 1062 918 1112 virtusque
937 1064 1091 1112 premit.
1149 1065 1377 1101 circumfluit
1395 1063 1515 1100 hostis

381 1125 545 1173 densus,
570 1125 613 1162 ‘et
632 1127 782 1164 iniectis
799 1129 1024 1178 perturbant
1039 1129 1211 1182 undique
1230 1132 1330 1168 tells.

382 1192 547 1242 infigunt
568 1192 789 1244 feriuntque
809 1196 950 1232 virum.
1006 1203 1098 1233 tuuc
1115 1198 1223 1233 mille
1243 1203 1486 1247 peremptum

271 1262 352 1302 920
379 1258 510 1297 hostes
528 1260 752 1296 vulneribus
766 1260 896 1298 media
915 1269 1083 1300 stravere
1101 1277 1171 1314 per
1188 1275 1293 1300 arva.

435 1327 611 1364 Verterat
634 1326 807 1375 expulsis
827 1328 928 1365 acies
947 1341 1016 1378 per
1039 1328 1151 1366 devia
1166 1330 1303 1379 signis,

380 1392 665 1443 impuleratque
687 1391 804 1429 duces
823 1399 946 1430 terror
964 1401 1050 1444 post
1068 1401 1175 1444 terga
1194 1395 1335 1434 redire.

380 1458 450 1497 sed
467 1457 603 1495 ductor
622 1470 834 1508 properans
846 1488 855 1506 ‚
885 1459 972 1496 fidis
992 1461 1263 1498 comitantibus
1283 1475 1361 1498 una

383 1525 585 1574 armigeris
597 1552 607 1571 ‚
637 1524 757 1561 victos
778 1525 901 1562 socios
919 1526 1058 1562 virtute
1075 1526 1232 1564 levavit.

270 1592 353 1635 925
380 1590 445 1628 hic
463 1591 635 1641 primum
653 1591 874 1642 ensipoteus
891 1603 1073 1641 rumpens
1091 1594 1247 1630 inimica
1270 1591 1463 1630 Iohannes

381 1659 558 1707 agmina,
586 1657 775 1694 fulmineo
794 1652 964 1694 Madd-211
987 1671 1058 1708 per
1078 1666 1232 1709 pectora
1252 1659 1332 1709 pilo

382 1722 641 1760 transfodiens
664 1724 871 1773 prostravit
891 1722 1003 1760 humi
1022 1725 1239 1776 fortemque
1258 1727 1472 1775 Magarguu

382 1797 421 1827 et
441 1787 579 1826 Taden
602 1795 640 1824 et
663 1789 823 1826 Meilan.
878 1796 964 1826 tum
981 1797 1061 1827 toto
1083 1804 1240 1842 corpore
1256 1793 1390 1842 Fugen

381 1853 552 1893 Ariarith
571 1855 770 1904 ingentem
792 1854 992 1892 detruncat
1011 1857 1171 1894 vulnere
1183 1886 1193 1905 ‚
1222 1859 1373 1895 Mestan

269 1925 350 1964 930
377 1935 470 1959 ense
490 1927 589 1958 rotat
606 1933 815 1970 magnum,
846 1929 883 1958 et
905 1930 1058 1959 vertens
1082 1937 1152 1974 per
1173 1925 1348 1974 gramina
1369 1924 1514 1960 collum

380 1989 522 2025 corruit
538 1987 743 2025 Altiserae.
799 1989 928 2026 vultus
946 1990 987 2025 in
1003 1997 1158 2040 pectora
1174 1990 1332 2027 Zambri

380 2066 562 2105 percussa
585 2055 732 2090 cervice
756 2062 890 2103 ruuut3
920 2054 1197 2108 stomachoque
1214 2062 1437 2106 peremptus

380 2121 541 2157 flumina
560 2120 674 2156 rubra
695 2121 817 2157 vomit
833 2121 984 2170 Roffas3
1015 2129 1131 2174 atque
1152 2124 1218 2159 ilia
1237 2123 1396 2173 pulsans

382 2187 568 2223 extremis
588 2185 775 2223 Athimau
795 2188 1027 2237 singultibus
1044 2202 1109 2226 ore
1125 2189 1302 2227 vocabat.

271 2251 352 2293 935
436 2254 540 2289 Haut
557 2253 692 2302 procul
709 2253 800 2290 inde
819 2256 936 2305 Ziper
951 2254 1126 2292 medium
1143 2257 1318 2292 currebat
1334 2257 1374 2292 in
1392 2267 1528 2305 agrum

381 2318 637 2370 turbabatque
658 2321 780 2368 viros,
812 2333 952 2371 cogens
969 2323 1009 2358 in
1027 2329 1149 2359 castra
1168 2322 1308 2359 redire.

380 2384 448 2420 ille
466 2385 554 2420 neci
575 2385 711 2422 Ialdan
731 2386 994 2438 Tusdrunque
1014 2389 1218 2439 Arcauque
1231 2386 1436 2439 Nadosque

383 2457 508 2488 morte
529 2450 635 2488 dedit
655 2454 781 2501 varia,
812 2452 882 2491 sed
901 2455 1004 2491 valle
1021 2456 1174 2491 necavit
1191 2454 1232 2491 in
1250 2466 1342 2490 una.

271 2547 337 2582 905
359 2550 518 2581 contento
533 2547 620 2592 pede
637 2549 670 2582 Τ
769 2549 836 2584 907
858 2549 969 2583 tisiran
988 2550 1020 2583 Τ
1120 2551 1188 2585 909
1209 2550 1250 2584 im
1277 2549 1373 2584 ressit
1388 2550 1436 2593 Τ,
1458 2549 1493 2584 vi
1507 2549 1630 2595 pressit
1645 2549 1691 2583 L=

271 2593 313 2626 cf.
344 2593 367 2626 4
394 2593 471 2627 989.
619 2595 685 2627 911
723 2597 898 2638 utrumque
930 2596 961 2627 Τ
1094 2596 1160 2629 919
1200 2562 1308 2638 miliia]
1347 2595 1403 2628 ine
1434 2596 1481 2639 T,
1518 2599 1624 2628 morte
1654 2594 1696 2627 Μ

268 2637 335 2672 926
357 2636 515 2681 rumpetis
534 2636 660 2671 inimica
678 2637 827 2672 iohannis
845 2640 877 2671 Τ
1000 2639 1065 2672 928
1088 2650 1174 2674 nouo
1190 2642 1336 2686 por-pore
1353 2641 1384 2672 Τ
1507 2640 1574 2674 929
1596 2639 1692 2672 dete-

268 2686 328 2725 gat
346 2682 378 2714 '1'
446 2726 486 2762 Μ
500 2681 568 2716 930
590 2688 707 2717 uertex
726 2684 758 2716 Τ
879 2683 946 2718 933
968 2683 1034 2718 alia
1051 2685 1084 2718 Τ
1201 2685 1269 2720 934
1291 2695 1350 2718 ora
1369 2685 1402 2719 Τ
1508 2684 1575 2719 938
1596 2695 1692 2717 seca-

271 2726 318 2760 vit
337 2727 430 2772 apud
486 2752 495 2762 .
