<?xml version="1.0" encoding="UTF-8"?>
<!DOCTYPE html PUBLIC "-//W3C//DTD XHTML 1.0 Transitional//EN"
    "http://www.w3.org/TR/xhtml1/DTD/xhtml1-transitional.dtd">
<html xmlns="http://www.w3.org/1999/xhtml" xml:lang="en" lang="en">
 <head>
  <title>
</title>
<meta http-equiv="Content-Type" content="text/html;charset=utf-8" />
  <meta name='ocr-system' content='tesseract 3.04.00' />
  <meta name='ocr-capabilities' content='ocr_page ocr_carea ocr_par ocr_line ocrx_word'/>
</head>
<body>
  <div class='ocr_page' id='page_1' title='image "./corpusscriptorum35niebuoft_0441.png"; bbox 0 0 1702 3060; ppageno 0'>
   <div class='ocr_carea' id='block_1_1' title="bbox 427 88 1479 138">
    <p class='ocr_par' dir='ltr' id='par_1_1' title="bbox 427 88 1479 138">
     <span class='ocr_line' id='line_1_1' title="bbox 427 88 1479 138; baseline -0.003 0"><span class='ocrx_word' id='word_1_1' title='bbox 427 92 504 138; x_wconf 91' lang='lat' dir='ltr'><strong>DE</strong></span> <span class='ocrx_word' id='word_1_2' title='bbox 535 90 814 136; x_wconf 77' lang='lat' dir='ltr'>LAUDIBUS</span> <span class='ocrx_word' id='word_1_3' title='bbox 846 89 1068 135; x_wconf 84' lang='lat' dir='ltr'><strong>IUSTINI.</strong></span> <span class='ocrx_word' id='word_1_4' title='bbox 1380 88 1479 136; x_wconf 85' lang='lat'><strong>365.</strong></span> 
     </span>
    </p>
   </div>
   <div class='ocr_carea' id='block_1_2' title="bbox 0 200 1492 2797">
    <p class='ocr_par' dir='ltr' id='par_1_2' title="bbox 0 200 1492 2797">
     <span class='ocr_line' id='line_1_2' title="bbox 46 200 1480 265; baseline -0.002 -25"><span class='ocrx_word' id='word_1_5' title='bbox 46 218 163 265; x_wconf 57' lang='lat' dir='ltr'><em>W</em></span> <span class='ocrx_word' id='word_1_6' title='bbox 189 204 387 244; x_wconf 79' lang='lat' dir='ltr'><strong>medicata</strong></span> <span class='ocrx_word' id='word_1_7' title='bbox 402 202 573 256; x_wconf 80' lang='lat' dir='ltr'><em>fulgent</em></span> <span class='ocrx_word' id='word_1_8' title='bbox 596 203 743 242; x_wconf 62' lang='lat' dir='ltr'><strong>vellera</strong></span> <span class='ocrx_word' id='word_1_9' title='bbox 757 202 878 254; x_wconf 84' lang='lat' dir='ltr'><strong>suco.</strong></span> <span class='ocrx_word' id='word_1_10' title='bbox 938 200 1034 240; x_wconf 88' lang='lat' dir='ltr'><strong>inde</strong></span> <span class='ocrx_word' id='word_1_11' title='bbox 1061 202 1265 252; x_wconf 82' lang='lat' dir='ltr'><strong>Campana</strong></span> <span class='ocrx_word' id='word_1_12' title='bbox 1290 201 1480 252; x_wconf 89' lang='lat' dir='ltr'><strong>peristro-</strong></span> 
     </span>
     <span class='ocr_line' id='line_1_3' title="bbox 38 257 1480 314; baseline -0.003 -17"><span class='ocrx_word' id='word_1_13' title='bbox 38 268 129 307; x_wconf 58' lang='lat' dir='ltr'><strong>ngta</strong></span> <span class='ocrx_word' id='word_1_14' title='bbox 153 268 251 314; x_wconf 83' lang='lat' dir='ltr'><strong>puto</strong></span> <span class='ocrx_word' id='word_1_15' title='bbox 280 259 444 299; x_wconf 79' lang='lat' dir='ltr'><strong>laudata</strong></span> <span class='ocrx_word' id='word_1_16' title='bbox 471 261 613 302; x_wconf 86' lang='lat' dir='ltr'><strong>Plauto</strong></span> <span class='ocrx_word' id='word_1_17' title='bbox 638 259 850 298; x_wconf 71' lang='lat' dir='ltr'><strong>Pseudolo.</strong></span> <span class='ocrx_word' id='word_1_18' title='bbox 882 260 1047 297; x_wconf 54' lang='lat' dir='ltr'><strong>Bima.</strong></span> <span class='ocrx_word' id='word_1_19' title='bbox 1098 258 1228 309; x_wconf 79' lang='lat' dir='ltr'><strong>pelles</strong></span> <span class='ocrx_word' id='word_1_20' title='bbox 1246 257 1480 303; x_wconf 78' lang='lat' dir='ltr'><strong><em>Parthicae,</em></strong></span> 
     </span>
     <span class='ocr_line' id='line_1_4' title="bbox 39 315 1480 368; baseline -0.002 -14"><span class='ocrx_word' id='word_1_21' title='bbox 39 330 122 364; x_wconf 60' lang='grc' dir='ltr'><strong>ιω</strong></span> <span class='ocrx_word' id='word_1_22' title='bbox 148 324 283 357; x_wconf 87' lang='lat' dir='ltr'><strong>noster</strong></span> <span class='ocrx_word' id='word_1_23' title='bbox 312 317 509 355; x_wconf 77' lang='lat' dir='ltr'><strong>Parthica</strong></span> <span class='ocrx_word' id='word_1_24' title='bbox 537 324 693 368; x_wconf 80' lang='lat' dir='ltr'><em>tergora</em></span> <span class='ocrx_word' id='word_1_25' title='bbox 717 315 946 367; x_wconf 88' lang='lat' dir='ltr'><strong>adpellitat,</strong></span> <span class='ocrx_word' id='word_1_26' title='bbox 974 321 1246 353; x_wconf 79' lang='lat' dir='ltr'><strong>memorantur</strong></span> <span class='ocrx_word' id='word_1_27' title='bbox 1263 327 1421 367; x_wconf 88' lang='lat' dir='ltr'><strong>quoque</strong></span> <span class='ocrx_word' id='word_1_28' title='bbox 1437 315 1480 351; x_wconf 90' lang='lat' dir='ltr'><strong>in</strong></span> 
     </span>
     <span class='ocr_line' id='line_1_5' title="bbox 45 368 1481 426; baseline -0.003 -14"><span class='ocrx_word' id='word_1_29' title='bbox 45 368 58 419; x_wconf 65' lang='grc' dir='ltr'><strong>ζ,</strong></span> <span class='ocrx_word' id='word_1_30' title='bbox 73 377 125 417; x_wconf 87' lang='grc'><strong>16</strong></span> <span class='ocrx_word' id='word_1_31' title='bbox 151 371 219 426; x_wconf 81' lang='lat'><strong>§7</strong></span> <span class='ocrx_word' id='word_1_32' title='bbox 241 375 293 412; x_wconf 87' lang='lat' dir='ltr'><strong>D.</strong></span> <span class='ocrx_word' id='word_1_33' title='bbox 315 373 364 412; x_wconf 89' lang='lat' dir='ltr'><strong>de</strong></span> <span class='ocrx_word' id='word_1_34' title='bbox 388 374 536 425; x_wconf 84' lang='lat' dir='ltr'><strong>public.</strong></span> <span class='ocrx_word' id='word_1_35' title='bbox 566 381 605 411; x_wconf 91' lang='lat' dir='ltr'><strong>et</strong></span> <span class='ocrx_word' id='word_1_36' title='bbox 631 374 799 423; x_wconf 88' lang='lat' dir='ltr'><strong>vectig.:</strong></span> <span class='ocrx_word' id='word_1_37' title='bbox 829 372 963 410; x_wconf 70' lang='lat' dir='ltr'><strong>Pelles</strong></span> <span class='ocrx_word' id='word_1_38' title='bbox 990 371 1227 417; x_wconf 76' lang='lat' dir='ltr'><em>Parthicae,</em></span> <span class='ocrx_word' id='word_1_39' title='bbox 1256 370 1370 416; x_wconf 79' lang='lat' dir='ltr'><strong>ebur,</strong></span> <span class='ocrx_word' id='word_1_40' title='bbox 1385 371 1481 421; x_wconf 87' lang='lat' dir='ltr'><strong>ser-</strong></span> 
     </span>
     <span class='ocr_line' id='line_1_6' title="bbox 43 425 1481 482; baseline -0.004 -13"><span class='ocrx_word' id='word_1_41' title='bbox 43 445 114 470; x_wconf 83' lang='lat' dir='ltr'><strong>um</strong></span> <span class='ocrx_word' id='word_1_42' title='bbox 136 429 338 469; x_wconf 80' lang='lat' dir='ltr'><strong>Indicum.</strong></span> <span class='ocrx_word' id='word_1_43' title='bbox 399 430 580 482; x_wconf 89' lang='lat' dir='ltr'><strong>quamvis</strong></span> <span class='ocrx_word' id='word_1_44' title='bbox 607 429 772 481; x_wconf 87' lang='lat' dir='ltr'><strong>quidam</strong></span> <span class='ocrx_word' id='word_1_45' title='bbox 801 428 956 466; x_wconf 90' lang='lat' dir='ltr'><strong>codices</strong></span> <span class='ocrx_word' id='word_1_46' title='bbox 981 442 1053 479; x_wconf 88' lang='lat' dir='ltr'><strong>pro</strong></span> <span class='ocrx_word' id='word_1_47' title='bbox 1078 428 1274 465; x_wconf 80' lang='lat' dir='ltr'><strong>Parthica</strong></span> <span class='ocrx_word' id='word_1_48' title='bbox 1296 425 1363 467; x_wconf 83' lang='lat' dir='ltr'><strong>hic</strong></span> <span class='ocrx_word' id='word_1_49' title='bbox 1382 428 1481 464; x_wconf 89' lang='lat' dir='ltr'><strong>scri-</strong></span> 
     </span>
     <span class='ocr_line' id='line_1_7' title="bbox 42 482 1481 531; baseline -0.002 -8"><span class='ocrx_word' id='word_1_50' title='bbox 42 494 138 526; x_wconf 76' lang='lat' dir='ltr'><strong>·tum</strong></span> <span class='ocrx_word' id='word_1_51' title='bbox 161 485 336 525; x_wconf 76' lang='lat' dir='ltr'><strong>habeant</strong></span> <span class='ocrx_word' id='word_1_52' title='bbox 360 486 636 531; x_wconf 74' lang='lat' dir='ltr'><strong>Baumestiae,</strong></span> <span class='ocrx_word' id='word_1_53' title='bbox 665 486 860 523; x_wconf 83' lang='lat' dir='ltr'><strong>referente</strong></span> <span class='ocrx_word' id='word_1_54' title='bbox 888 487 961 522; x_wconf 93' lang='lat' dir='ltr'><strong>Pio</strong></span> <span class='ocrx_word' id='word_1_55' title='bbox 990 487 1084 522; x_wconf 85' lang='lat' dir='ltr'><strong>Ant.</strong></span> <span class='ocrx_word' id='word_1_56' title='bbox 1107 485 1310 522; x_wconf 87' lang='lat' dir='ltr'><strong>Bartolino</strong></span> <span class='ocrx_word' id='word_1_57' title='bbox 1333 482 1481 521; x_wconf 90' lang='lat' dir='ltr'><strong>Adnot.</strong></span> 
     </span>
     <span class='ocr_line' id='line_1_8' title="bbox 41 539 1482 595; baseline -0.004 -13"><span class='ocrx_word' id='word_1_58' title='bbox 41 557 67 584; x_wconf 84' lang='grc' dir='ltr'><strong>ιι</strong></span> <span class='ocrx_word' id='word_1_59' title='bbox 87 545 216 595; x_wconf 82' lang='lat' dir='ltr'>Leges</span> <span class='ocrx_word' id='word_1_60' title='bbox 237 557 324 595; x_wconf 82' lang='lat' dir='ltr'><strong>cap.</strong></span> <span class='ocrx_word' id='word_1_61' title='bbox 343 542 396 584; x_wconf 89' lang='lat'><strong>65</strong></span> <span class='ocrx_word' id='word_1_62' title='bbox 427 542 601 594; x_wconf 85' lang='lat' dir='ltr'><strong>(Gruter.</strong></span> <span class='ocrx_word' id='word_1_63' title='bbox 621 542 744 593; x_wconf 84' lang='lat' dir='ltr'><strong>lamp.</strong></span> <span class='ocrx_word' id='word_1_64' title='bbox 768 548 798 580; x_wconf 88' lang='lat' dir='ltr'><strong>t.</strong></span> <span class='ocrx_word' id='word_1_65' title='bbox 821 544 842 582; x_wconf 92' lang='lat'>1</span> <span class='ocrx_word' id='word_1_66' title='bbox 867 542 960 593; x_wconf 80' lang='lat' dir='ltr'><strong>syll.</strong></span> <span class='ocrx_word' id='word_1_67' title='bbox 975 539 1035 591; x_wconf 85' lang='lat'><strong>3).</strong></span> <span class='ocrx_word' id='word_1_68' title='bbox 1066 542 1226 580; x_wconf 71' lang='lat' dir='ltr'><strong>Voncx.</strong></span> <span class='ocrx_word' id='word_1_69' title='bbox 1286 540 1482 577; x_wconf 82' lang='lat' dir='ltr'><strong>Parthica</strong></span> 
     </span>
     <span class='ocr_line' id='line_1_9' title="bbox 41 595 1482 652; baseline -0.003 -14"><span class='ocrx_word' id='word_1_70' title='bbox 41 613 180 652; x_wconf 64' lang='lat' dir='ltr'><strong>agorn</strong></span> <span class='ocrx_word' id='word_1_71' title='bbox 205 607 298 638; x_wconf 88' lang='lat' dir='ltr'><strong>sunt</strong></span> <span class='ocrx_word' id='word_1_72' title='bbox 319 599 446 651; x_wconf 85' lang='lat' dir='ltr'><strong>pelles</strong></span> <span class='ocrx_word' id='word_1_73' title='bbox 465 598 673 636; x_wconf 85' lang='lat' dir='ltr'><strong>Parthicae</strong></span> <span class='ocrx_word' id='word_1_74' title='bbox 686 628 696 647; x_wconf 88' lang='lat'><em>‚</em></span> <span class='ocrx_word' id='word_1_75' title='bbox 724 611 893 650; x_wconf 86' lang='lat' dir='ltr'><strong>quarum</strong></span> <span class='ocrx_word' id='word_1_76' title='bbox 910 599 1098 650; x_wconf 83' lang='lat' dir='ltr'><strong>frequens</strong></span> <span class='ocrx_word' id='word_1_77' title='bbox 1114 599 1263 635; x_wconf 89' lang='lat' dir='ltr'><strong>mentio</strong></span> <span class='ocrx_word' id='word_1_78' title='bbox 1285 595 1393 648; x_wconf 84' lang='lat' dir='ltr'><strong>apud</strong></span> <span class='ocrx_word' id='word_1_79' title='bbox 1410 610 1482 634; x_wconf 90' lang='lat' dir='ltr'><strong>ve-</strong></span> 
     </span>
     <span class='ocr_line' id='line_1_10' title="bbox 28 653 1482 707; baseline -0.003 -13"><span class='ocrx_word' id='word_1_80' title='bbox 28 668 148 705; x_wconf 55' lang='lat' dir='ltr'><strong>‡eres;</strong></span> <span class='ocrx_word' id='word_1_81' title='bbox 178 663 217 694; x_wconf 88' lang='lat' dir='ltr'><strong>et</strong></span> <span class='ocrx_word' id='word_1_82' title='bbox 232 658 280 700; x_wconf 25' lang='lat' dir='ltr'><strong>in-</strong></span> <span class='ocrx_word' id='word_1_83' title='bbox 295 654 443 703; x_wconf 87' lang='lat' dir='ltr'><strong>codice,</strong></span> <span class='ocrx_word' id='word_1_84' title='bbox 465 657 534 707; x_wconf 88' lang='lat' dir='ltr'><strong>qui</strong></span> <span class='ocrx_word' id='word_1_85' title='bbox 553 668 619 692; x_wconf 87' lang='lat' dir='ltr'><strong>eas</strong></span> <span class='ocrx_word' id='word_1_86' title='bbox 640 655 841 702; x_wconf 81' lang='lat' dir='ltr'><strong>curabant,</strong></span> <span class='ocrx_word' id='word_1_87' title='bbox 864 653 1100 692; x_wconf 88' lang='lat' dir='ltr'><strong>Parthicarii</strong></span> <span class='ocrx_word' id='word_1_88' title='bbox 1124 653 1319 691; x_wconf 85' lang='lat' dir='ltr'><strong>dicuntur.</strong></span> <span class='ocrx_word' id='word_1_89' title='bbox 1350 654 1482 691; x_wconf 61' lang='lat' dir='ltr'><strong>Foco.</strong></span> 
     </span>
     <span class='ocr_line' id='line_1_11' title="bbox 38 710 1482 765; baseline -0.003 -14"><span class='ocrx_word' id='word_1_90' title='bbox 38 726 68 751; x_wconf 85' lang='lat' dir='ltr'><strong>n</strong></span> <span class='ocrx_word' id='word_1_91' title='bbox 92 725 155 751; x_wconf 84' lang='lat' dir='ltr'><strong>ms</strong></span> <span class='ocrx_word' id='word_1_92' title='bbox 171 712 282 765; x_wconf 83' lang='lat' dir='ltr'><strong>sugo</strong></span> <span class='ocrx_word' id='word_1_93' title='bbox 313 712 542 763; x_wconf 83' lang='lat' dir='ltr'><strong>legebatur3</strong></span> <span class='ocrx_word' id='word_1_94' title='bbox 572 725 648 749; x_wconf 90' lang='lat' dir='ltr'><strong>nec</strong></span> <span class='ocrx_word' id='word_1_95' title='bbox 667 718 803 748; x_wconf 84' lang='lat' dir='ltr'><strong>tamen</strong></span> <span class='ocrx_word' id='word_1_96' title='bbox 823 713 991 749; x_wconf 89' lang='lat' dir='ltr'><strong>memini</strong></span> <span class='ocrx_word' id='word_1_97' title='bbox 1013 710 1120 762; x_wconf 87' lang='lat' dir='ltr'><strong>apud</strong></span> <span class='ocrx_word' id='word_1_98' title='bbox 1138 711 1314 763; x_wconf 82' lang='lat' dir='ltr'><strong>aliquem</strong></span> <span class='ocrx_word' id='word_1_99' title='bbox 1334 724 1401 747; x_wconf 89' lang='lat' dir='ltr'><strong>me</strong></span> <span class='ocrx_word' id='word_1_100' title='bbox 1420 711 1482 747; x_wconf 91' lang='lat' dir='ltr'><strong>le-</strong></span> 
     </span>
     <span class='ocr_line' id='line_1_12' title="bbox 38 766 1484 822; baseline -0.002 -16"><span class='ocrx_word' id='word_1_101' title='bbox 38 770 149 820; x_wconf 69' lang='lat' dir='ltr'><strong>gisse,</strong></span> <span class='ocrx_word' id='word_1_102' title='bbox 178 771 249 822; x_wconf 90' lang='lat' dir='ltr'><strong>qui</strong></span> <span class='ocrx_word' id='word_1_103' title='bbox 280 769 332 806; x_wconf 87' lang='lat' dir='ltr'><strong>sit</strong></span> <span class='ocrx_word' id='word_1_104' title='bbox 360 769 586 819; x_wconf 85' lang='lat' dir='ltr'><strong>Campanus</strong></span> <span class='ocrx_word' id='word_1_105' title='bbox 615 769 744 805; x_wconf 86' lang='lat' dir='ltr'><strong>fucus.</strong></span> <span class='ocrx_word' id='word_1_106' title='bbox 802 775 957 819; x_wconf 82' lang='lat' dir='ltr'><strong>septem</strong></span> <span class='ocrx_word' id='word_1_107' title='bbox 980 781 1096 819; x_wconf 87' lang='lat' dir='ltr'><strong>porro</strong></span> <span class='ocrx_word' id='word_1_108' title='bbox 1118 781 1254 806; x_wconf 83' lang='lat' dir='ltr'><strong>versus</strong></span> <span class='ocrx_word' id='word_1_109' title='bbox 1274 766 1367 804; x_wconf 90' lang='lat' dir='ltr'><strong>huic</strong></span> <span class='ocrx_word' id='word_1_110' title='bbox 1388 780 1484 818; x_wconf 87' lang='lat' dir='ltr'><strong>pro-</strong></span> 
     </span>
     <span class='ocr_line' id='line_1_13' title="bbox 38 826 1484 878; baseline -0.003 -14"><span class='ocrx_word' id='word_1_111' title='bbox 38 827 133 864; x_wconf 71' lang='lat' dir='ltr'><strong>&lt;ime</strong></span> <span class='ocrx_word' id='word_1_112' title='bbox 160 826 446 878; x_wconf 79' lang='lat' dir='ltr'><strong>subsequentes</strong></span> <span class='ocrx_word' id='word_1_113' title='bbox 473 827 621 876; x_wconf 88' lang='lat' dir='ltr'><strong>optime</strong></span> <span class='ocrx_word' id='word_1_114' title='bbox 648 831 739 862; x_wconf 87' lang='lat' dir='ltr'><strong>sunt</strong></span> <span class='ocrx_word' id='word_1_115' title='bbox 765 826 985 875; x_wconf 82' lang='lat' dir='ltr'><strong>integritati</strong></span> <span class='ocrx_word' id='word_1_116' title='bbox 1010 838 1104 862; x_wconf 90' lang='lat' dir='ltr'><strong>suae</strong></span> <span class='ocrx_word' id='word_1_117' title='bbox 1126 826 1318 872; x_wconf 78' lang='lat' dir='ltr'><strong>restituti,</strong></span> <span class='ocrx_word' id='word_1_118' title='bbox 1352 837 1442 860; x_wconf 89' lang='lat' dir='ltr'><strong>cum</strong></span> <span class='ocrx_word' id='word_1_119' title='bbox 1460 836 1484 860; x_wconf 88' lang='lat' dir='ltr'><strong>a</strong></span> 
     </span>
     <span class='ocr_line' id='line_1_14' title="bbox 26 879 1483 932; baseline -0.002 -12"><span class='ocrx_word' id='word_1_120' title='bbox 26 881 183 921; x_wconf 79' lang='lat' dir='ltr'><strong>=ibrario</strong></span> <span class='ocrx_word' id='word_1_121' title='bbox 214 882 383 920; x_wconf 87' lang='lat' dir='ltr'><strong>fuissent</strong></span> <span class='ocrx_word' id='word_1_122' title='bbox 409 882 705 932; x_wconf 85' lang='lat' dir='ltr'><strong>perversissime</strong></span> <span class='ocrx_word' id='word_1_123' title='bbox 736 880 934 931; x_wconf 86' lang='lat' dir='ltr'><strong>descripti.</strong></span> <span class='ocrx_word' id='word_1_124' title='bbox 978 882 1100 919; x_wconf 82' lang='lat' dir='ltr'><strong>Rmz.</strong></span> <span class='ocrx_word' id='word_1_125' title='bbox 1176 879 1396 918; x_wconf 85' lang='lat' dir='ltr'><strong>notandum</strong></span> <span class='ocrx_word' id='word_1_126' title='bbox 1424 887 1483 917; x_wconf 87' lang='lat' dir='ltr'><strong>est</strong></span> 
     </span>
     <span class='ocr_line' id='line_1_15' title="bbox 32 936 1483 987; baseline -0.003 -10"><span class='ocrx_word' id='word_1_127' title='bbox 32 936 263 977; x_wconf 60' lang='lat' dir='ltr'><strong>michaelem</strong></span> <span class='ocrx_word' id='word_1_128' title='bbox 280 939 514 987; x_wconf 82' lang='lat' dir='ltr'><strong>Assagrium</strong></span> <span class='ocrx_word' id='word_1_129' title='bbox 533 936 893 987; x_wconf 86' lang='lat' dir='ltr'><strong>impudentiuscule</strong></span> <span class='ocrx_word' id='word_1_130' title='bbox 911 937 1073 984; x_wconf 86' lang='lat' dir='ltr'><strong>fecisse,</strong></span> <span class='ocrx_word' id='word_1_131' title='bbox 1105 936 1214 987; x_wconf 91' lang='lat' dir='ltr'><strong>quod</strong></span> <span class='ocrx_word' id='word_1_132' title='bbox 1234 950 1349 973; x_wconf 88' lang='lat' dir='ltr'><strong>suam</strong></span> <span class='ocrx_word' id='word_1_133' title='bbox 1366 937 1483 974; x_wconf 84' lang='lat' dir='ltr'><strong>nobis</strong></span> 
     </span>
     <span class='ocr_line' id='line_1_16' title="bbox 28 992 1482 1046; baseline -0.001 -15"><span class='ocrx_word' id='word_1_134' title='bbox 28 1001 177 1046; x_wconf 54' lang='lat' dir='ltr'><strong>septem</strong></span> <span class='ocrx_word' id='word_1_135' title='bbox 191 995 436 1045; x_wconf 86' lang='lat' dir='ltr'><strong>integrorum</strong></span> <span class='ocrx_word' id='word_1_136' title='bbox 451 1005 638 1031; x_wconf 89' lang='lat' dir='ltr'><strong>versuum</strong></span> <span class='ocrx_word' id='word_1_137' title='bbox 657 994 939 1029; x_wconf 81' lang='lat' dir='ltr'><strong>correctionem</strong></span> <span class='ocrx_word' id='word_1_138' title='bbox 959 992 1139 1040; x_wconf 87' lang='lat' dir='ltr'><strong>obtrusit,</strong></span> <span class='ocrx_word' id='word_1_139' title='bbox 1170 995 1294 1030; x_wconf 89' lang='lat' dir='ltr'><strong>veteri</strong></span> <span class='ocrx_word' id='word_1_140' title='bbox 1310 994 1482 1029; x_wconf 89' lang='lat' dir='ltr'><strong>lectione</strong></span> 
     </span>
     <span class='ocr_line' id='line_1_17' title="bbox 32 1046 1481 1102; baseline -0.001 -15"><span class='ocrx_word' id='word_1_141' title='bbox 32 1049 191 1099; x_wconf 69' lang='lat' dir='ltr'><strong>:odicis,</strong></span> <span class='ocrx_word' id='word_1_142' title='bbox 221 1063 344 1102; x_wconf 88' lang='lat' dir='ltr'><strong>quem</strong></span> <span class='ocrx_word' id='word_1_143' title='bbox 367 1062 494 1087; x_wconf 90' lang='lat' dir='ltr'><strong>unum</strong></span> <span class='ocrx_word' id='word_1_144' title='bbox 517 1049 728 1100; x_wconf 89' lang='lat' dir='ltr'><strong>solumque</strong></span> <span class='ocrx_word' id='word_1_145' title='bbox 755 1055 912 1085; x_wconf 80' lang='lat' dir='ltr'><strong>exstare</strong></span> <span class='ocrx_word' id='word_1_146' title='bbox 937 1046 1130 1086; x_wconf 90' lang='lat' dir='ltr'><strong>hactenus</strong></span> <span class='ocrx_word' id='word_1_147' title='bbox 1157 1061 1238 1086; x_wconf 89' lang='lat' dir='ltr'><strong>non</strong></span> <span class='ocrx_word' id='word_1_148' title='bbox 1260 1049 1481 1099; x_wconf 83' lang='lat' dir='ltr'><strong>ignorabat,</strong></span> 
     </span>
     <span class='ocr_line' id='line_1_18' title="bbox 23 1105 1486 1156; baseline 0 -14"><span class='ocrx_word' id='word_1_149' title='bbox 23 1105 295 1155; x_wconf 67' lang='lat' dir='ltr'><strong>2hssimulata‚</strong></span> <span class='ocrx_word' id='word_1_150' title='bbox 326 1119 418 1143; x_wconf 86' lang='lat' dir='ltr'><strong>cum</strong></span> <span class='ocrx_word' id='word_1_151' title='bbox 441 1119 483 1144; x_wconf 89' lang='lat' dir='ltr'><strong>se</strong></span> <span class='ocrx_word' id='word_1_152' title='bbox 510 1118 577 1143; x_wconf 89' lang='lat' dir='ltr'><strong>eos</strong></span> <span class='ocrx_word' id='word_1_153' title='bbox 596 1106 912 1156; x_wconf 82' lang='lat' dir='ltr'><strong>corruptissimos</strong></span> <span class='ocrx_word' id='word_1_154' title='bbox 934 1106 1134 1142; x_wconf 91' lang='lat' dir='ltr'><strong>invenisse</strong></span> <span class='ocrx_word' id='word_1_155' title='bbox 1163 1106 1348 1143; x_wconf 85' lang='lat' dir='ltr'><strong>fateatur.</strong></span> <span class='ocrx_word' id='word_1_156' title='bbox 1407 1107 1486 1142; x_wconf 86' lang='lat' dir='ltr'><strong>ita-</strong></span> 
     </span>
     <span class='ocr_line' id='line_1_19' title="bbox 25 1161 1486 1216; baseline -0.001 -15"><span class='ocrx_word' id='word_1_157' title='bbox 25 1177 102 1216; x_wconf 65' lang='lat' dir='ltr'><strong>que</strong></span> <span class='ocrx_word' id='word_1_158' title='bbox 130 1175 388 1216; x_wconf 85' lang='lat' dir='ltr'><strong>quaecunque</strong></span> <span class='ocrx_word' id='word_1_159' title='bbox 407 1163 450 1199; x_wconf 91' lang='lat' dir='ltr'><strong>in</strong></span> <span class='ocrx_word' id='word_1_160' title='bbox 470 1162 727 1200; x_wconf 88' lang='lat' dir='ltr'><strong>obscurorum</strong></span> <span class='ocrx_word' id='word_1_161' title='bbox 747 1175 884 1199; x_wconf 85' lang='lat' dir='ltr'><strong>eorum</strong></span> <span class='ocrx_word' id='word_1_162' title='bbox 906 1162 1172 1213; x_wconf 80' lang='lat' dir='ltr'><strong>explicatione</strong></span> <span class='ocrx_word' id='word_1_163' title='bbox 1198 1161 1374 1199; x_wconf 89' lang='lat' dir='ltr'><strong>dicemus</strong></span> <span class='ocrx_word' id='word_1_164' title='bbox 1387 1191 1398 1210; x_wconf 96' lang='lat'><strong>,</strong></span> <span class='ocrx_word' id='word_1_165' title='bbox 1436 1163 1486 1199; x_wconf 91' lang='lat' dir='ltr'><strong>ob</strong></span> 
     </span>
     <span class='ocr_line' id='line_1_20' title="bbox 25 1218 1488 1270; baseline -0.001 -13"><span class='ocrx_word' id='word_1_166' title='bbox 25 1220 160 1262; x_wconf 72' lang='lat' dir='ltr'><strong>-omlos</strong></span> <span class='ocrx_word' id='word_1_167' title='bbox 178 1226 314 1257; x_wconf 85' lang='lat' dir='ltr'><strong>tamen</strong></span> <span class='ocrx_word' id='word_1_168' title='bbox 333 1232 492 1270; x_wconf 88' lang='lat' dir='ltr'><strong>semper</strong></span> <span class='ocrx_word' id='word_1_169' title='bbox 509 1218 624 1256; x_wconf 91' lang='lat' dir='ltr'><strong>nobis</strong></span> <span class='ocrx_word' id='word_1_170' title='bbox 643 1218 917 1256; x_wconf 88' lang='lat' dir='ltr'><strong>obversabitur</strong></span> <span class='ocrx_word' id='word_1_171' title='bbox 935 1220 1067 1269; x_wconf 90' lang='lat' dir='ltr'><strong>potius</strong></span> <span class='ocrx_word' id='word_1_172' title='bbox 1085 1231 1158 1255; x_wconf 90' lang='lat' dir='ltr'><strong>nos</strong></span> <span class='ocrx_word' id='word_1_173' title='bbox 1175 1219 1305 1255; x_wconf 88' lang='lat' dir='ltr'><strong>Ruizii</strong></span> <span class='ocrx_word' id='word_1_174' title='bbox 1321 1219 1488 1256; x_wconf 88' lang='lat' dir='ltr'><strong>alicuius</strong></span> 
     </span>
     <span class='ocr_line' id='line_1_21' title="bbox 23 1274 1490 1331; baseline -0.001 -17"><span class='ocrx_word' id='word_1_175' title='bbox 23 1289 147 1331; x_wconf 64' lang='lat' dir='ltr'><strong>,quam</strong></span> <span class='ocrx_word' id='word_1_176' title='bbox 168 1277 254 1318; x_wconf 90' lang='lat' dir='ltr'><strong>eius</strong></span> <span class='ocrx_word' id='word_1_177' title='bbox 274 1277 475 1326; x_wconf 86' lang='lat' dir='ltr'><strong>scriptoris</strong></span> <span class='ocrx_word' id='word_1_178' title='bbox 497 1276 670 1314; x_wconf 89' lang='lat' dir='ltr'><strong>sermoni</strong></span> <span class='ocrx_word' id='word_1_179' title='bbox 700 1288 864 1326; x_wconf 88' lang='lat' dir='ltr'><strong>operam</strong></span> <span class='ocrx_word' id='word_1_180' title='bbox 887 1274 980 1311; x_wconf 86' lang='lat' dir='ltr'><strong>dare</strong></span> <span class='ocrx_word' id='word_1_181' title='bbox 1006 1287 1125 1327; x_wconf 88' lang='lat' dir='ltr'><strong>quem</strong></span> <span class='ocrx_word' id='word_1_182' title='bbox 1148 1288 1219 1326; x_wconf 90' lang='lat' dir='ltr'><strong>pro</strong></span> <span class='ocrx_word' id='word_1_183' title='bbox 1242 1288 1339 1312; x_wconf 82' lang='lat' dir='ltr'><strong>aevo</strong></span> <span class='ocrx_word' id='word_1_184' title='bbox 1361 1282 1400 1312; x_wconf 85' lang='lat' dir='ltr'><strong>et</strong></span> <span class='ocrx_word' id='word_1_185' title='bbox 1421 1289 1490 1313; x_wconf 90' lang='lat' dir='ltr'><strong>co-</strong></span> 
     </span>
     <span class='ocr_line' id='line_1_22' title="bbox 25 1331 1490 1384; baseline -0.001 -14"><span class='ocrx_word' id='word_1_186' title='bbox 25 1335 91 1384; x_wconf 77' lang='lat' dir='ltr'><strong>pia</strong></span> <span class='ocrx_word' id='word_1_187' title='bbox 125 1331 178 1370; x_wconf 85' lang='lat' dir='ltr'><strong>ad</strong></span> <span class='ocrx_word' id='word_1_188' title='bbox 214 1331 480 1370; x_wconf 87' lang='lat' dir='ltr'><strong>eruditionem</strong></span> <span class='ocrx_word' id='word_1_189' title='bbox 520 1332 740 1383; x_wconf 87' lang='lat' dir='ltr'><strong>perfectam</strong></span> <span class='ocrx_word' id='word_1_190' title='bbox 771 1333 994 1369; x_wconf 87' lang='lat' dir='ltr'><strong>necessaria</strong></span> <span class='ocrx_word' id='word_1_191' title='bbox 1021 1344 1264 1382; x_wconf 87' lang='lat' dir='ltr'><strong>magnopere</strong></span> <span class='ocrx_word' id='word_1_192' title='bbox 1294 1345 1490 1369; x_wconf 89' lang='lat' dir='ltr'><strong>amamus.</strong></span> 
     </span>
     <span class='ocr_line' id='line_1_23' title="bbox 17 1387 1491 1440; baseline -0.001 -13"><span class='ocrx_word' id='word_1_193' title='bbox 17 1402 120 1427; x_wconf 58' lang='lat' dir='ltr'><strong>&lt;sane</strong></span> <span class='ocrx_word' id='word_1_194' title='bbox 150 1387 362 1440; x_wconf 85' lang='lat' dir='ltr'><strong>dupliciter</strong></span> <span class='ocrx_word' id='word_1_195' title='bbox 379 1389 544 1426; x_wconf 86' lang='lat' dir='ltr'><strong>Ruizius</strong></span> <span class='ocrx_word' id='word_1_196' title='bbox 562 1390 764 1439; x_wconf 83' lang='lat' dir='ltr'><strong>peccavit:</strong></span> <span class='ocrx_word' id='word_1_197' title='bbox 796 1387 977 1425; x_wconf 88' lang='lat' dir='ltr'><strong>ordinem</strong></span> <span class='ocrx_word' id='word_1_198' title='bbox 998 1389 1106 1425; x_wconf 88' lang='lat' dir='ltr'><strong>enim</strong></span> <span class='ocrx_word' id='word_1_199' title='bbox 1124 1401 1311 1425; x_wconf 88' lang='lat' dir='ltr'><strong>versuum</strong></span> <span class='ocrx_word' id='word_1_200' title='bbox 1333 1389 1491 1426; x_wconf 82' lang='lat' dir='ltr'><strong>luxavit</strong></span> 
     </span>
     <span class='ocr_line' id='line_1_24' title="bbox 29 1443 1488 1496; baseline 0.001 -14"><span class='ocrx_word' id='word_1_201' title='bbox 29 1445 132 1494; x_wconf 85' lang='lat'>[109</span> <span class='ocrx_word' id='word_1_202' title='bbox 158 1451 198 1482; x_wconf 87' lang='lat' dir='ltr'><strong>et</strong></span> <span class='ocrx_word' id='word_1_203' title='bbox 228 1447 310 1485; x_wconf 91' lang='lat'><strong>110</strong></span> <span class='ocrx_word' id='word_1_204' title='bbox 337 1451 428 1482; x_wconf 88' lang='lat' dir='ltr'><strong>aute</strong></span> <span class='ocrx_word' id='word_1_205' title='bbox 463 1446 541 1486; x_wconf 88' lang='lat'><strong>107</strong></span> <span class='ocrx_word' id='word_1_206' title='bbox 568 1446 755 1495; x_wconf 88' lang='lat' dir='ltr'><strong>positis],</strong></span> <span class='ocrx_word' id='word_1_207' title='bbox 790 1451 828 1481; x_wconf 90' lang='lat' dir='ltr'><strong>et</strong></span> <span class='ocrx_word' id='word_1_208' title='bbox 854 1445 1001 1495; x_wconf 90' lang='lat' dir='ltr'><strong>pusillo</strong></span> <span class='ocrx_word' id='word_1_209' title='bbox 1035 1443 1181 1482; x_wconf 87' lang='lat' dir='ltr'><strong>mendo</strong></span> <span class='ocrx_word' id='word_1_210' title='bbox 1214 1444 1309 1496; x_wconf 82' lang='lat' dir='ltr'><strong>[qui</strong></span> <span class='ocrx_word' id='word_1_211' title='bbox 1324 1458 1363 1482; x_wconf 92' lang='lat' dir='ltr'><strong>v.</strong></span> <span class='ocrx_word' id='word_1_212' title='bbox 1385 1446 1488 1496; x_wconf 89' lang='lat'>109]</span> 
     </span>
     <span class='ocr_line' id='line_1_25' title="bbox 22 1498 1490 1553; baseline 0 -14"><span class='ocrx_word' id='word_1_213' title='bbox 22 1514 106 1539; x_wconf 81' lang='lat' dir='ltr'><strong>non</strong></span> <span class='ocrx_word' id='word_1_214' title='bbox 137 1499 413 1538; x_wconf 84' lang='lat' dir='ltr'><strong>animadverso</strong></span> <span class='ocrx_word' id='word_1_215' title='bbox 445 1498 626 1537; x_wconf 85' lang='lat' dir='ltr'><strong>hiantem</strong></span> <span class='ocrx_word' id='word_1_216' title='bbox 656 1499 940 1553; x_wconf 82' lang='lat' dir='ltr'><strong>difficilemque</strong></span> <span class='ocrx_word' id='word_1_217' title='bbox 966 1503 1203 1539; x_wconf 88' lang='lat' dir='ltr'><strong>sententiam</strong></span> <span class='ocrx_word' id='word_1_218' title='bbox 1225 1502 1490 1539; x_wconf 85' lang='lat' dir='ltr'><strong>concinnavit.</strong></span> 
     </span>
     <span class='ocr_line' id='line_1_26' title="bbox 21 1557 1490 1610; baseline -0.001 -15"><span class='ocrx_word' id='word_1_219' title='bbox 21 1557 115 1610; x_wconf 66' lang='lat' dir='ltr'><strong>quis</strong></span> <span class='ocrx_word' id='word_1_220' title='bbox 146 1559 278 1605; x_wconf 87' lang='lat' dir='ltr'><strong>enim,</strong></span> <span class='ocrx_word' id='word_1_221' title='bbox 309 1570 478 1609; x_wconf 85' lang='lat' dir='ltr'><strong>quaeso,</strong></span> <span class='ocrx_word' id='word_1_222' title='bbox 505 1563 588 1594; x_wconf 88' lang='lat' dir='ltr'><strong>tam</strong></span> <span class='ocrx_word' id='word_1_223' title='bbox 614 1564 781 1607; x_wconf 86' lang='lat' dir='ltr'><strong>negator</strong></span> <span class='ocrx_word' id='word_1_224' title='bbox 809 1559 881 1594; x_wconf 88' lang='lat' dir='ltr'><strong>erit</strong></span> <span class='ocrx_word' id='word_1_225' title='bbox 900 1559 976 1609; x_wconf 88' lang='lat' dir='ltr'><strong>qui</strong></span> <span class='ocrx_word' id='word_1_226' title='bbox 1003 1571 1084 1594; x_wconf 92' lang='lat' dir='ltr'><strong>non</strong></span> <span class='ocrx_word' id='word_1_227' title='bbox 1114 1559 1351 1595; x_wconf 83' lang='lat' dir='ltr'><strong>assentiatur</strong></span> <span class='ocrx_word' id='word_1_228' title='bbox 1374 1558 1490 1595; x_wconf 90' lang='lat' dir='ltr'><strong>nobis</strong></span> 
     </span>
     <span class='ocr_line' id='line_1_27' title="bbox 24 1612 1491 1666; baseline -0.001 -14"><span class='ocrx_word' id='word_1_229' title='bbox 24 1613 102 1652; x_wconf 81' lang='lat' dir='ltr'><strong>hoc</strong></span> <span class='ocrx_word' id='word_1_230' title='bbox 119 1612 227 1666; x_wconf 74' lang='lat' dir='ltr'><strong>[qui</strong></span> <span class='ocrx_word' id='word_1_231' title='bbox 240 1616 324 1651; x_wconf 91' lang='lat' dir='ltr'><strong>iam</strong></span> <span class='ocrx_word' id='word_1_232' title='bbox 341 1615 546 1651; x_wconf 87' lang='lat' dir='ltr'><strong>restitutus</strong></span> <span class='ocrx_word' id='word_1_233' title='bbox 564 1615 644 1664; x_wconf 83' lang='lat' dir='ltr'><strong>est]</strong></span> <span class='ocrx_word' id='word_1_234' title='bbox 678 1612 816 1650; x_wconf 86' lang='lat' dir='ltr'><strong>ordine</strong></span> <span class='ocrx_word' id='word_1_235' title='bbox 836 1620 1044 1665; x_wconf 88' lang='lat' dir='ltr'><strong>conceptos</strong></span> <span class='ocrx_word' id='word_1_236' title='bbox 1067 1627 1152 1652; x_wconf 87' lang='lat' dir='ltr'><strong>esse</strong></span> <span class='ocrx_word' id='word_1_237' title='bbox 1173 1627 1195 1651; x_wconf 92' lang='lat' dir='ltr'><strong>a</strong></span> <span class='ocrx_word' id='word_1_238' title='bbox 1212 1615 1382 1665; x_wconf 87' lang='lat' dir='ltr'><strong>Corippo</strong></span> <span class='ocrx_word' id='word_1_239' title='bbox 1397 1627 1491 1651; x_wconf 90' lang='lat' dir='ltr'><strong>ver-</strong></span> 
     </span>
     <span class='ocr_line' id='line_1_28' title="bbox 15 1668 1492 1722; baseline 0 -14"><span class='ocrx_word' id='word_1_240' title='bbox 15 1668 202 1708; x_wconf 56' lang='lat' dir='ltr'><strong>siculos?</strong></span> <span class='ocrx_word' id='word_1_241' title='bbox 261 1682 364 1722; x_wconf 89' lang='lat' dir='ltr'><strong>quae</strong></span> <span class='ocrx_word' id='word_1_242' title='bbox 405 1668 578 1707; x_wconf 86' lang='lat' dir='ltr'><strong>difficilis</strong></span> <span class='ocrx_word' id='word_1_243' title='bbox 607 1668 881 1722; x_wconf 82' lang='lat' dir='ltr'><strong>impeditaque</strong></span> <span class='ocrx_word' id='word_1_244' title='bbox 916 1677 1017 1717; x_wconf 87' lang='lat' dir='ltr'><strong>erat,</strong></span> <span class='ocrx_word' id='word_1_245' title='bbox 1065 1672 1121 1708; x_wconf 89' lang='lat' dir='ltr'><strong>sic</strong></span> <span class='ocrx_word' id='word_1_246' title='bbox 1151 1670 1319 1708; x_wconf 87' lang='lat' dir='ltr'><strong>meridie</strong></span> <span class='ocrx_word' id='word_1_247' title='bbox 1351 1671 1492 1709; x_wconf 89' lang='lat' dir='ltr'><strong>clarior</strong></span> 
     </span>
     <span class='ocr_line' id='line_1_29' title="bbox 16 1724 1490 1779; baseline 0 -15"><span class='ocrx_word' id='word_1_248' title='bbox 16 1727 222 1765; x_wconf 53' lang='lat' dir='ltr'><strong>sententia</strong></span> <span class='ocrx_word' id='word_1_249' title='bbox 252 1724 435 1764; x_wconf 85' lang='lat' dir='ltr'><strong>habetur.</strong></span> <span class='ocrx_word' id='word_1_250' title='bbox 495 1728 650 1777; x_wconf 88' lang='lat' dir='ltr'><strong>scripsit</strong></span> <span class='ocrx_word' id='word_1_251' title='bbox 678 1739 772 1763; x_wconf 87' lang='lat' dir='ltr'><strong>vero</strong></span> <span class='ocrx_word' id='word_1_252' title='bbox 801 1728 915 1778; x_wconf 79' lang='lat' dir='ltr'><strong>quia,</strong></span> <span class='ocrx_word' id='word_1_253' title='bbox 946 1725 1098 1764; x_wconf 88' lang='lat' dir='ltr'><strong>duabus</strong></span> <span class='ocrx_word' id='word_1_254' title='bbox 1118 1728 1283 1779; x_wconf 87' lang='lat' dir='ltr'><strong>syllabis</strong></span> <span class='ocrx_word' id='word_1_255' title='bbox 1302 1728 1344 1764; x_wconf 91' lang='lat' dir='ltr'><strong>in</strong></span> <span class='ocrx_word' id='word_1_256' title='bbox 1366 1740 1490 1765; x_wconf 90' lang='lat' dir='ltr'><strong>unam</strong></span> 
     </span>
     <span class='ocr_line' id='line_1_30' title="bbox 28 1782 1490 1835; baseline 0.001 -15"><span class='ocrx_word' id='word_1_257' title='bbox 28 1783 257 1831; x_wconf 84' lang='lat' dir='ltr'><strong>contractis,</strong></span> <span class='ocrx_word' id='word_1_258' title='bbox 289 1782 398 1835; x_wconf 90' lang='lat' dir='ltr'><strong>quod</strong></span> <span class='ocrx_word' id='word_1_259' title='bbox 418 1796 502 1820; x_wconf 90' lang='lat' dir='ltr'><strong>non</strong></span> <span class='ocrx_word' id='word_1_260' title='bbox 521 1784 651 1834; x_wconf 90' lang='lat' dir='ltr'><strong>potuit</strong></span> <span class='ocrx_word' id='word_1_261' title='bbox 673 1782 987 1820; x_wconf 87' lang='lat' dir='ltr'><strong>animadvertere</strong></span> <span class='ocrx_word' id='word_1_262' title='bbox 1008 1782 1136 1821; x_wconf 87' lang='lat' dir='ltr'><strong>editor</strong></span> <span class='ocrx_word' id='word_1_263' title='bbox 1156 1786 1372 1835; x_wconf 88' lang='lat' dir='ltr'><strong>Hispanus.</strong></span> <span class='ocrx_word' id='word_1_264' title='bbox 1432 1786 1490 1822; x_wconf 90' lang='lat' dir='ltr'><strong>sic</strong></span> 
     </span>
     <span class='ocr_line' id='line_1_31' title="bbox 27 1838 1488 1891; baseline 0.001 -14"><span class='ocrx_word' id='word_1_265' title='bbox 27 1852 188 1883; x_wconf 74' lang='lat' dir='ltr'><strong>causam</strong></span> <span class='ocrx_word' id='word_1_266' title='bbox 207 1840 382 1890; x_wconf 80' lang='lat' dir='ltr'><strong>assignat</strong></span> <span class='ocrx_word' id='word_1_267' title='bbox 403 1853 471 1877; x_wconf 88' lang='lat' dir='ltr'><strong>cur</strong></span> <span class='ocrx_word' id='word_1_268' title='bbox 490 1846 528 1876; x_wconf 88' lang='lat' dir='ltr'><strong>et</strong></span> <span class='ocrx_word' id='word_1_269' title='bbox 546 1838 716 1890; x_wconf 88' lang='lat' dir='ltr'><strong>pedibus</strong></span> <span class='ocrx_word' id='word_1_270' title='bbox 738 1840 946 1876; x_wconf 90' lang='lat' dir='ltr'><strong>conveniat</strong></span> <span class='ocrx_word' id='word_1_271' title='bbox 965 1841 1135 1877; x_wconf 83' lang='lat' dir='ltr'><strong>Romani</strong></span> <span class='ocrx_word' id='word_1_272' title='bbox 1157 1842 1348 1891; x_wconf 89' lang='lat' dir='ltr'><strong>principis</strong></span> <span class='ocrx_word' id='word_1_273' title='bbox 1372 1854 1488 1878; x_wconf 88' lang='lat' dir='ltr'><strong>cruo-</strong></span> 
     </span>
     <span class='ocr_line' id='line_1_32' title="bbox 11 1894 1487 1946; baseline 0 -12"><span class='ocrx_word' id='word_1_274' title='bbox 11 1896 80 1934; x_wconf 76' lang='lat' dir='ltr'><strong>·ris</strong></span> <span class='ocrx_word' id='word_1_275' title='bbox 100 1896 219 1934; x_wconf 87' lang='lat' dir='ltr'><strong>color.</strong></span> <span class='ocrx_word' id='word_1_276' title='bbox 280 1902 362 1933; x_wconf 86' lang='lat' dir='ltr'><strong>erat</strong></span> <span class='ocrx_word' id='word_1_277' title='bbox 380 1902 468 1933; x_wconf 90' lang='lat' dir='ltr'><strong>tum</strong></span> <span class='ocrx_word' id='word_1_278' title='bbox 490 1894 596 1946; x_wconf 88' lang='lat' dir='ltr'><strong>apud</strong></span> <span class='ocrx_word' id='word_1_279' title='bbox 620 1897 790 1933; x_wconf 88' lang='lat' dir='ltr'><strong>Graecos</strong></span> <span class='ocrx_word' id='word_1_280' title='bbox 807 1897 1066 1946; x_wconf 85' lang='lat' dir='ltr'><strong>imperatores</strong></span> <span class='ocrx_word' id='word_1_281' title='bbox 1084 1898 1207 1934; x_wconf 78' lang='lat' dir='ltr'><strong>mor1s</strong></span> <span class='ocrx_word' id='word_1_282' title='bbox 1229 1895 1388 1934; x_wconf 86' lang='lat' dir='ltr'><strong>hostem</strong></span> <span class='ocrx_word' id='word_1_283' title='bbox 1406 1910 1487 1934; x_wconf 89' lang='lat' dir='ltr'><strong>non</strong></span> 
     </span>
     <span class='ocr_line' id='line_1_33' title="bbox 11 1950 1488 2005; baseline 0 -14"><span class='ocrx_word' id='word_1_284' title='bbox 11 1969 18 1999; x_wconf 53' lang='grc' dir='ltr'><em>ι</em></span> <span class='ocrx_word' id='word_1_285' title='bbox 53 1953 135 1991; x_wconf 77' lang='lat' dir='ltr'><strong>tius</strong></span> <span class='ocrx_word' id='word_1_286' title='bbox 161 1950 380 1992; x_wconf 82' lang='lat' dir='ltr'><strong>edomitum</strong></span> <span class='ocrx_word' id='word_1_287' title='bbox 407 1959 546 2004; x_wconf 86' lang='lat' dir='ltr'><strong>putare</strong></span> <span class='ocrx_word' id='word_1_288' title='bbox 578 1965 699 2004; x_wconf 83' lang='lat' dir='ltr'><strong>quam</strong></span> <span class='ocrx_word' id='word_1_289' title='bbox 726 1966 818 1989; x_wconf 90' lang='lat' dir='ltr'><strong>cum</strong></span> <span class='ocrx_word' id='word_1_290' title='bbox 843 1951 1013 2004; x_wconf 87' lang='lat' dir='ltr'><strong>pedibus</strong></span> <span class='ocrx_word' id='word_1_291' title='bbox 1039 1954 1124 1990; x_wconf 86' lang='lat' dir='ltr'><strong>eius</strong></span> <span class='ocrx_word' id='word_1_292' title='bbox 1155 1954 1257 1990; x_wconf 91' lang='lat' dir='ltr'><strong>collo</strong></span> <span class='ocrx_word' id='word_1_293' title='bbox 1283 1955 1488 2005; x_wconf 89' lang='lat' dir='ltr'><strong>impressis</strong></span> 
     </span>
     <span class='ocr_line' id='line_1_34' title="bbox 12 2007 1492 2060; baseline 0 -13"><span class='ocrx_word' id='word_1_294' title='bbox 12 2011 20 2042; x_wconf 77' lang='grc' dir='ltr'>Ι</span> <span class='ocrx_word' id='word_1_295' title='bbox 43 2021 227 2057; x_wconf 28' lang='lat' dir='ltr'><strong>‘omanus</strong></span> <span class='ocrx_word' id='word_1_296' title='bbox 244 2009 429 2060; x_wconf 87' lang='lat' dir='ltr'><strong>princeps</strong></span> <span class='ocrx_word' id='word_1_297' title='bbox 451 2007 700 2060; x_wconf 88' lang='lat' dir='ltr'><strong>triumphum</strong></span> <span class='ocrx_word' id='word_1_298' title='bbox 722 2009 945 2047; x_wconf 88' lang='lat' dir='ltr'><strong>solemnem</strong></span> <span class='ocrx_word' id='word_1_299' title='bbox 969 2008 1018 2046; x_wconf 90' lang='lat' dir='ltr'><strong>de</strong></span> <span class='ocrx_word' id='word_1_300' title='bbox 1041 2023 1086 2046; x_wconf 89' lang='lat' dir='ltr'><strong>eo</strong></span> <span class='ocrx_word' id='word_1_301' title='bbox 1105 2011 1339 2060; x_wconf 85' lang='lat' dir='ltr'><strong>peregisset.</strong></span> <span class='ocrx_word' id='word_1_302' title='bbox 1399 2023 1492 2047; x_wconf 90' lang='lat' dir='ltr'><strong>eum</strong></span> 
     </span>
     <span class='ocr_line' id='line_1_35' title="bbox 12 2059 1492 2117; baseline 0 -14"><span class='ocrx_word' id='word_1_303' title='bbox 12 2059 180 2116; x_wconf 69' lang='lat' dir='ltr'><strong>»morem</strong></span> <span class='ocrx_word' id='word_1_304' title='bbox 205 2063 331 2103; x_wconf 86' lang='lat' dir='ltr'><strong>habes</strong></span> <span class='ocrx_word' id='word_1_305' title='bbox 360 2066 404 2102; x_wconf 88' lang='lat' dir='ltr'><strong>in</strong></span> <span class='ocrx_word' id='word_1_306' title='bbox 434 2065 614 2103; x_wconf 87' lang='lat' dir='ltr'><strong>eiusdem</strong></span> <span class='ocrx_word' id='word_1_307' title='bbox 642 2064 761 2103; x_wconf 85' lang='lat' dir='ltr'><strong>huius</strong></span> <span class='ocrx_word' id='word_1_308' title='bbox 790 2067 932 2103; x_wconf 88' lang='lat' dir='ltr'><strong>Iustini</strong></span> <span class='ocrx_word' id='word_1_309' title='bbox 953 2064 1118 2103; x_wconf 89' lang='lat' dir='ltr'><strong>historia</strong></span> <span class='ocrx_word' id='word_1_310' title='bbox 1142 2073 1352 2117; x_wconf 87' lang='lat' dir='ltr'><strong>cognatum</strong></span> <span class='ocrx_word' id='word_1_311' title='bbox 1373 2079 1492 2104; x_wconf 89' lang='lat' dir='ltr'><strong>suum</strong></span> 
     </span>
     <span class='ocr_line' id='line_1_36' title="bbox 28 2119 1491 2174; baseline 0.001 -16"><span class='ocrx_word' id='word_1_312' title='bbox 28 2119 171 2159; x_wconf 80' lang='lat' dir='ltr'><strong>eodem</strong></span> <span class='ocrx_word' id='word_1_313' title='bbox 196 2122 359 2159; x_wconf 88' lang='lat' dir='ltr'><strong>nomine</strong></span> <span class='ocrx_word' id='word_1_314' title='bbox 389 2122 586 2171; x_wconf 87' lang='lat' dir='ltr'><strong>tollentis,</strong></span> <span class='ocrx_word' id='word_1_315' title='bbox 630 2124 742 2160; x_wconf 89' lang='lat' dir='ltr'><strong>cuius</strong></span> <span class='ocrx_word' id='word_1_316' title='bbox 769 2129 807 2159; x_wconf 89' lang='lat' dir='ltr'><strong>et</strong></span> <span class='ocrx_word' id='word_1_317' title='bbox 837 2124 1038 2159; x_wconf 88' lang='lat' dir='ltr'><strong>interemti</strong></span> <span class='ocrx_word' id='word_1_318' title='bbox 1068 2130 1186 2173; x_wconf 89' lang='lat' dir='ltr'><strong>caput</strong></span> <span class='ocrx_word' id='word_1_319' title='bbox 1218 2136 1308 2160; x_wconf 88' lang='lat' dir='ltr'><strong>cum</strong></span> <span class='ocrx_word' id='word_1_320' title='bbox 1338 2121 1491 2174; x_wconf 88' lang='lat' dir='ltr'><strong>Sophia</strong></span> 
     </span>
     <span class='ocr_line' id='line_1_37' title="bbox 11 2177 1490 2234; baseline 0.001 -20"><span class='ocrx_word' id='word_1_321' title='bbox 11 2178 197 2234; x_wconf 65' lang='lat' dir='ltr'><strong>aqoniuge</strong></span> <span class='ocrx_word' id='word_1_322' title='bbox 224 2178 491 2226; x_wconf 83' lang='lat' dir='ltr'><strong>conculcavit,</strong></span> <span class='ocrx_word' id='word_1_323' title='bbox 526 2178 632 2230; x_wconf 84' lang='lat' dir='ltr'><strong>apud</strong></span> <span class='ocrx_word' id='word_1_324' title='bbox 653 2177 924 2229; x_wconf 88' lang='lat' dir='ltr'><strong>Nicephorum</strong></span> <span class='ocrx_word' id='word_1_325' title='bbox 946 2179 1154 2216; x_wconf 82' lang='lat' dir='ltr'><strong>Callistum</strong></span> <span class='ocrx_word' id='word_1_326' title='bbox 1172 2180 1225 2220; x_wconf 91' lang='grc'><strong>17</strong></span> <span class='ocrx_word' id='word_1_327' title='bbox 1255 2178 1331 2226; x_wconf 83' lang='grc'><strong>34,</strong></span> <span class='ocrx_word' id='word_1_328' title='bbox 1367 2192 1389 2216; x_wconf 89' lang='lat' dir='ltr'><strong>a</strong></span> <span class='ocrx_word' id='word_1_329' title='bbox 1411 2192 1490 2231; x_wconf 92' lang='lat' dir='ltr'><strong>quo</strong></span> 
     </span>
     <span class='ocr_line' id='line_1_38' title="bbox 11 2232 1490 2287; baseline 0.001 -16"><span class='ocrx_word' id='word_1_330' title='bbox 11 2234 216 2285; x_wconf 60' lang='lat' dir='ltr'><strong>vapriptore</strong></span> <span class='ocrx_word' id='word_1_331' title='bbox 235 2232 285 2271; x_wconf 89' lang='lat' dir='ltr'><strong>de</strong></span> <span class='ocrx_word' id='word_1_332' title='bbox 303 2232 381 2271; x_wconf 88' lang='lat' dir='ltr'><strong>hoc</strong></span> <span class='ocrx_word' id='word_1_333' title='bbox 396 2236 574 2286; x_wconf 86' lang='lat' dir='ltr'><strong>principe</strong></span> <span class='ocrx_word' id='word_1_334' title='bbox 593 2236 671 2272; x_wconf 88' lang='lat' dir='ltr'><strong>alia</strong></span> <span class='ocrx_word' id='word_1_335' title='bbox 690 2237 823 2273; x_wconf 87' lang='lat' dir='ltr'><strong>omnia</strong></span> <span class='ocrx_word' id='word_1_336' title='bbox 839 2242 1049 2272; x_wconf 85' lang='lat' dir='ltr'><strong>narrantur</strong></span> <span class='ocrx_word' id='word_1_337' title='bbox 1067 2247 1188 2286; x_wconf 88' lang='lat' dir='ltr'><strong>quam</strong></span> <span class='ocrx_word' id='word_1_338' title='bbox 1212 2242 1251 2272; x_wconf 87' lang='lat' dir='ltr'><strong>et</strong></span> <span class='ocrx_word' id='word_1_339' title='bbox 1274 2248 1295 2272; x_wconf 85' lang='lat' dir='ltr'><strong>a</strong></span> <span class='ocrx_word' id='word_1_340' title='bbox 1319 2236 1490 2287; x_wconf 90' lang='lat' dir='ltr'><strong>Corippo</strong></span> 
     </span>
     <span class='ocr_line' id='line_1_39' title="bbox 0 2291 1491 2343; baseline 0.002 -16"><span class='ocrx_word' id='word_1_341' title='bbox 0 2295 160 2339; x_wconf 50' lang='lat' dir='ltr'><strong>fnostro</strong></span> <span class='ocrx_word' id='word_1_342' title='bbox 197 2296 236 2327; x_wconf 89' lang='lat' dir='ltr'><strong>et</strong></span> <span class='ocrx_word' id='word_1_343' title='bbox 267 2291 356 2328; x_wconf 84' lang='lat' dir='ltr'><strong>aliis</strong></span> <span class='ocrx_word' id='word_1_344' title='bbox 383 2292 686 2343; x_wconf 88' lang='lat' dir='ltr'><strong>antiquioribus.</strong></span> <span class='ocrx_word' id='word_1_345' title='bbox 743 2304 817 2329; x_wconf 88' lang='lat' dir='ltr'><strong>nos</strong></span> <span class='ocrx_word' id='word_1_346' title='bbox 849 2305 943 2329; x_wconf 88' lang='lat' dir='ltr'><strong>vero</strong></span> <span class='ocrx_word' id='word_1_347' title='bbox 973 2292 1166 2330; x_wconf 81' lang='lat' dir='ltr'><strong>fabulosis</strong></span> <span class='ocrx_word' id='word_1_348' title='bbox 1196 2293 1491 2330; x_wconf 89' lang='lat' dir='ltr'><strong>narrationibus</strong></span> 
     </span>
     <span class='ocr_line' id='line_1_40' title="bbox 0 2341 1490 2399; baseline 0.001 -15"><span class='ocrx_word' id='word_1_349' title='bbox 0 2341 14 2377; x_wconf 37' lang='grc' dir='ltr'><strong>ἕ,</strong></span> <span class='ocrx_word' id='word_1_350' title='bbox 30 2342 287 2396; x_wconf 59' lang='lat' dir='ltr'><strong>qddictiorem</strong></span> <span class='ocrx_word' id='word_1_351' title='bbox 305 2348 515 2385; x_wconf 85' lang='lat' dir='ltr'><strong>Callistum</strong></span> <span class='ocrx_word' id='word_1_352' title='bbox 532 2349 649 2386; x_wconf 87' lang='lat' dir='ltr'><strong>illum</strong></span> <span class='ocrx_word' id='word_1_353' title='bbox 667 2346 818 2386; x_wconf 88' lang='lat' dir='ltr'><strong>honore</strong></span> <span class='ocrx_word' id='word_1_354' title='bbox 837 2349 1026 2399; x_wconf 41' lang='lat' dir='ltr'><strong>praefato,</strong></span> <span class='ocrx_word' id='word_1_355' title='bbox 1039 2350 1283 2399; x_wconf 86' lang='lat' dir='ltr'><strong>seponimus.</strong></span> <span class='ocrx_word' id='word_1_356' title='bbox 1323 2350 1490 2387; x_wconf 73' lang='lat' dir='ltr'><strong>BAn&#39;rn.</strong></span> 
     </span>
     <span class='ocr_line' id='line_1_41' title="bbox 12 2398 1491 2457; baseline 0.001 -17"><span class='ocrx_word' id='word_1_357' title='bbox 12 2398 105 2447; x_wconf 67' lang='lat' dir='ltr'><strong>‘hos</strong></span> <span class='ocrx_word' id='word_1_358' title='bbox 118 2415 255 2446; x_wconf 83' lang='lat' dir='ltr'><strong>versus</strong></span> <span class='ocrx_word' id='word_1_359' title='bbox 273 2416 296 2441; x_wconf 92' lang='lat' dir='ltr'><strong>a</strong></span> <span class='ocrx_word' id='word_1_360' title='bbox 310 2405 450 2442; x_wconf 86' lang='lat' dir='ltr'><strong>Ruizio</strong></span> <span class='ocrx_word' id='word_1_361' title='bbox 469 2405 646 2443; x_wconf 79' lang='lat' dir='ltr'><strong>turbatos</strong></span> <span class='ocrx_word' id='word_1_362' title='bbox 666 2411 784 2457; x_wconf 90' lang='lat' dir='ltr'><strong>atque</strong></span> <span class='ocrx_word' id='word_1_363' title='bbox 805 2412 1005 2456; x_wconf 86' lang='lat' dir='ltr'><strong>corruptos</strong></span> <span class='ocrx_word' id='word_1_364' title='bbox 1022 2406 1077 2442; x_wconf 90' lang='lat' dir='ltr'><strong>ita</strong></span> <span class='ocrx_word' id='word_1_365' title='bbox 1091 2403 1278 2443; x_wconf 85' lang='lat' dir='ltr'><strong>Barthius</strong></span> <span class='ocrx_word' id='word_1_366' title='bbox 1296 2404 1491 2457; x_wconf 84' lang='lat' dir='ltr'><strong>disposuit</strong></span> 
     </span>
     <span class='ocr_line' id='line_1_42' title="bbox 31 2460 1492 2514; baseline 0.002 -18"><span class='ocrx_word' id='word_1_367' title='bbox 31 2463 150 2512; x_wconf 53' lang='grc' dir='ltr'><strong>ῃφιο</strong></span> <span class='ocrx_word' id='word_1_368' title='bbox 178 2461 414 2512; x_wconf 79' lang='lat' dir='ltr'><strong>perpolivit3</strong></span> <span class='ocrx_word' id='word_1_369' title='bbox 445 2460 517 2499; x_wconf 88' lang='lat' dir='ltr'><strong>sed</strong></span> <span class='ocrx_word' id='word_1_370' title='bbox 537 2475 575 2500; x_wconf 89' lang='lat' dir='ltr'><strong>v.</strong></span> <span class='ocrx_word' id='word_1_371' title='bbox 597 2463 677 2503; x_wconf 85' lang='lat'><strong>109</strong></span> <span class='ocrx_word' id='word_1_372' title='bbox 700 2475 772 2512; x_wconf 89' lang='lat' dir='ltr'><strong>pro</strong></span> <span class='ocrx_word' id='word_1_373' title='bbox 793 2463 890 2512; x_wconf 82' lang='lat' dir='ltr'><strong>quia</strong></span> <span class='ocrx_word' id='word_1_374' title='bbox 913 2462 1092 2500; x_wconf 86' lang='lat' dir='ltr'><strong>sufficere</strong></span> <span class='ocrx_word' id='word_1_375' title='bbox 1113 2463 1253 2499; x_wconf 90' lang='lat' dir='ltr'><strong>malim</strong></span> <span class='ocrx_word' id='word_1_376' title='bbox 1279 2464 1390 2514; x_wconf 73' lang='lat' dir='ltr'><strong>queis</strong></span> <span class='ocrx_word' id='word_1_377' title='bbox 1420 2466 1492 2500; x_wconf 87' lang='lat' dir='ltr'><strong>seu</strong></span> 
     </span>
     <span class='ocr_line' id='line_1_43' title="bbox 31 2513 1491 2570; baseline 0.001 -17"><span class='ocrx_word' id='word_1_378' title='bbox 31 2515 138 2568; x_wconf 68' lang='lat' dir='ltr'><strong>quis,</strong></span> <span class='ocrx_word' id='word_1_379' title='bbox 165 2513 241 2554; x_wconf 88' lang='lat' dir='ltr'><strong>hoc</strong></span> <span class='ocrx_word' id='word_1_380' title='bbox 269 2523 331 2558; x_wconf 62' lang='lat' dir='ltr'><strong>,est</strong></span> <span class='ocrx_word' id='word_1_381' title='bbox 354 2517 532 2568; x_wconf 75' lang='lat' dir='ltr'><strong>plantis;</strong></span> <span class='ocrx_word' id='word_1_382' title='bbox 563 2525 601 2556; x_wconf 91' lang='lat' dir='ltr'><strong>et</strong></span> <span class='ocrx_word' id='word_1_383' title='bbox 635 2520 873 2556; x_wconf 88' lang='lat' dir='ltr'><strong>sententiam</strong></span> <span class='ocrx_word' id='word_1_384' title='bbox 903 2526 1050 2570; x_wconf 89' lang='lat' dir='ltr'><strong>puncto</strong></span> <span class='ocrx_word' id='word_1_385' title='bbox 1075 2518 1310 2557; x_wconf 88' lang='lat' dir='ltr'><strong>concludere</strong></span> <span class='ocrx_word' id='word_1_386' title='bbox 1339 2521 1382 2555; x_wconf 90' lang='lat' dir='ltr'><strong>in</strong></span> <span class='ocrx_word' id='word_1_387' title='bbox 1412 2518 1491 2555; x_wconf 86' lang='lat' dir='ltr'><strong>fine</strong></span> 
     </span>
     <span class='ocr_line' id='line_1_44' title="bbox 29 2570 1492 2628; baseline -0.001 -15"><span class='ocrx_word' id='word_1_388' title='bbox 29 2581 70 2607; x_wconf 71' lang='lat' dir='ltr'><strong>V·</strong></span> <span class='ocrx_word' id='word_1_389' title='bbox 89 2570 185 2613; x_wconf 87' lang='lat'><strong>110.</strong></span> <span class='ocrx_word' id='word_1_390' title='bbox 240 2571 634 2628; x_wconf 9' lang='lat' dir='ltr'><strong>Vonckiuquuoque</strong></span> <span class='ocrx_word' id='word_1_391' title='bbox 667 2588 719 2612; x_wconf 83' lang='lat' dir='ltr'><strong>ex</strong></span> <span class='ocrx_word' id='word_1_392' title='bbox 749 2574 956 2613; x_wconf 86' lang='lat' dir='ltr'><strong>cuiusdam</strong></span> <span class='ocrx_word' id='word_1_393' title='bbox 984 2574 1090 2614; x_wconf 76' lang='lat' dir='ltr'><strong>docti</strong></span> <span class='ocrx_word' id='word_1_394' title='bbox 1112 2577 1187 2613; x_wconf 87' lang='lat' dir='ltr'><strong>viri</strong></span> <span class='ocrx_word' id='word_1_395' title='bbox 1206 2574 1355 2613; x_wconf 90' lang='lat' dir='ltr'><strong>iudicio</strong></span> <span class='ocrx_word' id='word_1_396' title='bbox 1373 2575 1492 2612; x_wconf 80' lang='lat' dir='ltr'><strong>resti-</strong></span> 
     </span>
     <span class='ocr_line' id='line_1_45' title="bbox 29 2624 1489 2685; baseline 0.002 -22"><span class='ocrx_word' id='word_1_397' title='bbox 29 2624 224 2665; x_wconf 81' lang='lat' dir='ltr'><strong>tuendum</strong></span> <span class='ocrx_word' id='word_1_398' title='bbox 248 2632 398 2668; x_wconf 79' lang='lat' dir='ltr'><strong>censuit</strong></span> <span class='ocrx_word' id='word_1_399' title='bbox 428 2633 555 2683; x_wconf 74' lang='lat' dir='ltr'><strong>queis,</strong></span> <span class='ocrx_word' id='word_1_400' title='bbox 590 2644 712 2684; x_wconf 82' lang='lat' dir='ltr'><strong>quam</strong></span> <span class='ocrx_word' id='word_1_401' title='bbox 744 2632 955 2670; x_wconf 88' lang='lat' dir='ltr'><strong>lectionem</strong></span> <span class='ocrx_word' id='word_1_402' title='bbox 981 2634 1161 2685; x_wconf 77' lang='lat' dir='ltr'><strong>sequitur</strong></span> <span class='ocrx_word' id='word_1_403' title='bbox 1182 2629 1489 2681; x_wconf 79' lang='lat' dir='ltr'><strong>christophorus</strong></span> 
     </span>
     <span class='ocr_line' id='line_1_46' title="bbox 31 2681 1488 2742; baseline 0.002 -23"><span class='ocrx_word' id='word_1_404' title='bbox 31 2681 179 2726; x_wconf 69' lang='lat' dir='ltr'><strong>Snxius</strong></span> <span class='ocrx_word' id='word_1_405' title='bbox 200 2684 245 2721; x_wconf 84' lang='lat' dir='ltr'><strong>in</strong></span> <span class='ocrx_word' id='word_1_406' title='bbox 263 2685 492 2738; x_wconf 79' lang='lat' dir='ltr'><strong>Diptychon</strong></span> <span class='ocrx_word' id='word_1_407' title='bbox 513 2689 669 2740; x_wconf 80' lang='lat' dir='ltr'><strong>Magni</strong></span> <span class='ocrx_word' id='word_1_408' title='bbox 683 2688 869 2726; x_wconf 74' lang='lat' dir='ltr'><strong>consulis.</strong></span> <span class='ocrx_word' id='word_1_409' title='bbox 931 2688 1004 2727; x_wconf 90' lang='lat' dir='ltr'><strong>sed</strong></span> <span class='ocrx_word' id='word_1_410' title='bbox 1029 2691 1122 2742; x_wconf 91' lang='lat' dir='ltr'><strong>quia</strong></span> <span class='ocrx_word' id='word_1_411' title='bbox 1141 2695 1283 2726; x_wconf 85' lang='lat' dir='ltr'><strong>neuter</strong></span> <span class='ocrx_word' id='word_1_412' title='bbox 1302 2698 1488 2725; x_wconf 88' lang='lat' dir='ltr'><strong>versuum</strong></span> 
     </span>
     <span class='ocr_line' id='line_1_47' title="bbox 32 2740 1487 2797; baseline -0.004 -13"><span class='ocrx_word' id='word_1_413' title='bbox 32 2740 524 2788; x_wconf 60' lang='lat' dir='ltr'><strong>⁰2³.(³(3110miam-a-Ruizio</strong></span> <span class='ocrx_word' id='word_1_414' title='bbox 552 2746 832 2797; x_wconf 86' lang='lat' dir='ltr'><strong>interpolatam</strong></span> <span class='ocrx_word' id='word_1_415' title='bbox 866 2747 1058 2795; x_wconf 82' lang='lat' dir='ltr'><strong>correxit,</strong></span> <span class='ocrx_word' id='word_1_416' title='bbox 1102 2747 1279 2795; x_wconf 88' lang='lat' dir='ltr'><strong>ineptam</strong></span> <span class='ocrx_word' id='word_1_417' title='bbox 1315 2743 1487 2793; x_wconf 84' lang='lat' dir='ltr'><strong>Corippo</strong></span> 
     </span>
    </p>
   </div>
   <div class='ocr_carea' id='block_1_3' title="bbox 0 0 31 2336">
    <p class='ocr_par' dir='ltr' id='par_1_3' title="bbox 0 0 31 2336">
     <span class='ocr_line' id='line_1_48' title="bbox 0 0 31 2336; baseline 0 -1371"><span class='ocrx_word' id='word_1_418' title='bbox 0 0 31 2336; x_wconf 95' lang='lat' dir='ltr'><strong>     </strong></span> 
     </span>
    </p>
   </div>
  </div>
 </body>
</html>
