1702 3060
405 77 464 120 IN
497 76 852 122 IOHANNIDOS
885 79 930 121 V
957 76 1160 121 NOTAE.
1408 76 1507 122 273

48 188 336 242 fippusnoster
354 186 439 224 eius
461 193 596 225 auctor
611 201 691 226 non
713 195 772 226 est
785 217 796 237 ‚
835 194 939 226 certe
965 194 1024 227 est
1043 199 1142 240 opus
1167 192 1311 241 poetae
1330 186 1513 228 eiusdem

35 247 149 287 mevi.
211 259 334 297 quam
351 243 446 281 bene
463 244 621 282 ear-bata·
636 245 785 282 directa
805 252 861 281 est
881 247 1020 282 semita
1030 247 1187 296 pontis,
1206 253 1326 297 atque
1343 247 1513 284 interno-

31 309 159 356 thum
177 303 434 340 continuatur
451 302 536 338 iter.
571 301 775 339 calcamus
793 302 962 351 rapidae
981 301 1148 340 subiecti
1152 303 1345 353 fluminis
1362 302 1512 352 undas,

36 358 84 398 sut
97 357 194 396 libet
211 360 338 396 iratae
361 371 514 395 cernere
529 372 711 395 murmur
728 371 872 409 aquae.
934 359 986 395 ite
1011 360 1140 410 igitur
1146 359 1301 410 faciles
1314 373 1390 410 per
1402 373 1513 411 gau-

35 415 116 455 <dia
141 423 272 454 vestra
302 415 490 467 Quirites,
530 422 569 450 et
596 415 765 451 [Varus-im
788 427 977 452 resonans
996 415 1172 465 plausus
1200 415 1346 467 ubique
1375 422 1508 453 canat.

44 473 118 524 qui
137 473 275 522 potuit
299 471 454 522 rigidas
482 470 703 508 Gothorum
730 469 896 508 subdere
923 478 1090 519 mentes,
1128 471 1196 509 lzic
1213 472 1351 511 docuit
1368 472 1516 511 durum

36 528 337 580 fluminaserre
355 529 510 577 iugum.

156 587 226 627 68.
282 584 369 622 Val.
388 584 518 620 Flacc.
543 584 570 623 7
593 585 695 624 173:
724 584 907 620 animum
930 585 1156 636 contingere
1178 597 1290 622 cura.

155 643 225 682 71.
283 640 446 678 Sueton-
474 640 572 677 Caes
589 638 639 679 42
672 639 818 677 dubias
833 642 1024 678 civitates.

156 698 226 738 79.
283 709 367 734 mss
389 709 526 742 canos,
557 708 679 747 quam
697 710 838 734 vocem
855 699 1024 735 mutavit
1058 695 1107 734 de
1129 697 1251 735 Bonis
1270 697 1299 735 1.
1324 710 1358 735 c.
1378 709 1419 736 v.
1432 696 1516 740 895

44 753 243 806 iasone&
264 751 338 790 sed
353 750 465 790 idem
484 754 527 790 in
548 751 636 790 cdd.
655 754 691 791 A
710 752 792 794 274
810 767 850 805 p.
876 753 973 803 234,
1006 755 1145 805 ecloga
1168 755 1231 792 cui
1250 755 1390 794 titulus
1406 753 1517 792 Are-

44 812 163 856 tium,
190 808 315 847 habet
334 822 463 846 conos.

92 916 95 917 ⁷
156 868 225 908 80.
285 867 396 917 Virg.
413 864 523 902 Aen.
546 866 572 906 9
595 867 699 906 660:
731 865 1047 918 pharetramque
1058 865 1176 917 suga
1198 879 1349 904 sensere
1366 880 1516 904 sonan·-

157 981 227 1021 88.
286 977 443 1015 Plinius
461 978 523 1014 H.
548 976 607 1014 JV.
634 978 659 1017 8
682 979 707 1017 3
729 979 802 1015 sub
823 978 891 1016 fin.
915 980 1176 1031 inscriptique
1193 979 1343 1017 vultus.

157 1037 226 1077 87.
283 1048 346 1073 ms
369 1033 575 1080 labemus,-
605 1031 712 1070 unde
731 1034 898 1073 fortasse
921 1036 1055 1086 legere
1074 1037 1224 1087 poteris
1249 1035 1416 1073 labores.

156 1094 227 1132 90.
285 1093 367 1129 Cic.
404 1090 565 1128 Tuscul.
604 1090 764 1140 Quaest.
797 1091 822 1132 5
851 1094 929 1132 28:
979 1094 1171 1143 sapientis
1202 1099 1259 1130 est
1286 1093 1519 1143 proprium,

44 1147 167 1195 nihil,
196 1148 306 1200 quod
319 1148 523 1198 poenitere
544 1148 693 1196 possit,
718 1147 880 1198 sacere;
919 1155 958 1186 et
979 1149 1028 1186 de
1044 1150 1202 1187 Invent.
1224 1153 1252 1190 2
1276 1151 1348 1189 13:
1380 1149 1521 1201 quaeri

43 1211 193 1257 oportet
220 1211 356 1242 utrum
383 1203 429 1241 id
442 1203 619 1255 facinus
650 1205 719 1250 sit,
761 1203 871 1255 quod
888 1206 1090 1255 poenitere
1098 1206 1234 1256 suerit
1254 1218 1420 1243 necesse.
1482 1206 1518 1242 si

43 1268 181 1300 nutem
215 1274 298 1299 11011
336 1260 468 1312 placet
508 1259 680 1306 malum,
727 1267 774 1298 ut
807 1259 932 1299 habet
969 1260 1119 1311 codex,
1185 1262 1331 1311 corrigi
1372 1262 1518 1312 poterit

44 1318 159 1357 mali.

158 1372 228 1416 95.
287 1386 405 1423 super
434 1382 505 1423 pro
536 1371 720 1422 desuper,
758 1379 802 1410 ut
819 1374 928 1424 Virg.
950 1373 1060 1411 Aen,
1083 1376 1110 1416 9
1133 1374 1236 1414 168:
1268 1372 1346 1411 hae
1361 1386 1482 1423 super
1499 1387 1519 1410 e

0 1441 1 1444 ’
45 1431 156 1472 vallo
170 1436 430 1482 prospectant
458 1430 587 1466 Troes.
650 1431 748 1466 item
767 1431 920 1468 Lucan.
945 1432 970 1470 6
990 1433 1071 1472 291
1088 1441 1099 1466 2
1131 1443 1224 1466 cum
1245 1443 1365 1481 super
1385 1444 1405 1467 e
1426 1431 1525 1467 totis-

45 1490 175 1527 emisn‘t
188 1482 357 1525 collibus
376 1498 536 1537 agmen.

158 1546 227 1585 97.
287 1544 397 1593 Virg.
416 1542 524 1578 Aen.
556 1543 581 1582 8
606 1538 712 1581 413:
735 1555 888 1591 parvos
909 1541 1070 1579 educere
1090 1548 1218 1579 natos.

158 1602 227 1641 98.
284 1613 347 1636 ms
369 1599 544 1644 lumina;
584 1597 655 1634 sed
681 1596 731 1634 de
762 1599 884 1635 Bonis
914 1600 956 1635 in
981 1603 1166 1650 poemate
1193 1597 1243 1636 de
1266 1596 1381 1635 laud.
1414 1595 1511 1636 Gal.

53 1657 246 1696 Vicecom.
272 1655 295 1696 1
317 1654 398 1696 975
418 1655 532 1691 iuxta
553 1652 641 1691 cod.
662 1655 699 1692 A
718 1654 801 1696 274
821 1653 943 1693 habet
962 1655 1118 1693 limina.

162 1715 256 1755 100.
315 1711 366 1748 cf.
386 1711 435 1748 de
456 1710 569 1748 laud.
593 1713 620 1750 2
643 1713 736 1751 161.

160 1771 256 1810 106.
314 1767 493 1806 lacrimis
509 1766 654 1804 obortis
674 1768 785 1818 Virg.
806 1766 915 1805 Aen.
942 1770 968 1808 3
984 1765 1088 1818 492,
1130 1765 1158 1809 4
1177 1770 1254 1816 30,
1291 1767 1320 1808 6
1341 1767 1445 1815 867,
1475 1771 1515 1802 et

160 1885 256 1924 117.
313 1879 418 1919 dolet
434 1880 600 1920 fortasse
621 1880 784 1918 retineri
804 1885 972 1931 poterat.

161 1941 254 1981 126.
312 1939 422 1989 Virg.
442 1938 550 1976 Aen.
586 1938 636 1979 11
662 1937 769 1980 935:
809 1936 999 1974 consulite
1030 1937 1076 1974 in
1099 1935 1294 1983 medium,
1333 1943 1370 1972 et
1396 1934 1511 1973 rebus

44 1998 261 2034 succurrite
271 1995 410 2046 fissis.
1154 2037 1157 2042 r

161 2055 254 2094 139.
312 2053 397 2089 sine
417 2051 580 2088 crimine
600 2052 727 2088 vitam
748 2050 858 2100 Virg.
879 2049 989 2086 Aen.
1011 2047 1039 2089 4
1062 2048 1158 2090 550.

63 2143 67 2146 ,
161 2107 255 2149 140.
313 2109 422 2159 Virg.
445 2107 552 2145 Aen.
583 2109 609 2148 6
638 2110 664 2148 7
668 2110 745 2150 67:
793 2108 988 2144 Troianae
1011 2105 1146 2156 gloria
1162 2106 1308 2156 gentis.
1371 2103 1510 2142 Iudith

39 2168 75 2208 6
98 2167 173 2207 10:
204 2172 248 2202 tu
261 2164 397 2217 gloria
413 2163 645 2201 Ierusalem.

162 2221 259 2264 141.
314 2222 425 2271 Virg.
444 2220 553 2258 Aen.
573 2223 600 2260 2
619 2219 725 2261 281:
755 2233 843 2269 spes
861 2233 883 2256 o
891 2219 1100 2268 fidissima
1130 2219 1337 2256 Teucrum.

162 2278 258 2320 142.
316 2277 488 2315 clamore
506 2283 724 2327 sequuntur
746 2278 856 2326 Virg.
877 2276 985 2314 Aen.
1008 2278 1032 2315 9
1056 2275 1138 2315 466
1156 2282 1194 2312 et
1218 2278 1268 2316 10
1289 2275 1386 2316 799.

162 2334 258 2376 143.
315 2333 497 2371 omnihus
516 2345 643 2370 unum
663 2334 771 2383 Virg.
789 2334 898 2372 Aen.
920 2336 946 2374 ὃ
966 2331 1048 2374 435
1071 2338 1110 2368 et
1136 2334 1187 2372 10
1206 2333 1301 2373 201.

162 2391 256 2434 147.
314 2392 494 2442 corniger
507 2389 688 2427 Ammon
707 2388 824 2428 Ovid.
843 2389 892 2427 cle
909 2389 1014 2426 Arte
1031 2387 1202 2426 amandi
1217 2390 1242 2428 3
1260 2389 1357 2430 789.
1400 2400 1438 2425 v.
1458 2386 1509 2424 ad

162 2503 259 2546 154.
313 2516 355 2543 v.
374 2505 400 2544 3
419 2504 472 2544 91
494 2509 533 2540 et
549 2514 661 2555 seqq.

165 2559 260 2601 157.
304 2561 482 2612 fervore]
514 2562 569 2598 sic
589 2560 736 2610 legitur
752 2556 970 2596 etiamnum
988 2555 1031 2596 in
1053 2554 1202 2606 codice,
1238 2552 1313 2594 etsi
1333 2568 1355 2593 a
1374 2562 1509 2606 poste-

53 2613 156 2654 riore
174 2628 298 2662 manu
313 2616 442 2655 deleta
455 2618 577 2670 fuersst
597 2618 712 2654 litera
720 2615 771 2666 j)
798 2617 854 2652 ita
873 2621 919 2652 ut
943 2616 1026 2653 fere
1045 2616 1156 2667 legas
1175 2626 1325 2652 cruore.

166 2674 260 2714 160.
316 2679 394 2711 toto
402 2675 583 2724 percepit
594 2680 750 2724 pectore
769 2674 878 2723 Virg.
898 2671 1007 2710 Aen.
1030 2676 1057 2714 7
1075 2672 1171 2714 356.

166 2730 263 2772 169.
318 2729 471 2768 Tibull.
490 2731 514 2771 1
548 2734 596 2771 11
627 2733 703 2772 67:
743 2729 855 2766 alma
872 2743 972 2780 pax.
1036 2742 1059 2766 a
1079 2729 1249 2779 Corippo
1277 2730 1410 2762 autem
1436 2718 1512 2760 hoc
