1702 3060
462 81 813 127 IOHANNIDOS
847 80 952 124 LIB.
985 80 1064 124 IV.
1427 77 1492 124 93

139 204 184 236 ut
201 194 357 250 pedites
376 197 502 234 socios
522 202 671 233 stantes
691 207 714 232 a
732 194 863 232 fronte
881 200 1039 245 paratos

140 267 288 304 fractus
307 278 428 317 eques
445 263 567 312 vidit,
600 262 756 301 rediens
776 265 819 299 in
838 269 999 314 pectora
1018 262 1144 299 virtus

32 337 113 378 730
142 335 262 372 flectit
283 346 428 386 equos;
459 345 723 384 campumque
744 331 840 368 feris
862 331 1102 369 cla1n0r1bus
1123 328 1295 382 implens

143 404 264 441 currit
277 432 288 452 ,
319 410 359 440 et
378 403 419 440 in
437 401 591 439 medios
613 399 768 438 adversi
786 401 926 436 militis
950 395 1055 436 elisis

144 474 298 524 quaerit
318 473 404 509 iter.
463 470 628 508 summis
649 467 788 506 ductor
807 466 880 505 sed
900 467 1049 504 viribus
1073 467 1215 515 obstat,

145 540 456 591 confirmansque
478 551 570 576 suos
593 536 707 575 dictis
729 535 912 574 hortatur
930 537 1084 574 amicis.

134 603 332 647 “Romani
348 619 528 659 proceres
540 635 550 654 ‚
582 619 713 643 rerum
731 611 989 657 nostrumque
1009 606 1207 652 levamen,

29 676 111 720 735
140 679 295 728 experti
314 677 458 713 totiens
478 675 575 711 belli
592 681 748 725 portare
767 674 936 722 labores,

141 746 304 796 optastis
326 756 516 795 pugnam.
574 741 738 780 taudem
759 741 851 779 data
873 743 985 793 copia
1006 754 1165 792 pugnae
1187 748 1259 779 est.

140 814 258 850 unius
277 813 416 863 puncti
435 812 611 848 nutantis
634 824 751 848 causa
773 811 927 862 pericli.

140 879 216 918 hoc
235 882 407 931 spatimn
426 882 592 917 summis
610 880 804 931 impellite
825 879 975 916 viribus
995 892 1131 915 omnes
1143 890 1155 914 t

139 948 206 986 hic
224 949 334 986 labor
354 961 456 986 unus
477 949 570 996 erit,
598 955 756 984 nostrae
782 949 947 984 victoria
969 949 1072 998 parti

28 1015 112 1059 740
141 1030 220 1070 quo
235 1017 445 1054 manifesta
466 1015 593 1053 datur.
652 1027 830 1052 summos
847 1022 1053 1064 portamus
1072 1013 1244 1052 honores

140 1085 355 1132 militibus,
385 1084 452 1136 qui
469 1083 578 1120 bella
601 1081 762 1120 domant
783 1089 1002 1135 gentesque
1024 1084 1214 1134 superbas

139 1153 329 1203 frangunt
349 1152 789 1202 Romanisque‘uovaut
810 1164 882 1188 sua
904 1150 1049 1201 gaudia
1071 1146 1232 1189 rebus.”

195 1221 328 1266 Dixit3
360 1225 398 1255 et
419 1220 462 1255 in
481 1217 660 1256 medium
682 1218 914 1271 dirumpens
933 1221 1108 1258 concitus
1129 1233 1278 1270 agmen

139 1289 273 1340 pulsat
289 1299 457 1339 equum,
489 1300 714 1338 magnaque
731 1288 908 1323 fremens
925 1289 955 1321 it
974 1302 1069 1322 vnce.
1087 1302 1160 1337 per
1176 1287 1327 1325 hostes.

28 1355 108 1400 745
140 1357 391 1407 consequitur
416 1354 548 1392 densis
572 1356 676 1391 acies
697 1355 912 1391 fortissima
933 1353 1037 1390 telis.

140 1425 302 1475 pulvere
325 1430 463 1460 cuncta
483 1423 630 1459 latent:
663 1429 702 1458 at
724 1423 872 1472 campis
896 1423 1048 1458 ferreus
1067 1421 1197 1458 imber

143 1492 323 1538 confiuit,
355 1498 393 1527 et
408 1492 541 1527 nervis
557 1490 728 1527 volitans
746 1491 928 1541 pulsatur
947 1488 1113 1527 arundo.

196 1560 450 1610 Mantisynan
472 1559 647 1610 primum
669 1557 807 1596 ductor
826 1559 1046 1595 transmisit
1067 1557 1118 1594 ad
1138 1559 1312 1609 umbras,

145 1642 238 1666 ense
259 1634 375 1679 caput
394 1627 572 1678 rapiens:
602 1639 677 1664 nec
694 1628 818 1664 sensit
838 1627 984 1664 vulnus
1001 1627 1188 1664 acerbum

29 1697 112 1741 750
140 1709 286 1748 magna
302 1696 377 1732 viri
397 1696 552 1742 cervix,
581 1707 656 1733 nec
672 1694 808 1733 tardus
828 1697 871 1733 iu
891 1696 1045 1734 ossibus
1066 1698 1172 1733 ensis

143 1766 335 1815 sanguine
354 1764 499 1800 tinctus
521 1770 616 1799 erat.
675 1765 796 1800 iacuit
816 1777 887 1814 per
906 1765 1087 1813 gramina
1108 1771 1248 1802 vertex

143 1833 361 1871 luminibus
381 1831 550 1882 patulis:
580 1837 766 1868 truncum
788 1832 888 1869 levis
911 1845 1081 1884 aequore
1102 1841 1264 1884 portans

144 1902 263 1938 currit
281 1912 426 1952 equus,
457 1899 699 1951 sanguisque
721 1900 842 1936 micat
865 1913 942 1953 qua
965 1902 1068 1939 colla
1087 1909 1306 1940 metuntur.

143 1970 366 2006 Laumasan
386 1966 479 2005 inde
496 1968 589 2005 ferit
607 1965 741 2005 valido
761 1982 834 2019 per
849 1970 1020 2021 timpora
1038 1970 1169 2020 ferro3

33 2037 115 2081 755
147 2037 299 2075 ossibus
324 2044 363 2074 et
379 2037 514 2074 fractis
537 2037 685 2088 pariter
701 2050 773 2088 per
791 2038 912 2075 molle
935 2039 1140 2076 cerebrum

145 2106 250 2144 ensis
272 2105 376 2154 abit,
405 2105 639 2157 galeamque
660 2105 781 2142 simul
798 2107 1030 2159 pallamque
1051 2114 1209 2145 secutus

143 2174 374 2226 luminaque
395 2179 433 2210 et
452 2174 593 2224 longos
613 2174 736 2211 secuit
756 2187 847 2211 cum
866 2175 996 2213 fronte
1017 2176 1199 2227 capillos.

146 2242 459 2295 Guarsutiaeque
483 2242 615 2280 levem
639 2242 814 2280 coniecta
834 2244 1055 2281 conuniuus
1074 2242 1190 2282 hasta

143 2310 275 2348 fundit
300 2324 462 2363 equum.
519 2311 633 2348 laevo
653 2312 815 2349 tremuit
835 2311 988 2350 confixa
1008 2313 1080 2351 sub
1099 2325 1210 2350 armo

34 2379 115 2422 760
141 2378 343 2428 fraxinus,
376 2387 415 2416 et
434 2377 561 2417 calido
585 2393 743 2418 currens
762 2393 834 2431 per
853 2381 1005 2418 viscera
1025 2382 1130 2419 ferro

144 2459 292 2499 perque
311 2447 458 2499 pedem
479 2447 665 2486 dextrum
690 2447 842 2487 domini
862 2456 1040 2487 conserta
1058 2446 1266 2501 pependit.

146 2517 291 2553 corruit
313 2516 362 2553 ob
385 2517 530 2555 vuhlus
555 2519 736 2568 sonipes,
768 2516 1051 2571 dominumque
1070 2519 1185 2556 ruina

37 2635 104 2670 729
129 2640 264 2680 pectore
279 2638 374 2683 apud
388 2641 430 2675 M
531 2641 598 2676 737
621 2641 750 2675 nutatio
761 2642 781 2676 ⁴3
878 2640 946 2678 ‘739
969 2642 1020 2676 his
1037 2642 1131 2687 apud
1146 2642 1190 2676 M
1278 2641 1345 2677 743
1367 2639 1447 2673 dicit
1466 2637 1502 2672 Τ

35 2681 256 2763 &igilium
273 2685 305 2718 Τ
450 2685 535 2721 ibid.
559 2698 625 2732 quo
642 2689 738 2733 apud
751 2689 793 2723 M
948 2688 1015 2724 756
1037 2689 1228 2735 pellemque
1243 2688 1286 2722 M
1306 2686 1351 2721 cf.
1369 2687 1392 2721 2
1415 2685 1494 2731 136,
