1702 3060
422 116 482 160 IN
515 115 866 160 IOHANNIDOS
899 118 945 161 V
970 118 1171 162 NOTAE.
1417 120 1518 167 277

163 224 260 268 508.
315 230 434 278 poeta
453 233 589 265 noster
602 225 954 267 indiscriminatim
973 235 1012 266 et
1032 241 1153 281 saepe
1175 227 1298 268 utitur
1317 228 1514 281 adiectivo

43 280 200 332 demus
217 289 256 320 et
276 283 507 321 condensus.

163 338 259 380 509.
318 339 367 377 de
386 341 506 378 verbo
529 342 699 378 conserit
718 339 810 378 vide
834 339 886 378 ad
909 339 936 381 4
952 340 1048 382 864.

163 394 261 451 512.
319 396 519 448 munibat]
561 396 667 448 apud
703 404 858 435 veteres
888 398 1018 435 exisse
1042 399 1323 450 imperfectum
1350 406 1511 453 quartae

43 453 340 503 zeoniugationis
357 453 567 491 verborum
586 454 706 501 etiam
720 455 763 491 in
783 453 910 507 ibam,
941 460 980 491 et
998 454 1208 493 futurum
1196 470 1239 494 ιιι
1260 456 1340 502 ibo,
1368 464 1413 494 ut
1431 458 1512 494 sci-

51 505 146 556 bam
165 508 288 555 scibo,
314 523 388 548 nos
410 509 552 560 docent
566 512 836 563 grammatici,
864 518 903 547 et
925 512 1029 548 inter
1046 512 1146 550 alios
1168 511 1396 563 Christoph.
1416 513 1510 550 cel-

39 565 201 605 ‘larius'
189 579 232 603 m
255 579 327 604 sua
355 567 632 604 Grammatica
659 568 814 604 Latina
840 574 954 605 aucta
985 581 1008 605 a
1039 567 1128 606 Ioh.
1158 568 1300 607 Matth.
1333 570 1510 607 Gesnero

48 617 74 673 ᾗ
93 624 170 664 101
190 635 232 674 p.
255 623 309 664 56
331 622 394 660 ed.
410 623 634 676 Mersburgi
655 622 779 664 1746.
1300 644 1302 646 ·

159 677 256 720 514.
313 692 376 717 ms
389 686 445 716 tm
462 681 609 718 omissa
627 677 776 718 lineola
796 681 1001 731 superiori,
1023 694 1076 719 ex
1095 694 1175 733 qua
1193 682 1397 720 conficitur
1415 689 1508 723 tan-

36 741 146 772 ·.·ium
207 735 316 787 Virg·
335 737 445 773 Aen·
468 740 493 777 3
516 738 611 785 389,
641 739 666 778 6
685 736 768 777 714
788 743 827 774 et
851 740 903 779 10
922 739 1002 778 833
1024 738 1286 788 adfluminis
1307 739 1475 777 undam.

156 789 253 843 520.
310 794 354 843 iu
380 791 514 830 codice
541 766 611 830 hic’
634 800 879 834 evanuertmt
907 793 1059 849 aliquot
1085 795 1207 857 verba
1231 796 1336 833 inter
1361 795 1441 848 duc
1468 801 1509 834 et

32 846 160 898 felix,
187 849 243 886 ita
260 855 305 886 ut
322 848 426 886 nihil
441 848 593 886 ibidem
610 857 730 902 queat
746 843 841 901 legi.

155 906 253 946 521.
311 904 360 942 de
378 904 454 943 hoc
470 908 631 943 nomine
652 905 744 943 vide
764 918 883 957 ειιΡιει
903 905 954 943 ad
973 905 999 946 4
1017 907 1113 948 478.

153 962 252 1003 522.
309 975 372 1000 ms
392 956 596 1000 Grisiritlz.
657 975 696 1011 v.
716 961 836 1013 ειιΡιὲι
850 960 901 999 ad
922 965 949 1003 2
971 964 1066 1004 188.

154 1016 209 1054 ib.
270 1018 434 1056 inclitus
459 1020 584 1071 armi-s
610 1020 719 1083 Virg.
747 1019 855 1055 Aen.
887 1021 913 1058 6
944 1017 1041 1059 479.
1099 1020 1134 1056 si
1165 1021 1287 1058 etiam
1324 1018 1508 1070 displicet

41 1073 174 1122 celsis,
214 1076 362 1127 poteris
383 1076 515 1112 facere
538 1076 685 1126 saevis,
724 1082 768 1113 ut
793 1088 856 1127 ap.
883 1075 993 1125 Virg.
1019 1073 1130 1129 Aen.
1159 1077 1212 1117 12
1239 1078 1345 1117 890:
1375 1077 1504 1113 saevis

41 1130 274 1168 certandum
293 1138 350 1168 est
369 1132 547 1168 cominus
565 1127 703 1169 armis.

151 1186 248 1228 535.
306 1201 369 1226 ms
387 1187 566 1236 Ariarit;
604 1188 677 1227 sed
703 1188 807 1225 iufra
829 1201 869 1225 v.
890 1184 972 1243 543
1003 1188 1142 1245 recipit
1171 1195 1189 1223 t
1208 1189 1504 1238 aspirationem,

38 1249 85 1281 ut
101 1250 142 1280 et
162 1257 280 1296 supra
302 1243 329 1284 4
348 1231 443 1285 929.
501 1252 597 1296 puto
626 1258 720 1282 eum
746 1245 870 1281 fuisse
902 1245 1035 1294 potius
1057 1242 1235 1280 Gothum
1257 1258 1379 1295 quum
1395 1247 1505 1282 Vau-

38 1297 190 1351 delum,
213 1303 313 1367 quia·
323 1299 400 1338 hoc
416 1315 566 1351 nomen
584 1301 744 1340 videtur
763 1299 814 1337 ad
828 1299 979 1351 Gothos
1000 1307 1200 1350 spectare:
1222 1302 1370 1337 etenim
1389 1301 1504 1351 plura

38 1369 179 1394 eonnn
206 1359 369 1395 nomina
402 1356 589 1395 desinunt
619 1360 662 1395 in
694 1356 793 1402 rith,
831 1353 876 1394 u't
900 1355 1175 1395 vandalorum
1201 1357 1244 1394 in
1267 1356 1371 1406 ric-lc,-
1402 1370 1504 1411 quae

37 1415 262 1452 terminatio
280 1412 438 1452 videtur
455 1415 578 1452 fuisse
602 1405 790 1453 eiusdem
799 1412 1113 1463 significationis.

149 1470 204 1508 ib.
265 1471 374 1521 Virg.
392 1470 500 1508 Aen.
510 1473 553 1511 ,¹6
577 1470 684 1512 842:
716 1470 794 1507 duo
805 1469 994 1521 Julmina
1014 1467 1121 1506 belli.

148 1526 246 1570 548.
304 1529 362 1564 sic
374 1527 576 1577 placitum
591 1528 702 1582 Virg.
720 1526 829 1563 Aen.
853 1527 876 1566 1
898 1527 995 1566 287

148 1583 246 1624 550.
302 1585 413 1634 Virg.
437 1583 545 1621 Aen.
569 1587 594 1625 6
612 1558 686 1625 930
688 1590 727 1621 et
752 1584 803 1623 11
828 1581 932 1622 4802
964 1595 1088 1619 causa
1109 1580 1212 1618 mali
1229 1582 1346 1617 tanai.

149 1638 246 1681 553.
305 1639 454 1678 talibus
481 1647 517 1678 et
533 1641 649 1680 dictes
668 1642 778 1690 Virg.
799 1638 908 1676 Aen.
940 1640 991 1678 10
1013 1636 1110 1678 448.
1167 1644 1207 1674 et
1232 1637 1328 1674 alibi
1354 1637 1505 1688 pluries.

35 1694 158 1733 habet
182 1695 331 1734 talibus
346 1697 480 1742 (lictis,
512 1696 583 1735 sed
598 1709 798 1749 nusquam
817 1694 967 1738 talibus
985 1694 1134 1732 edictis.

148 1750 245 1802 563.
301 1754 618 1806 Virg.Aen.11
642 1755 745 1796 296:
781 1753 850 1790 vix
871 1765 918 1789 ea
937 1751 1075 1803 legati
1070 1766 1078 1773 ·
1109 1752 1326 1802 variusque
1336 1764 1414 1802 per
1433 1763 1504 1788 ora

35 1810 214 1847 cuczmit
229 1809 490 1847 Ausonidum
508 1809 669 1847 turbata
675 1810 847 1862 fremor

146 1865 326 1908 566—7.
349 1868 434 1905 Val.
446 1868 477 1903 F
479 1868 576 1905 laco
589 1867 614 1908 5
636 1869 734 1908 138:
756 1873 877 1917 ulque-
891 1878 1019 1902 secun
1013 1865 1138 1916 'geras
1155 1863 1423 1904 stimulaverit
1441 1864 1505 1901 ira

33 1930 227 1962 catervas.
261 1924 370 1978 Virg.
392 1923 499 1961 Aen.
521 1925 547 1965 8
573 1925 679 1964 703.
711 1937 831 1975 quam
859 1936 951 1958 eum
968 1922 1190 1972 sanguineo
1210 1922 1387 1971 sequitur
1402 1920 1504 1956 Bel-

32 1979 129 2017 Iona
143 1979 337 2032 flagello.
395 1979 545 2018 Lucan.
574 1983 600 2021 7
626 1971 732 2021 508·
761 1980 1029 2030 sanguineum
1051 1978 1177 2016 veluti
1198 1978 1383 2029 quatiens
1402 1976 1504 2025 Bel-

31 2035 128 2074 lona
137 2036 374 2089 flagellum.

146 2094 241 2136 568.
299 2087 514 2145 rabiefeta
533 2092 653 2130 corda
673 2098 825 2128 tument·
844 2092 955 2141 Vi1g.
972 2089 1080 2128 Aen.
1099 2093 1125 2131 6
1145 2088 1214 2130 49.

143 2149 242 2196 569.
300 2163 566 2202 campumque
584 2148 739 2186 tenebat
761 2150 870 2198 Virg.
893 2121 1002 2184 Aen.
1033 2147 1083 2186 11
1106 2147 1203 2186 903·

144 2207 242 2248 570.
298 2219 355 2259 au
372 2205 678 2259 Massylumque
697 2204 829 2242 dolis?
858 2205 968 2254 Virg.
987 2201 1096 2239 Aen.
1121 2204 1146 2242 6
1166 2203 1220 2242 60
1237 2198 1359 2238 habet
1381 2202 1501 2238 Illas-

31 2262 163 2314 sylum
179 2269 336 2314 gentes
367 2270 407 2300 et
430 2266 478 2303 11
509 2263 699 2304 522-2-3:
740 2268 796 2298 est
816 2274 936 2298 curvo
929 2233 1149 2310 ‘'anfractu
1174 2257 1314 2303 vallis,
1342 2271 1500 2295 accom-

33 2320 153 2358 moda
170 2319 325 2371 fraudi
340 2333 464 2357 ανηιο)
466 2332 619 2370 umque
644 2318 759 2355 dolis.

144 2375 240 2418 572.
296 2383 392 2414 nota
420 2389 541 2428 quam
554 2377 659 2426 'apte
687 2378 805 2425 poeta
834 2379 969 2410 noster
993 2370 1142 2408 steriles
1165 2377 1281 2407 vocet
1309 2370 1495 2420 myticas:

31 2444 128 2470 uam
142 2433 297 2471 Plinius
313 2434 374 2470 Η.
401 2432 460 2469 Ν.
486 2434 539 2473 29
561 2434 586 2472 9
606 2431 654 2469 de
670 2433 822 2482 myrica
842 2442 964 2480 agens
981 2426 1099 2465 dicit:
1131 2441 1157 2464 1
1151 2426 1280 2478 ulgus
1298 2440 1325 2463 ιι
1327 2425 1432 2477 fill
1415 2439 1499 2461 cem

33 2488 212 2526 arborem
230 2503 319 2538 eam
338 2489 535 2540 appellat?
575 2489 765 2542 quoniam
782 2486 1009 2536 nihtlferat
1029 2498 1100 2521 nec
1121 2490 1275 2521 seratur
1298 2495 1490 2534 uuquam.

34 2536 214 2583 eiusde'm
229 2545 477 2584 sterilitaiem
496 2547 615 2582 etiam
630 2545 821 2595 Virgilius
842 2543 973 2580 innuit
990 2540 1082 2578 ΕΟΖ.
1105 2542 1131 2581 8
1150 2538 1219 2581 54.

147 2602 244 2643 573.
290 2602 411 2654 soliis
441 2603 606 2652 oleaster
632 2615 740 2639 amar
743 2602 784 2637 is
816 2601 926 2651 Virg.
960 2598 1108 2650 Georg.
1152 2601 1180 2638 2
1207 2593 1290 2638 314
1318 2601 1357 2632 et
1384 2592 1494 2630 Aen.

34 2658 89 2698 12
111 2658 211 2699 766.

147 2713 244 2756 576.
300 2714 410 2765 Virg.
429 2712 537 2762 Aen.
559 2713 586 2758 4
606 2717 658 2756 71
690 2720 730 2752 et
755 2716 781 2756 8
800 2709 1285 2763 G94-volatdese1rum
1314 2711 1354 2744 et
1377 2706 1495 2743 Lucr.

37 2771 61 2812 1
78 2771 184 2812 971·
173 2797 184 2808 .
215 2743 395 2808 t'olatileo
395 2770 529 2809 telum.
590 2783 630 2810 v.
648 2771 754 2810 infra
771 2769 824 2808 ad
845 2771 872 2810 7
892 2766 990 2811 451.
