1650 3054
213 609 882 685 IMMANUELIS
939 606 1404 678 BEKKERI

361 736 366 745 “
502 746 1128 809 PRAEFATIO

80 1034 189 1123 Qui
215 1057 305 1101 hoc
334 1057 558 1102 volumine
590 1056 1030 1118 comprehenduntur
1060 1058 1223 1115 poetae
1252 1057 1296 1097 et
1324 1057 1469 1097 aetate
1501 1059 1542 1097 et

78 1143 344 1198 argumento
373 1138 486 1182 inter
516 1154 562 1182 se
590 1139 775 1195 similes,
814 1137 1008 1180 criticam
1032 1141 1199 1178 tantum
1222 1135 1348 1178 abest
1366 1140 1415 1177 ut
1434 1150 1542 1193 per-

77 1217 181 1261 inde
207 1217 445 1262 habuerint
472 1219 735 1278 propitiam,
772 1225 819 1261 ut
846 1215 1150 1260 Merobaudes
1187 1215 1314 1259 simul
1347 1215 1545 1258 inventus

77 1296 132 1340 sit
150 1302 194 1340 et
215 1297 513 1342 sollertissime
535 1306 626 1342 tam
647 1298 904 1342 emendatus
926 1312 1059 1355 quam
1081 1296 1328 1355 suppletus,
1354 1294 1545 1355 Corippi

77 1383 280 1421 neutrum
309 1393 510 1435 carmen,
546 1394 629 1422 nec
655 1378 778 1436 quod
800 1385 901 1421 ante
925 1391 1063 1420 annos
1090 1375 1304 1419 ducentos
1325 1375 1546 1433 quinqua-

78 1457 200 1516 ginta
218 1457 494 1518 publicatum
517 1458 756 1499 multorum
779 1457 1035 1512 industriam
1061 1455 1277 1509 exercuit,
1314 1470 1397 1496 nec
1421 1454 1545 1511 quod

77 1551 225 1594 nuper
256 1540 483 1594 repertum
516 1549 570 1577 ex
596 1536 723 1578 unius
748 1536 947 1578 manibus
966 1533 1151 1594 prodiit,
1190 1538 1264 1575 aut
1289 1533 1421 1577 facile
1443 1535 1545 1578 satis

78 1620 154 1657 aut
179 1619 272 1657 tuto
303 1613 489 1672 legatur.
561 1630 643 1657 nec
675 1615 843 1658 mireris
872 1615 1065 1672 iniquam
1095 1613 1332 1656 Africanae
1352 1629 1544 1673 poeseos

79 1692 407 1749 condicionem,
448 1693 482 1736 si
513 1695 786 1753 reputaveris
815 1695 931 1738 setus
964 1694 1054 1737 eius
1083 1693 1279 1752 singulos
1307 1694 1487 1754 singulis
1519 1710 1544 1737 e

77 1773 198 1816 libris
220 1773 500 1832 provenisse,
536 1774 675 1833 iisque
695 1791 777 1818 nec
800 1775 931 1818 valde
952 1774 1077 1817 bonis
1100 1789 1246 1831 neque
1270 1790 1295 1817 a
1317 1790 1543 1833 quoquam

76 1854 282 1913 inspectis
304 1859 407 1913 post
426 1855 593 1914 primos
616 1855 829 1910 editores,
862 1854 1064 1898 homiues
1088 1855 1420 1898 litteratissimos
1442 1855 1542 1898 illos

78 1932 280 1992 quidem,
329 1933 409 1977 sed
447 1935 522 1992 qui
554 1935 785 1978 Niebuhrii
814 1935 1039 1994 ingenium
1070 1950 1160 1978 non
1190 1936 1541 1995 aequipararent.

76 2012 236 2057 horum
255 2028 343 2073 ego
362 2014 711 2077 mediocritatem
730 2030 817 2058 non
836 2022 1013 2060 evectus
1033 2016 1154 2059 locos
1174 2023 1407 2075 corruptos
1425 2032 1542 2075 pau-

78 2108 154 2137 cos
182 2094 307 2154 attigi
333 2100 376 2138 et
401 2095 475 2152 qui
502 2095 854 2141 emendationem
882 2101 1048 2138 certam
1072 2094 1240 2138 habere
1264 2095 1543 2139 viderentur:

77 2173 227 2232 plures
260 2173 553 2218 Lachmanno
582 2175 873 2219 restituendos
903 2163 1237 2228 commendavi,
1274 2191 1440 2236 magna
1460 2192 1541 2236 spe

77 2267 161 2296 nec
190 2253 313 2297 falsa.
394 2256 707 2299 commentaria
736 2255 881 2314 qualia
913 2256 1056 2299 inveni
1083 2256 1262 2313 reliqui,
1310 2258 1389 2300 nisi
1417 2257 1541 2314 quod

77 2332 300 2389 ordinem,
336 2333 477 2378 sicubi
505 2335 646 2379 minus
679 2335 940 2380 commodus
964 2341 1098 2392 esset,
1134 2336 1384 2393 immutavi,
1421 2337 1542 2381 velut

78 2413 243 2457 codicis
270 2413 530 2458 Trivultiani
560 2416 769 2459 lectiones
801 2415 939 2459 textui
962 2416 1130 2459 subieci
1155 2422 1198 2460 et
1221 2432 1336 2475 quae
1357 2417 1540 2461 Ruizius

76 2491 367 2553 Dempsterus
385 2494 594 2539 Barthius
616 2495 935 2541 Rittershusius
954 2495 1179 2540 Vonckius
1200 2496 1451 2557 Fogginius
1483 2496 1540 2539 de

81 2572 239 2617 eodem
264 2588 395 2618 versu
424 2575 751 2636 adscripserant
773 2592 862 2620 non
885 2592 980 2621 sum
1003 2592 1159 2636 passus
1186 2576 1346 2621 divelli.
1418 2577 1543 2620 locos

80 2649 369 2712 Virgilianos,
412 2671 522 2714 quos
557 2657 770 2716 plurimos
803 2657 946 2701 attulit
976 2657 1378 2712 Mazzucchellius,
1424 2654 1540 2698 indi-

81 2730 199 2787 cavi,
233 2746 323 2776 non
349 2740 466 2780 totos
488 2738 634 2796 posui.
704 2737 940 2797 periochas
962 2738 1139 2783 alterius
1161 2737 1361 2782 carminis
1381 2735 1542 2780 invitus

141 2813 272 2848 Merob.
302 2819 334 2849 et
363 2816 442 2850 cor.
1242 2818 1261 2855 1
