1702 3060
429 89 506 134 DE
539 86 815 134 LAUDIBUS
847 87 1070 134 IUSTINI.
1379 86 1475 132 301

60 247 62 250 y
106 196 155 248 ⁴,
173 206 227 240 'ut
247 201 413 254 *egregie
444 201 580 240 scribit
612 201 746 240 Cuiac.
774 199 828 239 acl
855 214 890 239 c.
907 199 957 242 4·
996 213 1088 238 curn
1111 197 1274 245 dilecta,
1305 204 1401 236 extr.
1432 198 1482 236 de

33 257 404 308 1ffifi1m.util.vel
420 259 554 296 ιἠιιίἰί.
615 271 734 310 saepe
760 270 918 310 quoque
947 256 1051 294 hanc
1074 255 1311 294 sententiam
1339 256 1481 306 repetit

24 311 260 356 §numianus
284 315 562 364 Marcellinus,
591 315 699 352 nihil
727 315 847 352 aliud
877 328 957 351 esse
989 315 1199 364 imperinm
1233 313 1313 349 nisi
1342 325 1482 349 curam

31 371 168 411 alatis
182 371 354 410 alienae:
375 373 506 421 finem
522 373 618 408 iusti
634 373 790 423 imperii
807 370 1018 408 utilitatem
1037 377 1074 406 et
1093 369 1341 407 commodum
1359 375 1395 405 et
1411 383 1480 405 sa—

33 429 147 467 ffitem
172 427 434 466 obedientium
460 429 680 474 aestimari,
720 435 766 465 nt
795 428 990 478 sapientes
1021 427 1162 463 docent
1192 439 1242 462 ac
1269 426 1477 474 definiunt.

17 484 116 524 'nde
143 485 216 523 lib.
242 486 296 527 25
325 488 379 528 29
409 491 448 522 et
476 487 543 526 30.
615 484 756 522 eadem
784 491 843 521 est
872 484 1067 521 sententia
1095 481 1317 530 Ciceronis,
1361 494 1482 533 quam

33 555 144 594 nepe
168 541 358 590 inculcat,
386 542 564 579 maxime
586 553 680 579 vero
705 540 756 578 ad
773 542 893 578 Attio.
913 542 938 581 8
960 553 1022 604 ep
1046 539 1097 578 11
1121 545 1159 576 et
1180 537 1229 576 de
1247 539 1419 589 Republ.
1440 541 1482 578 5.

33 597 117 637 nde
136 597 258 635 etiam
275 610 338 649 ep.
358 597 382 638 1
402 596 454 635 ad
469 598 681 644 Quinctum
697 598 875 635 fratrem.
920 598 1017 648 quin
1038 609 1078 646 eg
1064 609 1126 641 σο,
1155 595 1276 646 sisa-s
1285 596 1483 646 piumque

15 653 256 713 mortalibus
284 655 504 692 existimare
525 654 727 700 caelestia,
756 654 914 691 nullam
935 654 1063 690 maior
1064 666 1124 689 em
1145 651 1379 689 crediderim
1403 665 1483 688 esse

26 705 249 762 onncipum
261 710 506 762 felicitatem
523 724 645 762 quam
660 712 808 763 secisse
822 711 970 762 felices
991 716 1027 746 et
1048 710 1308 746 intercessisse
1324 710 1482 758 inopiae

30 774 65 806 et
91 769 230 807 vicisse
246 767 463 819 jbrtunam
492 775 528 804 et
557 768 707 806 dedisse
735 767 888 814 homini
910 778 1058 804 novum
1070 766 1233 818 salum,
1276 772 1322 802 ut
1350 765 1482 817 inquit

16 827 113 863 'Bata
126 825 262 862 Pacat.
277 825 451 876 Drepan.
467 823 713 877 Panegyrico
734 823 786 861 ad
801 823 1087 863 Theodosimn.
1116 824 1240 860 Rrrr.
1301 829 1360 859 est
1379 820 1480 859 illud

12 879 252 930 vmanffiani,
291 880 360 933 qui
398 882 540 919 talium
573 886 781 932 poetarum
812 888 1026 932 perpetuus
1051 886 1164 930 pater
1195 885 1277 917 est:
1307 878 1481 929 fallitur

23 939 179 990 *weg-io
200 938 380 989 quisquis
398 936 472 975 sub
486 939 671 989 principe
691 937 813 974 credit
837 938 1055 975 servitium.-
1086 949 1287 986 nusquam
1315 934 1481 972 libertas

27 996 176 1046 gratior
206 1000 332 1031 exstat
359 1007 483 1045 quam
509 993 583 1032 suh
613 1007 705 1046 rege
723 995 806 1044 pio.
868 994 918 1030 ab
947 992 1089 1031 eodem
1109 999 1168 1029 est
1187 991 1294 1044 quod
1311 1005 1410 1029 mox
1430 991 1479 1028 de

14 1053 154 1089 §Persis
183 1048 382 1099 dicturus,
419 1048 529 1103 quod
557 1056 596 1088 et
624 1050 811 1089 Sidonius
837 1051 946 1101 prius
973 1050 1193 1100 usurpavit.
1251 1049 1353 1086 bene
1383 1061 1478 1087 vero

14 1107 227 1160 -sequentia
249 1107 298 1144 ab
318 1108 506 1158 Assagrio
529 1106 738 1144 emendata
758 1114 862 1144 suut.
921 1108 1086 1145 BAm-n.

132 1167 202 1205 30.
257 1162 328 1200 ille
355 1165 494 1215 etiam]
532 1164 743 1202 Persarum
772 1176 909 1215 regem
937 1162 1288 1214 imperatoremve,
1333 1161 1480 1198 acerri-

11 1224 134 1259 m'mm
170 1227 362 1272 perpetuo
396 1221 614 1272 Cpolitanis
651 1221 954 1272 imperatoribus
987 1219 1217 1267 inimicum,
1255 1219 1481 1268 intelligere

11 1284 116 1330 ‘puto
130 1306 140 1326 ,
177 1276 285 1329 quod
307 1290 352 1314 ea
373 1289 470 1328 gens
491 1278 618 1316 solem
639 1277 820 1315 adoraret
836 1277 992 1329 ipsique
1011 1276 1268 1324 sacrificaret,
1298 1281 1343 1311 ut
1368 1273 1483 1311 docet

11 1334 236 1384 {Procopius
259 1332 309 1370 de
326 1334 434 1371 bello
455 1335 566 1371 Pers.
588 1336 610 1374 1
633 1341 672 1371 et
690 1336 731 1374 2.
761 1335 884 1371 Rmz.
944 1333 1157 1370 insolentes
1185 1334 1396 1369 Persarum
1418 1345 1484 1368 re-

12 1403 114 1442 -ges,
143 1388 311 1427 humani
337 1390 488 1440 fastigii
514 1388 681 1428 modum
710 1388 970 1437 excedentes,
1002 1390 1045 1426 in
1074 1389 1214 1427 litteris
1244 1387 1295 1426 ad
1324 1395 1482 1426 exteros

12 1449 104 1486 J-suis
124 1448 380 1498 epistolisque
398 1446 655 1495 formalibus,
685 1453 730 1484 ut
750 1447 927 1498 loquitur
946 1447 1159 1484 Suetonius
1172 1476 1181 1494 ‚
1205 1446 1426 1496 participes
1442 1458 1483 1481 se

12 1504 213 1548 -siderum,
227 1503 385 1555 fiaires
403 1502 497 1540 solis
515 1517 564 1540 ac
580 1504 701 1540 lunae
716 1504 1010 1554 profitebantur.
1069 1504 1125 1540 sic
1141 1503 1268 1553 Sapor
1286 1502 1482 1539 Constan-

10 1561 78 1598 {tio
107 1559 240 1598 scribit
266 1561 466 1600 Ammian
497 1560 563 1602 17.
621 1559 760 1598 Sidon.
790 1561 966 1611 Apolliu.
996 1562 1022 1601 8
1049 1573 1111 1611 ep.
1133 1562 1182 1600 9·
1212 1560 1284 1611 qui
1309 1565 1482 1610 cognata

12 1618 115 1654 *ticet
129 1615 207 1654 sibi
222 1623 332 1654 astra
338 1617 506 1668 fingens
524 1616 737 1654 Phoebaea
754 1623 905 1654 tumeat
913 1617 1228 1667 propinquitate.
1291 1622 1331 1653 et
1361 1628 1480 1654 carm.

6 1675 100 1714 '23²
131 1674 202 1725 qui
223 1686 347 1724 supra
372 1680 559 1724 satrapas
585 1674 689 1711 sedet
718 1680 928 1724 tyrannus,
957 1680 1121 1710 ructans
1145 1673 1360 1710 semideum
1381 1686 1483 1722 pro-

6 1730 276 1781 pinquitates.
338 1729 453 1767 docte
476 1729 765 1768 eruditissimus
787 1731 951 1768 Savaro.
1011 1729 1217 1768 addendus
1238 1731 1399 1781 elegans
1416 1730 1480 1766 lo·—

9 1798 93 1824 ⁴cus
120 1786 272 1824 Lucani
293 1788 341 1835 8,
370 1787 440 1823 ubi
468 1785 578 1824 Medi
607 1799 678 1838 pro
707 1789 838 1825 Persis
864 1785 1048 1825 sumendi
1079 1786 1200 1839 (nota
1218 1788 1325 1824 enim
1347 1792 1406 1823 est
1429 1786 1477 1822 ab

10 1841 87 1881 lhis
106 1841 158 1880 ad
175 1843 267 1881 illos
288 1842 446 1895 imperii
469 1842 721 1894 devolutio):
755 1857 777 1880 o
805 1845 960 1881 utinam
980 1857 1060 1880 non
1079 1850 1193 1880 tanta
1210 1843 1312 1881 mihi
1315 1843 1480 1891 fiducia

22 1900 152 1938 neris
177 1907 272 1937 esset
299 1901 341 1937 in
361 1899 596 1937 Arsacidis!
614 1901 725 1951 satis
742 1902 862 1937 nimis
880 1901 1040 1938 aemula
1057 1901 1304 1952 nostrissala
1322 1906 1480 1936 movent

23 1955 183 2002 Medos,
210 1955 458 2008 multumque
472 1958 516 1993 in
524 1964 643 2008 gente
660 1957 822 1994 deorum
838 1965 907 1995 est.
940 1959 1126 1997 Dmn’sr.
1183 1960 1347 1995 Persam
1364 1971 1480 2009 περι-

7 2009 176 2064 vestet·
233 2013 392 2050 Mithra
421 2013 529 2050 enim
553 2015 698 2052 Persae
717 2014 838 2051 solem
853 2016 1068 2052 vocitantes
1088 2027 1159 2065 pro
1185 2013 1259 2052 deo
1282 2014 1478 2051 colebant.

23 2067 113 2108 vide
135 2069 298 2121 Gyrald.
320 2067 456 2110 histor.
481 2069 587 2110 deor.
607 2077 806 2122 syntagm.
824 2074 850 2112 7
872 2082 911 2122 p.
934 2074 1029 2112 223.
1059 2073 1183 2108 RITT.
1241 2072 1382 2108 Persas
1411 2071 1478 2106 in-

22 2125 180 2177 tellige,
213 2132 252 2163 et
269 2126 478 2178 praecipue
500 2127 742 2178 legationem
768 2128 816 2164 ab
836 2129 893 2165 eis
912 2127 1062 2165 Iustino
1084 2129 1249 2164 miSsam
1269 2141 1342 2178 per
1363 2128 1481 2177 lega-

22 2183 110 2230 stl'tm
130 2182 320 2234 dignitate
337 2181 545 2231 Zischum‚
578 2179 661 2233 cui,
693 2183 789 2221 dum
809 2185 884 2220 iter
904 2191 1059 2234 ageret,
1091 2183 1277 2220 defuncto
1308 2183 1479 2221 suffece-

24 2239 115 2277 hut
143 2238 358 2292 quemdam
383 2238 607 2281 Mebodem.
666 2239 716 2278 de
743 2239 820 2278 hac
837 2241 1036 2292 legatione
1055 2241 1236 2292 pluribus
1260 2239 1481 2278 Menander

22 2295 307 2348 hExcerptis.
362 2296 492 2334 Foco.

26 2351 37 2385 ἱ
67 2363 69 2366 ’
133 2355 206 2395 31.
264 2353 503 2404 suspiciens]
548 2351 603 2389 ita
639 2352 813 2401 restitui,
855 2366 946 2390 cum
978 2361 1092 2392 antea
1119 2361 1223 2392 esset
1246 2355 1477 2405 snscz‘pienS.

25 2406 134 2447 idem
149 2408 342 2447 mendum
362 2410 572 2462 aliquoties
591 2410 695 2446 iufra
708 2439 719 2458 ,
749 2417 792 2447 ut
813 2409 1047 2448 admonebo.
1097 2413 1250 2449 correxi
1271 2425 1323 2449 ex
1343 2411 1483 2450 Ovidio

25 2465 151 2503 T-rist.
175 2469 196 2507 1
229 2469 254 2508 8
289 2465 338 2503 de
367 2467 488 2503 luna:
526 2465 634 2503 hanc
660 2479 731 2518 ego
759 2468 993 2532 suspiciens,
1030 2473 1069 2504 et
1091 2468 1143 2505 ab
1173 2469 1251 2505 hac
1286 2468 1486 2518 Capitolia

27 2533 200 2559 cernens.
258 2522 424 2574 Virgilio
451 2524 551 2564 Aen.
582 2525 634 2563 9·
677 2525 895 2573 suspiciens
925 2525 1053 2562 altam
1087 2526 1241 2563 lunam.
1304 2533 1407 2562 certe
1439 2525 1483 2561 iu

27 2578 131 2616 votis
160 2577 426 2630 concipiendis
451 2591 540 2617 mos
569 2580 758 2618 solemnis
792 2580 843 2618 ad
873 2582 1001 2619 caelos
1025 2584 1174 2633 erigere
1195 2583 1353 2629 v‚ultus
1384 2595 1429 2618 ac
1449 2581 1483 2617 si

29 2632 126 2672 deos
143 2633 330 2672 adhibere
350 2643 471 2674 testes
494 2637 691 2674 factm-mn
711 2637 873 2679 vellent.
932 2637 1040 2688 dixi,
1070 2647 1113 2677 ut
1146 2653 1282 2690 spero,
1313 2639 1401 2674 fuse
1432 2636 1480 2672 de

26 2687 107 2729 hoc
134 2691 213 2728 ritu
241 2690 292 2728 ud
319 2691 421 2729 illud
446 2692 655 2731 Claudian.
686 2695 729 2731 in
757 2694 861 2736 Ruff.
887 2697 937 2736 2:
978 2696 1135 2734 landem
1163 2695 1398 2746 indignatas
1427 2692 1487 2730 acl

16 2754 138 2789 *aetra
158 2747 305 2785 extollit
317 2749 506 2799 palma&
553 2751 740 2791 Dmm’s'r.
