1650 3054
156 137 203 167 Vl
726 123 1013 167 NIEBUHRII
1075 159 1081 161 .

156 233 277 271 venit.
332 231 403 270 sed
429 231 535 284 quod
563 233 674 270 litem
702 230 882 269 dirimere
907 230 1011 279 dixi,
1043 229 1120 269 hoc
1138 236 1217 268 est:
1245 236 1334 269 ante
1349 230 1421 270 hos
1441 234 1493 273 10
1508 245 1582 270 an-

157 312 251 348 n08,
282 301 424 349 egestis
452 312 503 336 ex
528 300 634 349 Ulpii
653 299 728 335 fori
747 311 836 335 area
855 297 1058 336 ruderibus
1070 327 1081 347 ,
1110 299 1266 336 inventa
1286 299 1360 336 fuit
1377 299 1480 337 basis
1500 306 1582 336 sta-

157 371 247 402 tuae
265 366 398 403 Flavio
416 364 644 403 Merobaudi
663 378 751 402 cum
766 365 962 403 luculento
980 366 1093 403 titulo
1112 367 1273 416 positae,
1296 377 1412 416 quem
1429 366 1478 402 cl.
1489 367 1580 414 Fea,

158 433 445 469 strenuissimus
473 433 711 484 antiquitatis
742 433 985 483 explorator,
1015 432 1210 482 evulgavit
1240 430 1462 483 eruditeque
1487 432 1583 468 illu-

157 500 303 536 stravit.
362 500 558 548 integrum
585 512 797 550 apponam,
828 501 1011 551 quoniam
1031 499 1233 547 libellum,
1264 511 1340 551 quo
1364 496 1581 547 exhibetur,

155 565 289 615 paucis
307 565 348 602 in
370 566 575 602 Germania
592 568 720 604 visum
740 580 823 604 esse
840 567 1015 604 arbitror.

268 631 333 668 H.
357 632 596 670 Merobaudi
619 623 694 672 Ῑ-[ἓ
710 647 806 670 com.
829 647 882 670 sc.
905 655 961 662 ——
982 633 1046 669 Fl.
1069 631 1322 677 Merobaude,
1348 644 1470 683 aeque
1479 632 1587 682 sorti

159 704 196 734 et
218 697 328 734 docto
346 699 447 748 viro,
480 706 562 736 tam
572 700 713 750 facere
737 699 943 736 laudanda
964 713 1084 750 quam
1104 699 1274 736 aliorum
1279 699 1402 749 facta
1420 698 1585 736 laudare

152 765 370 814 praecipuo
379 779 396 811 ;
438 767 626 802 castrensi
649 767 878 816 experientia
905 766 1035 812 claro,
1061 765 1267 816 facundia
1291 764 1357 803 vel
1379 766 1586 804 otios-onam

158 830 293 866 studia
317 842 563 880 supergresso
575 844 592 877 ;
622 833 689 868 cui
713 845 740 868 a
767 832 989 882 crepundiis
1007 845 1090 881 par
1115 832 1272 869 virtutis·
1295 838 1331 868 ei
1348 831 1587 884 eloquentiae

160 909 257 932 cura
275 895 505 945 ingenium,
537 897 594 932 ita
598 897 834 947 =fortitudini
851 906 897 935 ut
914 899 1113 935 doctrinae
1136 903 1301 942 natum,
1329 898 1421 936 stilo
1439 906 1476 936 et
1490 899 1587 950 gla-

158 961 222 998 dio
249 963 403 1011 pariter
428 964 606 1000 exercuit.
666 977 737 1001 nec
759 965 802 1002 in
829 963 969 1001 umbra
994 962 1059 1001 vel
1081 960 1240 998 latebris
1256 966 1395 1001 mentis
1416 967 1588 1016 vigorem

158 1028 331 1064 scholari
349 1035 504 1066 tantum
522 1031 598 1066 otio
617 1037 764 1080 torpere
770 1044 916 1081 passus
924 1058 940 1075 ,
967 1030 1067 1066 inter
1085 1041 1198 1065 arma
1219 1028 1358 1065 litteris·
1375 1030 1590 1078 militabat,

159 1101 196 1130 et
213 1096 256 1131 in
270 1094 448 1144 Alpibus
462 1096 629 1133 acuebat
644 1097 852 1148 eloquium.
912 1095 997 1132 ideo
1015 1095 1079 1132 illi
1094 1095 1207 1131 cessit
1219 1096 1263 1131 in
1270 1097 1496 1144 praemium
1511 1112 1591 1135 non

159 1160 326 1198 verbena
351 1162 442 1198 vilis
451 1190 468 1208 ‚
506 1177 575 1200 nec
599 1165 720 1201 otiosa
739 1163 907 1208 hedera,
932 1162 1055 1199 honor
1075 1162 1215 1211 capitis
1233 1161 1492 1209 Heliconius,
1523 1165 1594 1202 sed

157 1229 290 1278 imago
311 1241 399 1264 aere
411 1229 595 1279 firmata
603 1258 620 1276 ,
655 1244 730 1282 quo
750 1230 835 1266 rari
858 1229 1023 1279 exempli
1038 1229 1141 1266 viros
1149 1255 1166 1273 ,
1194 1241 1262 1264 seu
1282 1229 1325 1264 in
1344 1231 1482 1267 eastris·
1492 1245 1591 1281 pro-

158 1294 268 1332 batos
286 1308 354 1332 seu
370 1297 534 1345 optimos
551 1303 705 1342 vatum,
737 1297 953 1347 antiquitas
969 1294 1199 1333 honorabat.
1261 1296 1368 1345 quod
1382 1296 1477 1334 huic
1493 1312 1591 1349 quo-

0 1376 34 1410 p.
57 1363 142 1398 VIII
165 1375 240 1414 que
255 1376 345 1399 cum
361 1364 650 1413 augustissimis
669 1364 801 1400 Roma
818 1362 1097 1413 principibus,
1140 1360 1347 1399 Theodosio
1367 1370 1404 1400 et
1423 1365 1592 1403 Placido

167 1429 472 1474 Valentiniano,
504 1442 634 1465 rerum
651 1430 843 1473 dominis,
874 1430 918 1464 in
925 1429 1022 1478 soro
1051 1428 1168 1477 Ulpio
1185 1428 1406 1467 detulerunt
1414 1445 1432 1478 ;
1460 1445 1593 1470 remu-

159 1501 339 1532 nerantes
362 1495 405 1530 in
431 1496 516 1532 viro
540 1495 729 1545 antiquae
755 1493 996 1539 nobilitatis,
1030 1504 1154 1530 novae
1173 1493 1351 1544 gloriae,
1385 1498 1451 1535 vel
1474 1500 1595 1537 indu-

159 1561 297 1598 striam
321 1559 531 1597 militarem
557 1561 622 1597 vel
645 1574 829 1606 carmen,
861 1561 974 1596 cuius
985 1561 1198 1610 praeconio
1212 1561 1346 1611 gloria
1363 1564 1598 1615 triumphali

160 1631 280 1668 crevit
298 1631 471 1679 imperio.
497 1652 553 1659 --
573 1631 757 1668 dedicata
774 1629 800 1670 4
816 1630 912 1667 Kal.
935 1630 1049 1681 Aug.
1073 1645 1197 1668 conss.
1218 1617 1320 1667 ff.
1341 1618 1444 1669 TVJV.
1471 1634 1595 1672 leeo-

161 1697 266 1734 dosio
290 1696 340 1737 15
360 1703 398 1732 et
423 1696 700 1735 Valentiniano
719 1695 760 1737 4.

271 1766 357 1801 Iam
380 1777 471 1802 vero
502 1777 600 1815 quae
628 1762 693 1800 hic
714 1770 752 1800 et
773 1764 815 1800 in
834 1764 1059 1815 panegyrici
1079 1763 1319 1814 praefatione
1339 1765 1523 1816 leguntur
1539 1769 1595 1806 ita

160 1830 278 1882 plane
307 1832 464 1881 gemina
497 1837 609 1878 sunt,
646 1837 691 1867 ut
718 1837 845 1868 orator
876 1844 927 1867 ex
954 1831 1224 1881 inscriptione,
1253 1831 1408 1881 publico
1435 1831 1596 1874 honoris

160 1903 428 1946 monumento,
460 1895 596 1934 laudes
613 1909 703 1934 suas
718 1898 960 1935 transtulisse
977 1896 1168 1934 videatur.
1224 1895 1290 1934 hic
1306 1897 1473 1948 legimus
1492 1902 1598 1939 ima-

158 1965 295 2015 ginem
322 1977 410 2001 aere
423 1963 648 2014 firmatam
665 1965 709 2000 in
720 1965 943 2014 praemium
971 1966 1124 2001 cessisse
1142 1962 1405 2012 Merobaudi‚
1434 1968 1516 2004 illic
1534 1970 1598 2006 vi-

163 2037 274 2068 cturo
306 2043 395 2068 aere
412 2030 640 2081 formatum
668 2039 857 2068 oratorem
866 2046 883 2079 ;
928 2030 993 2068 hic
1018 2032 1192 2068 Romam
1221 2044 1311 2068 cum
1329 2033 1597 2084 principibus,

163 2098 245 2134 illic
260 2097 433 2133 Romam
451 2111 540 2134 cum
548 2099 731 2148 principe
743 2097 849 2149 hunc
863 2097 1053 2136 honorem
1069 2096 1274 2146 detulisse3
1304 2096 1368 2135 hic
1387 2099 1468 2135 eiu-s·
1476 2113 1599 2150 prae-

165 2165 275 2201 conio
288 2164 463 2214 gloriam
481 2165 715 2216 triumphali
730 2166 891 2202 crevisse
910 2166 1087 2215 imperio,
1106 2164 1187 2200 illic
1201 2177 1274 2214 pro
1290 2163 1477 2204 laudibus
1486 2152 1600 2205 Ze'tii

165 2237 335 2268 statuam
361 2229 557 2267 decretam
585 2244 684 2269 esse.
742 2245 786 2269 ea
813 2230 989 2269 dedicata
1010 2232 1086 2268 fuit
1105 2243 1207 2268 anno
1229 2229 1333 2280 4353
1363 2234 1598 2284 consulatus,

165 2298 233 2350 qui
249 2299 484 2349 panegyrico
506 2305 685 2346 ornatur,
715 2306 802 2349 post
822 2298 1006 2336 undecim
1025 2311 1148 2335 annos
1171 2298 1397 2337 subsecutus
1418 2307 1499 2338 est:
1527 2313 1600 2339 ve-

166 2377 254 2402 rum
275 2366 419 2403 summi
438 2364 598 2417 quidem
617 2364 776 2403 honoris
801 2379 946 2404 nomen
971 2379 1097 2417 nuper
1114 2365 1189 2403 sibi
1206 2366 1390 2404 collatum
1412 2380 1520 2416 esse3
1550 2366 1600 2406 de

165 2437 340 2483 tempore
366 2445 442 2484 quo
464 2439 633 2471 statuam
654 2434 844 2483 acceperit
866 2432 968 2470 nihil
988 2434 1147 2470 omnino
1165 2440 1371 2471 memorat.

274 2500 409 2551 Neque
433 2505 492 2537 est
511 2499 618 2552 quod
636 2501 851 2551 suspicetur
868 2501 1007 2552 aliquis
1018 2529 1028 2549 ,
1062 2499 1146 2536 fieri
1163 2511 1276 2549 posse
1293 2504 1338 2536 ut
1357 2500 1599 2550 Quintianus,

166 2578 284 2617 quem
301 2564 437 2603 laudes
456 2568 562 2605 Aetii
580 2568 763 2605 cecinisse
785 2573 955 2615 constat,
991 2565 1131 2604 eodem
1157 2564 1306 2603 honore
1332 2571 1490 2604 ornatus
1512 2567 1602 2604 fue-

167 2634 238 2670 rit:
266 2645 360 2670 nam
378 2631 575 2684 Sidonius,
605 2637 672 2688 qui
691 2641 840 2673 statuae
860 2632 1091 2671 Merobaudi
1108 2632 1276 2670 tributae
1291 2638 1336 2669 ut
1354 2634 1411 2670 rei
1427 2634 1602 2670 maxime

166 2699 220 2737 ad
239 2701 470 2740 memoriam
487 2703 651 2754 insignis
671 2702 850 2741 meminit
862 2730 874 2750 ,
904 2700 999 2739 dum
1019 2701 1271 2748 Quintianum
1291 2696 1437 2737 hedera
1458 2706 1518 2737 ter
1536 2711 1602 2736 co-
