1702 3060
295 110 389 154 302
561 110 745 153 NOTAE
775 109 834 151 IN
867 109 1118 151 PRAEFAT.
1150 107 1442 152 LIBRORUM

403 219 466 259 31,
523 218 749 266 minuentis]
779 217 880 253 infra
906 218 933 256 2
964 217 1029 257 19.
1086 214 1219 255 Sedul.
1249 214 1297 253 de
1323 214 1691 255 idolol-umbonum}

292 270 363 310 bus
388 277 435 312 1:
474 286 593 322 quam
623 285 786 308 crescere
812 278 973 308 cernuat
1004 278 1039 307 ec
1069 273 1207 308 mistui.
1238 273 1419 311 DEMPST.
1475 271 1690 313 mimcentis'

291 329 334 365 id
363 335 441 374 est,
476 340 574 378 quae
603 329 808 374 minuitur,
839 326 1043 374 decrescit,
1060 325 1211 365 'deficin
1267 327 1323 363 sic
1347 327 1450 364 infra
1477 326 1503 366 4
1530 327 1583 365 91
1611 319 1691 364 am

289 385 332 418 ιἰι
349 396 388 418 se
407 382 590 419 volventis
607 384 771 432 vestigia
791 381 904 419 dixit.
962 384 1016 418 sic
1046 383 1233 432 augentia
1255 380 1388 418 dicunt
1405 385 1543 432 potitae
1565 393 1634 431 pro
1657 381 1691 422 ii.

289 450 390 487 qnae
425 444 632 487 augentur.
692 439 874 487 exempla
916 438 1132 474 con-similia
1165 435 1270 487 apud
1302 438 1538 476 Lucretium.
1592 448 1691 485 porri

288 495 576 530 venerationem
591 494 706 529 lunae
725 506 747 529 a
766 494 894 529 Persi-s
914 499 953 529 et
971 494 1123 529 Turcae
1141 493 1307 529 mutuati
1323 499 1426 541 sunt,
1455 503 1575 544 quam
1590 491 1691 529 etiem

288 549 329 583 in
348 549 428 584 suis
446 549 668 598 praeferunt
683 549 912 598 insignibus.
968 549 1089 587 Rrrr.

399 605 464 642 33.
523 604 724 652 legebatur
736 606 777 640 in
796 603 1011 653 exemplari
1025 616 1085 640 ms
1101 609 1290 652 argu-eutr
1303 609 1416 638 terre:
1438 597 1510 638 sed
1523 611 1593 651 pro
1612 604 1691 637 tem

287 665 427 694 tera-ore
445 660 602 694 omnino
620 658 885 708 reponendum
904 665 974 695 est.
1015 665 1129 709 atque
1148 657 1222 694 hoc
1239 659 1338 705 loco,
1367 664 1410 694 ut
1427 657 1523 693 alias
1540 668 1691 705 semper

290 727 409 763 urgeo
429 714 591 749 verbum
608 727 696 749 cum
714 727 742 749 a
763 714 889 750 littera
908 710 1057 764 liquida
1080 715 1275 750 invenitur
1298 725 1463 763 argaeo,
1489 709 1596 762 quod
1620 711 1689 747 aui-

290 767 614 809 madvertendum
642 769 775 805 lectori
801 770 928 804 visum
956 775 1026 805 est.
1056 767 1176 805 Rulz.
1231 769 1359 818 placet
1377 773 1554 804 constans
1573 764 1691 802 ortho⁴

292 822 455 873 graphia
475 831 651 860 veterum
672 824 781 859 verbi
799 837 917 873 urgeo
935 835 1026 859 cum
1043 823 1171 859 littera
1190 837 1235 868 ιι,
1263 836 1426 874 argaeo,
1454 834 1572 872 quam
1589 823 1689 857 etian

290 880 450 916 Ruizius
478 880 519 915 iu
548 892 618 915 suo
642 891 702 915 ms
729 877 793 915 hic
817 880 958 928 legisse
978 885 1152 915 testatur.
1181 879 1301 914 Rrrr.
1358 884 1495 913 terrore
1512 877 1599 926 tzw]
1624 876 1682 912 ele

292 941 450 983 gauter:
479 947 525 970 ex
542 941 577 969 te
593 941 687 970 orto.
747 935 846 970 alius
869 933 1032 971 dixisset
1051 934 1122 970 tui.
1181 934 1239 969 sic
1260 934 1287 972 2
1314 929 1414 971 417:
1448 937 1517 967 tua
1536 931 1689 980 gaudia

291 988 367 1026 hoc
398 996 478 1036 est,
511 1002 677 1040 quorum
708 1001 823 1025 causa
850 995 893 1025 tu
922 1001 975 1027 es.
1032 989 1087 1025 sic
1112 987 1272 1038 Optatus
1290 987 1388 1023 Afer
1407 984 1456 1026 4:
1484 985 1622 1022 nullae
1642 998 1690 1022 ve>

291 1051 416 1086 strum
441 1051 495 1080 est
520 1045 589 1094 qui
608 1057 685 1079 uon
707 1045 882 1080 convicia
904 1050 1037 1079 nostra
1054 1044 1136 1079 suis
1157 1041 1388 1078 tractatibus
1405 1042 1575 1077 meat.
1635 1039 1685 1078 ho

293 1107 351 1136 est
381 1112 402 1135 a
430 1099 540 1136 vobis
569 1101 738 1148 impacta
763 1099 888 1135 uobis.
946 1100 1139 1135 Ausonius
1162 1092 1348 1135 Periocha
1365 1094 1477 1133 Iliad.
1500 1097 1544 1135 1:
1584 1096 1690 1132 Theti

289 1155 348 1191 acl
372 1154 523 1190 caelum
549 1153 734 1189 lacrima-3
764 1160 803 1189 et
829 1153 1101 1190 contumeliam
1118 1153 1207 1200 fild
1229 1153 1412 1188 miserata
1427 1150 1690 1200 profici-mitur

292 1209 527 1246 Claudianus
543 1207 780 1258 Epithalam.
797 1207 983 1244 Palladii:
1012 1208 1121 1244 mala
1138 1208 1234 1258 legit
1247 1207 1394 1244 donum
1417 1206 1591 1251 Veneris,
1619 1219 1689 1243 cun

290 1266 421 1302 Venus
445 1263 546 1300 dono
576 1265 766 1314 acceperit
794 1276 815 1299 a
842 1263 996 1300 Paride.
1051 1265 1107 1299 ita
1136 1263 1410 1312 benignitatem
1439 1274 1570 1306 suam,
1597 1263 1639 1298 iu
1663 1275 1689 1299 s‹

291 1320 486 1366 collatam,
511 1318 611 1354 dixit
628 1316 884 1368 Symmachus
904 1319 955 1358 10
972 1331 1034 1367 ep.
1047 1320 1114 1357 30.
1171 1319 1226 1354 sic
1238 1318 1424 1358 iniuriam
1437 1315 1689 1366 Agamemno

284 1376 346 1411 nis
363 1388 432 1424 pro
454 1375 500 1411 ab
525 1387 570 1410 eo
589 1373 735 1410 Achilli
755 1374 905 1409 illatam
923 1371 1043 1410 habes
1065 1371 1169 1423 apud
1189 1373 1407 1410 Ausonium
1428 1371 1550 1422 praef.
1569 1372 1689 1410 Perio-

284 1429 446 1467 charum
469 1428 615 1467 Iliadis.
672 1431 833 1465 ΒΑΜ-Η.

395 1484 462 1526 35.
523 1483 678 1534 Syrtica
693 1483 845 1533 proelia
866 1481 941 1519 hoc
960 1480 1045 1519 loco
1069 1480 1288 1532 intelligere
1309 1481 1518 1532 CorIppum
1545 1480 1685 1519 arbitro

283 1553 330 1577 ea
359 1553 458 1591 quae
487 1539 591 1590 apud
614 1540 771 1590 Syrtes,
800 1539 885 1575 loca
905 1538 1060 1574 Africae
1079 1550 1239 1575 arenosa
1257 1539 1413 1575 omnino
1437 1543 1474 1574 et
1495 1538 1688 1574 siticulosa

290 1597 496 1632 commissa
524 1601 636 1632 sunt:
670 1608 762 1630 nam
788 1601 942 1644 praeter
969 1606 1014 1630 ea
1033 1594 1137 1630 bella
1159 1605 1258 1644 quae
1275 1606 1346 1643 per
1364 1594 1567 1630 Iustiniani
1589 1591 1684 1628 duce

287 1653 330 1688 in
362 1663 407 1687 ea
433 1652 631 1701 provincia
657 1657 766 1699 gesta
785 1651 959 1696 fuerant,
990 1649 1196 1700 aliquoties
1217 1650 1334 1685 etiam
1352 1660 1375 1684 a
1392 1645 1529 1685 Iustini
1546 1646 1686 1684 ducibu

289 1714 508 1756 pugnatum
525 1713 594 1751 est,
623 1719 695 1742 nec
713 1706 805 1742 satis
823 1705 999 1752 feliciter,
1027 1706 1069 1740 in
1087 1703 1236 1751 eadem,
1263 1704 1332 1740 ubi
1347 1701 1578 1740 Theodorus
1593 1715 1684 1752 prae

288 1764 434 1808 fectus,
471 1762 662 1798 Amabilis
703 1767 741 1797 et
775 1759 1024 1796 Theoctistus
1060 1760 1237 1809 magistri
1264 1759 1435 1795 militum
1463 1758 1657 1794 interfecti·
1683 1774 1687 1790 ι

289 1817 435 1853 Mauris
464 1817 597 1860 suere3
631 1814 959 1865 quemadmodum
986 1828 1037 1851 ex
1064 1816 1215 1852 Victore
1243 1815 1447 1851 Tuunensi
1470 1813 1584 1850 facile
1612 1825 1683 1849 con

290 1878 377 1909 stat.
407 1873 526 1908 Rmz.
581 1871 732 1906 bellum
756 1871 796 1905 in
823 1870 954 1906 Africa
985 1876 1115 1905 contra
1136 1868 1330 1907 Vandalos
1348 1875 1570 1918 susceptum
1594 1880 1616 1904 a
1639 1870 1683 1903 Iu

288 1929 454 1964 stiuiano
479 1933 515 1962 et
535 1924 652 1962 ductu
671 1925 849 1961 Belisarii
872 1924 1090 1960 confectum
1106 1923 1254 1970 innuit3
1282 1930 1420 1960 notum
1438 1925 1603 1974 quippe,
1633 1921 1681 1959 do

286 1985 382 2019 mita
402 1982 532 2018 Africa
553 1988 590 2017 et
613 1981 805 2017 Gelimere
826 1978 1056 2028 Carthagine
1077 1985 1275 2028 superato,
1302 1979 1533 2014 Belisarium
1549 1979 1681 2028 Byzan

285 2040 385 2074 tium
409 2043 651 2083 revocatum,
682 2036 794 2071 rebus
825 2035 1016 2071 Africanis
1052 2034 1252 2071 Salamoni
1280 2035 1447 2083 praetori
1474 2034 1686 2069 commissis

284 2095 425 2130 Zonar.
444 2100 472 2128 t.
494 2095 532 2139 3,
561 2092 671 2127 Paul.
690 2091 850 2126 Diacon.
872 2091 936 2137 16,
964 2091 1126 2139 Procop.
1147 2087 1195 2124 de
1213 2089 1317 2125 bello
1334 2087 1458 2126 Vand.
1477 2091 1517 2128 2.
1552 2100 1686 2125 summa

285 2155 417 2184 autem
446 2147 628 2184 victoriae
657 2147 731 2182 fuit
756 2147 798 2181 in
822 2151 953 2182 monte
970 2147 1103 2194 Papua
1125 2143 1353 2180 difficillimo
1375 2155 1551 2190 accessu,
1586 2155 1686 2194 quen

282 2202 430 2239 Pharas
453 2202 604 2239 obsedit
625 2203 734 2238 iussu
751 2202 944 2237 Belisarii.
1003 2200 1160 2236 consule
1188 2200 1426 2236 sanctionem
1445 2200 1566 2249 ipsius
1587 2199 1681 2235 Iusti

282 2260 391 2294 niani
417 2260 434 2296 1
456 2259 534 2294 Cic.
554 2256 601 2293 de
622 2256 731 2293 Offio.
753 2257 935 2306 praefect.
955 2262 1074 2305 praet.
1097 2255 1217 2291 Afric.
1236 2261 1273 2290 et
1295 2254 1437 2291 novell.
1456 2253 1529 2299 35,
1560 2260 1598 2289 et
1627 2254 1680 2290 Co

282 2315 382 2363 ripp.
405 2315 430 2351 2
463 2313 551 2352 125.
581 2313 763 2349 Dzmrsw.
819 2311 1025 2347 manifesto
1057 2309 1168 2346 docet
1191 2309 1242 2346 ad
1265 2315 1469 2360 sequentes
1490 2307 1609 2344 libros
1627 2304 1685 2344 ho

283 2381 438 2404 carmen
458 2367 707 2416 praefationis
726 2368 811 2403 loco
833 2368 1037 2417 pertinere.
1058 2367 1219 2402 BAn'rn.
1261 2365 1386 2400 innuit
1402 2370 1533 2399 auctor
1553 2376 1594 2400 se
1611 2364 1680 2413 plu

283 2437 344 2460 res
361 2423 480 2459 libros
497 2423 693 2472 scripsisse
715 2421 762 2458 de
779 2422 882 2458 bello
900 2422 1083 2458 Africano
1102 2420 1303 2458 Iustiniani
1320 2425 1357 2454 et
1374 2425 1461 2468 post
1480 2417 1620 2466 deinde
1634 2421 1685 2454 Iu·

284 2480 374 2515 stiui
397 2478 576 2526 auspiciis
598 2484 720 2526 gesto.
750 2478 870 2513 Rrr'r.
925 2478 1054 2526 inepte
1076 2475 1146 2512 hos
1168 2486 1300 2511 versus
1316 2475 1587 2523 interpretatur
1603 2475 1679 2510 Bar

281 2533 410 2579 thiu53
454 2545 549 2582 qnos
581 2538 623 2567 ut
657 2538 758 2567 recte
786 2533 1005 2580 intelligas,
1048 2533 1143 2567 scias
1175 2535 1324 2578 oportet
1355 2530 1566 2579 Corippum
1595 2529 1684 2564 aliu«

284 2591 402 2626 etiam
424 2588 644 2638 poemation
667 2585 833 2622 edidisse
860 2588 1089 2635 inscriptum
1113 2585 1159 2620 cle
1181 2584 1292 2620 bellis
1309 2583 1468 2634 Libycis
1488 2585 1558 2621 sub
1582 2585 1684 2621 Iusti-

283 2647 399 2681 niano
428 2645 480 2680 M.
512 2643 642 2692 gestis.
700 2639 975 2697 Rittershutsins
996 2639 1126 2687 addit,
1157 2646 1294 2688 etpost
1312 2639 1384 2677 sub
1406 2640 1549 2678 Iustina·
1565 2640 1684 2688 mospi-

285 2702 370 2746 ciis,
400 2698 467 2737 sed
485 2699 596 2736 falso·
653 2693 742 2733 vide
759 2697 1057 2733 Praefationem.
1113 2696 1241 2734 FOGG.
