1702 3060
255 102 350 148 358
668 104 851 148 NOTAE
883 103 942 146 IN
975 103 1189 147 LIBRUM
1222 103 1296 146 II'

252 210 430 262 regendis
447 223 642 247 summum
657 210 880 258 consillum,
907 211 1001 260 fida
1028 217 1073 248 ut
1092 211 1271 249 tutacula
1290 211 1406 250 nudis
1422 211 1673 264 invalidisqu-

246 274 380 316 paret,
407 266 613 302 metuenda
626 267 809 315 pericula
831 269 934 304 vitet.
994 268 1154 306 BARTH.
1661 297 1666 300 .

362 324 430 361 70.
485 333 552 357 ver
554 319 612 356 bis
630 321 893 373 clementibus]
924 320 999 359 hoc
1017 328 1075 359 est
1091 322 1308 370 submissis,
1336 321 1475 371 tacitis,
1503 334 1554 359 ne
1569 333 1702 379 pom-

252 389 325 427 pae
352 375 475 425 gratia
503 381 571 412 aut
597 376 851 414 ostentandae
877 379 1033 428 pietatis
1053 390 1184 415 orasse
1203 376 1382 416 videatur
1395 378 1508 416 iuxta
1522 384 1674 427 praeco-
1696 381 1702 420 1]

251 438 364 481 ptum
384 429 554 478 (101111111,
583 430 723 469 Matth.
749 435 775 473 6
797 434 836 472 6.
894 431 965 470 sed
992 433 1194 470 clementia
1221 433 1341 470 verba
1368 430 1435 472 1110
1462 434 1591 483 potius
1609 426 1702 482 pae'oi

255 492 411 533 sonant,
450 492 493 523 ut
511 499 627 536 supra
647 501 686 524 v.
709 487 761 529 57
782 489 867 525 vice
886 501 999 526 versa
1017 490 1203 539 pietatem
1219 501 1289 539 pro
1304 489 1511 526 clementia
1529 488 1675 538 posuit:

255 554 277 577 o
291 542 420 591 pietas
437 542 620 579 miranda
636 542 711 579 dei.
772 550 810 580 et
829 545 1084 581 Dracontius:
1114 557 1263 595 magna
1284 544 1347 580 dei
1361 545 1510 593 pietas,
1538 552 1676 592 sempae
1698 542 1702 568 -1

255 597 326 647 qui
351 603 537 646 temperat
560 598 675 634 iram.
707 599 868 636 BAnrn.
924 600 1112 636 Laberius
1132 597 1428 650 Mimographus
1448 599 1492 636 in
1517 598 1675 648 Prologt

255 650 362 701 apud
377 652 618 689 Macrobium
641 653 797 690 Saturn.
816 657 843 694 2
862 657 901 702 7,
929 655 1073 691 Iulium
1093 655 1300 692 Caesarem
1311 653 1510 700 indicans:
1541 666 1625 690 ecce
1641 654 1676 690 ἰι1
1698 651 1702 670 ³

254 713 405 743 senecta
422 714 467 743 ut
468 707 600 756 facile
615 707 800 758 labefecit
815 709 898 745 loco
916 711 993 746 viri
1011 710 1228 746 excellentis
1245 716 1371 747 mente
1385 709 1566 748 clemente
1582 708 1677 747 edito

255 760 447 799 submissa
461 762 625 811 placide
647 762 946 815 blandiloquens
965 766 1101 801 oratio.
1159 766 1289 803 Foco.

366 818 436 857 71.
493 818 637 855 oblatio
659 832 859 856 cereormn
877 820 1055 857 sacrificii
1072 831 1197 869 genus
1214 826 1296 857 erat
1315 817 1422 872 apud
1431 825 1597 857 veteres.
1629 817 1676 856 si(
1698 832 1702 836 ·

257 878 347 909 ante
365 873 582 910 orationem
612 872 660 911 de
691 873 831 911 eodem
856 876 936 911 iam
956 876 1133 924 principe
1160 874 1262 911 dixit
1278 887 1317 912 v.
1335 877 1382 914 9:
1412 887 1593 924 cerasque
1610 875 1677 911 mi-
1692 901 1699 904 -

258 934 389 965 cantes
407 927 565 974 obtulit,
597 936 634 964 et
647 929 813 978 supplex
830 929 1005 964 lacrimis
1023 931 1079 965 ita
1086 929 1210 979 satur
1223 928 1376 966 obortis.
1413 930 1578 967 But-ru.

367 985 436 1022 72.
491 995 636 1019 nomen
667 981 784 1020 huius
814 983 918 1020 filiae
945 985 1085 1020 Iustini
1114 990 1152 1021 et
1179 982 1350 1034 Sophiae
1378 983 1520 1021 nullibi
1546 995 1678 1021 monu-

257 1044 497 1086 mentorum,
538 1037 645 1089 quod
666 1050 738 1088 ego
758 1037 919 1089 quidem
938 1038 1125 1088 legerim,
1162 1046 1310 1076 exstat:
1348 1037 1418 1076 sed
1449 1051 1568 1090 quam
1585 1051 1679 1077 uxo-

258 1107 342 1130 rem
359 1093 479 1130 fuisse
497 1092 682 1129 Baduarii
698 1095 1016 1141 existimaverim,
1048 1092 1096 1130 (10
1113 1106 1189 1144 quo
1208 1094 1342 1144 paullo
1361 1094 1524 1132 inferius
1542 1107 1580 1130 v.
1593 1091 1678 1134 284*

259 1150 382 1186 Rmz.
438 1161 539 1198 quae
562 1149 612 1185 sit
632 1146 730 1184 haec
748 1161 828 1185 non
847 1151 1037 1199 comperi:
1077 1161 1170 1186 nam
1197 1150 1299 1186 nulli
1316 1150 1463 1186 Iustino
1482 1149 1596 1185 liberi
1613 1148 1679 1186 nist

260 1217 361 1240 uxor
385 1202 561 1239 Biduarii
589 1204 712 1252 infra,
751 1205 883 1241 nullus
908 1205 1064 1255 imperii
1092 1203 1220 1241 heres.
1275 1204 1375 1241 sorte
1402 1204 1531 1254 proles
1559 1204 1679 1254 aliqui

260 1258 455 1308 adoptiva.
476 1259 661 1295 DEMPST.
710 1258 980 1308 pulcherrima
990 1259 1136 1310 proles]
1157 1257 1376 1310 emphasim
1394 1257 1592 1310 quandam
1610 1270 1679 1296 vom

259 1313 357 1351 haec
378 1312 497 1350 habet
509 1342 519 1360 ,
548 1320 592 1350 ut
609 1312 714 1364 apud
736 1316 961 1351 Maronem:
990 1316 1078 1364 ipsa
1095 1322 1225 1351 tenens
1243 1321 1425 1364 pateram
1442 1314 1577 1351 dex-wa
1591 1313 1680 1363 pul-

261 1369 453 1406 cherrima
473 1369 583 1405 Dido
607 1370 807 1406 candentis
828 1383 971 1407 vaceae
989 1369 1119 1406 media
1136 1371 1236 1406 inter
1261 1383 1407 1406 cornua
1421 1369 1549 1419 findit.
1610 1368 1681 1406 cla-

264 1437 352 1461 rum
369 1437 461 1462 vero
482 1423 574 1460 hinc
593 1426 740 1462 Iustino
763 1425 885 1461 fillam
909 1426 1030 1462 fuisse
1059 1426 1177 1461 etiam
1202 1430 1355 1475 praeter
1379 1437 1466 1461 eam
1487 1436 1590 1475 quae
1611 1420 1702 1461 Bas

264 1479 400 1517 duario
416 1486 538 1530 nupta
556 1480 644 1516 fuit.
701 1479 805 1517 unde
830 1487 932 1517 errat
948 1483 1119 1517 Zonaras
1139 1486 1169 1516 t.
1190 1482 1238 1528 3,
1281 1480 1344 1516 cui
1371 1475 1548 1530 ἀμοιρῶν
1573 1480 1682 1530 γονῆς

264 1535 413 1582 οἰκείας
430 1536 600 1572 Iustinus
619 1534 782 1583 dicitur3
819 1542 864 1572 ut
883 1542 922 1572 et
940 1548 1031 1572 eum
1047 1547 1215 1586 sequens
1238 1535 1512 1572 Constantinus
1533 1535 1682 1572 Manas-

264 1603 341 1628 ses.
396 1589 637 1627 Baduarium
653 1604 745 1630 vero
764 1603 954 1640 genermn
975 1592 1114 1627 Iustini
1132 1591 1227 1626 facit
1244 1596 1283 1626 et
1302 1590 1432 1627 Victor
1447 1590 1682 1626 Tunnonen-

265 1647 318 1683 sis
345 1646 386 1681 111
409 1644 618 1693 Chronico,
663 1659 733 1683 seu
752 1647 881 1696 potius
900 1644 1093 1683 Iohannes
1117 1645 1371 1692 Biclarensis,
1412 1645 1482 1695 qui
1500 1645 1683 1682 Victorent

265 1701 475 1751 supplevit.
530 1702 718 1751 pietatem
738 1699 909 1751 Sophiae
935 1702 1135 1750 Augustae
1162 1700 1296 1737 multis
1320 1697 1455 1736 laudat
1479 1699 1684 1738 Venantim

265 1757 498 1793 Fortunatus
515 1755 656 1794 eodem
674 1769 770 1794 aevo
790 1757 961 1793 scribens
973 1785 984 1803 ‚
1015 1757 1077 1792 cui
1098 1768 1187 1792 cum
1205 1755 1335 1792 omnia
1353 1766 1536 1805 prospera
1555 1765 1684 1792 voven}

267 1809 357 1847 data
374 1810 535 1861 quidem
552 1824 668 1860 opera
679 1840 690 1859 ‚
718 1824 799 1848 non
817 1818 951 1848 tamen
969 1813 1124 1861 uspiam
1144 1811 1289 1848 sobolis
1308 1811 1433 1860 ipsius
1453 1810 1684 1847 mentionem

265 1866 389 1902 ullam
411 1866 518 1902 facit.
546 1867 709 1903 BAn'rn.
770 1866 876 1916 quod
896 1867 1111 1916 superiores
1123 1867 1279 1915 Corippi
1294 1866 1549 1902 illustratores
1565 1865 1679 1901 latuit

268 1920 349 1958 filia
367 1922 505 1958 Iustini
526 1919 727 1958 dicebatur
749 1921 923 1958 Arabia.
980 1933 1196 1971 anonymus
1223 1921 1498 1971 antiquitatmn
1520 1920 1684 1969 Cpolita-

267 1988 409 2012 narum
425 1983 570 2024 auctor,
600 1978 668 2028 qui
692 1977 762 2013 sub
784 1977 927 2013 Alexio
949 1976 1147 2013 Conmeno
1166 1976 1268 2012 vixit
1286 1981 1324 2012 et
1349 1988 1373 2012 a
1388 1973 1586 2011 Bandurio
1608 1973 1685 2012 edi-

267 2037 331 2068 tus
350 2037 409 2068 est
422 2059 432 2079 ‚
472 2039 647 2069 recenset
669 2032 738 2068 lib.
762 2033 783 2072 1
815 2038 961 2069 statuas
981 2044 1096 2081 super
1111 2031 1339 2067 Milliarium
1358 2031 1525 2080 positas,
1565 2036 1603 2066 et
1623 2028 1685 2068 hat

268 2087 370 2123 inter
385 2094 577 2126 memorat
598 2086 768 2136 Sophiae
788 2088 917 2123 uxoris
936 2087 1098 2131 Iustini,
1126 2085 1305 2122 Arabiae
1317 2085 1438 2133 filiae
1461 2098 1592 2122 eorum
1600 2111 1616 2129 ‚
1647 2098 1685 2122 aa

270 2142 476 2178 eorundem
500 2143 626 2191 neptis
652 2142 846 2188 Helenae;
886 2155 982 2194 quas
1010 2148 1155 2179 statuas
1182 2154 1235 2178 ex
1261 2141 1339 2179 alio
1368 2142 1516 2178 incerto
1541 2146 1686 2177 auctore

272 2198 563 2233 enarrationam
581 2197 1003 2248 chronographicarum
1025 2196 1130 2247 apud
1149 2195 1319 2234 eundem
1334 2194 1576 2234 Bandurium
1600 2208 1686 2232 aun

271 2249 459 2288 obductas
463 2252 597 2302 fuisse
615 2251 813 2290 discimus.
870 2259 1069 2303 praeterea
1091 2251 1200 2288 idem
1215 2253 1284 2288 1110
1304 2252 1531 2301 Anonymus
1543 2278 1554 2298 ‚
1579 2249 1649 2286 lib.
1668 2251 1687 2289 ἓ

273 2304 494 2343 describens
521 2309 683 2344 Portum
710 2307 974 2358 Sophianum,
1021 2313 1186 2359 quatuor
1218 2308 1262 2343 in
1299 2307 1383 2343 eius
1415 2303 1547 2342 medio
1574 2305 1687 2343 fuisse

272 2366 417 2398 statuas
431 2367 594 2398 testatur
613 2361 778 2400 totidem
798 2364 987 2400 columnis
1004 2363 1333 2413 superimpositas,
1367 2359 1555 2410 Sophiae,
1581 2359 1687 2396 Ara·

270 2414 359 2452 biae
378 2417 599 2463 eius-filiae,
633 2418 780 2455 Iustina·
799 2426 835 2454 et
854 2419 1012 2456 Nareae
1024 2419 1188 2468 patricii
1204 2423 1240 2452 et
1250 2416 1484 2465 praepositi,
1525 2421 1687 2452 structu-

271 2484 339 2508 rae
349 2471 556 2521 praefeeti.
615 2473 744 2510 Foco.

380 2529 448 2568 73.
505 2526 678 2564 imitatur
695 2526 898 2564 Claudiam.
913 2525 1086 2577 Epithal.
1098 2528 1199 2562 Hon.
1222 2531 1260 2562 et
1278 2525 1447 2567 Mariae:
1475 2524 1572 2562 haee
1583 2522 1687 2561 mod

272 2583 475 2627 crescenti,
515 2582 660 2633 plenae
676 2596 759 2631 par
789 2583 915 2618 altera
939 2582 1070 2618 lanae.
1114 2582 1298 2618 Dmss’sw.
1364 2580 1503 2617 lzmam
1530 2585 1689 2617 matrem

273 2635 380 2674 dicit.
436 2643 475 2674 et
500 2644 559 2674 est
582 2637 746 2674 imitatio
765 2636 989 2684 Claudiani,
1029 2637 1096 2688 qui
1124 2637 1301 2673 omnium
1325 2635 1466 2673 talium
1493 2638 1689 2685 poetarum

270 2698 403 2741 pater:
454 2706 559 2730 nuno
593 2705 664 2730 ora
696 2692 855 2742 puellae
863 2718 880 2738 ,
940 2705 1045 2730 nunc
1068 2692 1229 2742 flavam
1259 2692 1373 2742 nigro
1410 2692 1575 2728 mirano·
1607 2701 1689 2726 vet>
