1702 3060
240 125 335 170 392
651 129 835 171 NOTAE
867 129 924 171 IN
958 130 1167 172 LIBRUM
1201 132 1243 173 Π

236 237 408 282 Nerone,
438 234 564 271 Tacit.
582 235 684 271 Ann.
711 238 780 284 13,
821 249 843 272 a
861 238 1008 284 Nerva,
1049 239 1189 275 Zonar.
1209 245 1238 276 t.
1261 241 1310 287 2,
1349 240 1455 291 quod
1474 243 1662 279 miseram*

237 298 334 327 esset
357 290 540 326 humanis
565 289 747 326 carnibus
783 291 894 328 alvos
916 293 1103 342 firm-nm
1132 294 1277 344 expleri
1313 294 1455 346 (verba
1482 298 1654 334 Salviani

234 345 485 381 Massiliensis
503 344 572 380 lib.
594 347 635 391 6)
668 352 704 381 et
730 359 818 382 cnm
849 348 1181 385 circumstantium
1203 349 1351 386 laetitia
1368 350 1515 387 comedi
1529 351 1655 388 homi-

232 412 312 435 nes.
372 397 442 435 sed
460 406 644 448 regnante
663 402 847 448 Honorio,
879 415 968 438 cmn
986 410 1186 452 putaretur
1204 403 1334 441 clades
1352 406 1555 442 imminere
1577 408 1654 442 rei-

229 454 407 503 publicae
435 454 483 490 ob
510 455 708 504 neglectas
738 457 966 505 religiones,
1010 465 1186 495 revocata
1219 465 1375 496 cruenta
1396 459 1654 509 gladiatorum

230 510 473 556 commissio,
512 509 615 560 quod
647 510 752 547 dolet
782 512 851 548 lib.
876 515 901 552 2
933 514 973 548 in
1005 513 1285 563 Symmachum
1310 514 1564 552 Prudentius:
1611 523 1654 552 tu

228 570 365 600 mortes
383 565 607 601 miserorum
622 566 823 603 hominum
836 567 1035 616 prohibeto
1054 569 1176 615 litari5
1197 569 1332 606 nullus·
1349 571 1391 606 in
1409 569 1502 606 urbe
1520 570 1655 616 cadat,

228 619 340 654 cuins
366 620 418 655 sit
436 633 566 668 poena
595 621 788 670 voluptas.
850 622 1018 674 denique
1042 625 1314 662 Constantinus
1332 627 1434 674 Aug.
1460 625 1538 661 lata
1565 625 1653 675 lege

227 672 488 723 gladiatorum
507 675 681 712 crudeles
702 678 898 714 conflictus
917 680 1070 727 penitus
1089 681 1244 716 sustulit
1259 681 1327 716 lib.
1349 683 1395 719 11
1419 681 1461 717 C.
1478 679 1527 716 de
1546 680 1657 730 glad.

228 731 349 778 penit.
370 730 455 765 toll.
484 731 667 768 Drmrsr.
717 733 876 780 privari
890 740 948 769 est
971 733 1069 770 tolli.
1121 734 1168 771 de
1189 748 1264 786 quo
1285 735 1391 771 alibi.
1436 735 1654 772 studiorum

227 785 359 833 iurgia
389 791 446 821 est
474 787 646 823 traiectio
669 787 885 824 vicinarmn
913 786 1145 826 dictionum:
1174 803 1267 826 nam
1287 791 1504 841 iurgiorum
1520 791 1653 827 studia

228 838 437 876 dicendum
460 848 554 878 erat.
611 848 654 878 ut
671 854 787 891 supra
806 842 1021 879 studiorum
1036 845 1192 894 gaudia
1210 852 1394 895 surgunt,
1422 843 1653 895 gaudiorum

227 893 362 930 itidem
387 894 527 932 studia.
584 898 745 934 ΒΑΜ-ιι.

337 952 430 990 337.
483 953 679 1001 promitto]
709 953 872 988 fortasse
892 949 999 988 haud
1019 954 1149 1003 inepte
1163 955 1360 1003 permitto.
1418 955 1539 991 ΒΗΤ.

338 1003 431 1044 341.
488 1013 591 1042 secta
620 1013 678 1043 est
702 1007 914 1052 institutio,
943 1020 1085 1044 mores.
1143 1008 1250 1059 quod
1271 1009 1462 1060 posterius
1492 1021 1515 1045 a
1531 1009 1649 1046 Clau-

230 1058 345 1096 diano
363 1066 421 1096 est
437 1061 479 1096 iu
496 1059 522 1099 4
542 1062 688 1098 consul.
709 1063 810 1098 Hon.
867 1063 1030 1099 BAn‘ra.
1650 1080 1652 1083 ’

340 1113 394 1150 ib.
453 1115 667 1152 saeclorum
694 1123 798 1152 secta
822 1129 1005 1152 meorum.
1066 1117 1121 1154 sic
1145 1129 1261 1167 saepe
1285 1118 1326 1154 in
1352 1118 1544 1168 rescriptis
1569 1119 1650 1156 suis

229 1171 480 1219 imperatores
501 1171 542 1206 iu
564 1170 673 1207 cod.:
702 1177 806 1206 secta
825 1184 995 1207 meorum
1012 1178 1224 1221 temporum
1241 1186 1319 1208 non
1328 1174 1496 1222 patitur.
1554 1174 1650 1210 item

228 1224 420 1273 diciplina
443 1237 614 1262 meorum
637 1232 864 1275 temporum.
923 1225 1012 1273 vide
1042 1227 1224 1277 exempla
1254 1228 1415 1264 collecta
1445 1227 1650 1277 diligenter

228 1293 251 1315 a
272 1280 335 1315 Fr.
365 1282 492 1316 Iureto
518 1281 559 1316 in
587 1282 688 1318 notis
714 1280 765 1317 ad
791 1279 1084 1331 Symmachum.
1141 1283 1253 1332 plura
1283 1295 1438 1334 quoque
1469 1284 1580 1319 attuli
1606 1284 1648 1318 iu

226 1341 434 1371 comment.
458 1334 509 1371 ad
538 1336 608 1372 lib.
641 1337 692 1375 10
723 1337 877 1386 epistol.
902 1337 1019 1372 Plinii
1047 1344 1085 1374 et
1110 1337 1271 1374 Traiani
1295 1350 1336 1387 p.
1362 1338 1463 1384 3503
1507 1338 1648 1389 quibus

225 1388 325 1426 adde
353 1403 398 1426 ea
428 1403 527 1440 quae
552 1393 701 1428 notavit
726 1393 878 1428 Gruter.
906 1389 1066 1428 discurs.
1094 1395 1121 1432 2
1147 1393 1190 1428 in
1213 1393 1309 1428 Tac.
1340 1398 1439 1442 part.
1466 1395 1486 1432 1
1516 1406 1556 1443 p.
1582 1394 1647 1431 16.-
1682 1442 1689 1444 ὴ

225 1446 346 1481 ΒιΤΤ.
403 1446 458 1483 sic
475 1458 590 1496 saepe
607 1447 821 1497 loquuntur
838 1447 1088 1496 imperatores
1107 1448 1150 1483 in
1168 1454 1332 1498 utroque
1358 1445 1502 1484 codice.
1557 1446 1647 1484 vide

221 1501 395 1538 Brisson.
425 1500 472 1536 de
500 1502 607 1538 verb.
634 1503 766 1552 signif.
795 1501 858 1539 ed.
882 1503 1049 1550 noviss.,
1088 1508 1127 1539 et
1151 1501 1382 1540 Rittershus.
1416 1501 1467 1539 ad
1494 1503 1598 1539 Pliu.
1620 1505 1646 1542 3

222 1569 285 1605 ep.
309 1557 374 1594 98.
431 1557 589 1594 Voncx.

333 1611 426 1650 342.
483 1625 605 1647 mores
622 1625 843 1661 componere
863 1619 920 1650 est
940 1613 1146 1664 tranquille
1165 1619 1204 1650 et
1218 1611 1371 1663 placide
1389 1612 1532 1659 vivere,
1562 1611 1645 1648 siue

223 1666 396 1715 querela.
453 1668 714 1718 Hieronymus
754 1669 796 1703 in
829 1666 991 1705 historia
1019 1667 1202 1706 Iohannis
1230 1666 1434 1704 monachi:
1481 1668 1578 1703 vitia
1611 1674 1646 1703 et

217 1721 418 1769 passiones
435 1729 602 1758 resecent
619 1736 663 1758 ex
679 1724 809 1759 animo
826 1737 912 1768 suo,
940 1737 1136 1774 mores-qne
1151 1730 1394 1773 componant.
1426 1723 1588 1759 BARTH.

331 1774 426 1814 345.
482 1778 670 1814 iustitiam
679 1779 817 1828 facere
836 1785 894 1815 est
909 1779 1125 1816 Bibliorum
1141 1778 1306 1830 phrasis.
1338 1780 1501 1815 ΒΑΜ-ιι.
1544 1777 1644 1827 jora

222 1829 339 1866 nulla
368 1831 538 1882 timebit]
576 1833 675 1870 iusto
706 1834 810 1869 enim
837 1847 915 1869 non
947 1841 1002 1870 est
1027 1834 1087 1870 lex
1107 1836 1238 1884 posita
1240 1862 1256 1879 ,
1297 1834 1425 1884 inquit
1440 1833 1601 1869 Paullus
1619 1835 1639 1872 1

223 1883 399 1921 Timoth.
424 1889 444 1925 1
465 1887 504 1925 9.
561 1885 653 1923 hinc
672 1894 710 1923 et
730 1886 963 1937 Sophocles:
993 1885 1066 1936 ξύν
1091 1892 1146 1943 τῷ
1173 1890 1311 1942 δικαίῳ
1326 1886 1400 1940 yda
1424 1883 1504 1939 μέγ’
1523 1886 1643 1934 ἔξεστι

223 1943 400 1990 φρονεῖν.
456 1942 600 1978 similia
620 1942 723 1992 apud
741 1944 923 1979 Plautum
938 1942 1114 1993 Amphit.
1136 1951 1208 1980 act.
1231 1947 1258 1984 2
1285 1956 1339 1980 sc.
1355 1945 1404 1982 2:
1443 1955 1544 1992 quae
1564 1955 1641 1978 non

222 1995 401 2045 deliquit,
430 1996 535 2033 decet
550 1998 740 2034 audacem
759 2011 853 2042 esse,
882 2006 917 2034 et
937 1999 1169 2046 confidenter
1179 2012 1255 2048 pro
1276 2011 1314 2034 se
1339 2004 1374 2034 et
1388 2004 1565 2047 proterve
1581 1997 1642 2033 lo—

222 2051 303 2100 qui.
337 2057 376 2087 et
393 2051 534 2088 Pseud.
553 2060 626 2090 act.
649 2054 671 2092 1
692 2067 744 2091 sc.
762 2057 802 2095 5.
832 2060 870 2090 et
887 2052 1054 2091 Phaedr.
1074 2053 1100 2092 4
1121 2053 1172 2094 25
1196 2055 1248 2095 18
1268 2060 1306 2090 et
1325 2065 1435 2103 seqq.
1463 2054 1585 2089 RrrT.

331 2105 424 2146 346.
480 2107 543 2143 illi
560 2110 687 2158 potius
707 2121 826 2161 quam
846 2108 931 2154 ille,
958 2116 1002 2146 ut
1026 2110 1068 2146 iu
1092 2121 1152 2146 ms
1181 2115 1259 2157 est,
1299 2106 1511 2158 legendum
1529 2107 1641 2144 nobis

220 2159 385 2198 videtur.
439 2163 561 2200 Rmz.

327 2216 421 2257 347.
477 2219 602 2269 vigor.
661 2219 764 2256 male
783 2233 968 2270 reponere
993 2220 1128 2257 volunt
1146 2220 1268 2270 rigor:
1297 2219 1410 2269 vigor
1426 2218 1531 2255 enim
1549 2224 1639 2253 tan-

218 2269 380 2307 tundem
399 2273 479 2309 fere
496 2275 614 2311 valet.
671 2282 728 2312 est
747 2277 852 2311 enim
873 2276 985 2326 vigor
1010 2276 1158 2312 stabilis
1183 2273 1375 2326 quaedam
1393 2273 1636 2320 excellentia,

217 2332 320 2363 recto
340 2326 474 2364 ordine
496 2329 701 2377 incedens,
730 2323 795 2367 nilv
809 2332 962 2378 timens,
991 2332 1091 2367 nulli
1108 2329 1335 2376 blandiens3
1364 2327 1467 2364 unde
1486 2326 1536 2364 ad
1561 2328 1638 2363 alia

215 2382 456 2419 transfertur.
502 2384 759 2423 Claudianus:
789 2399 895 2422 mens
913 2387 1143 2435 circumflua
1157 2385 1254 2421 luxu
1273 2389 1430 2421 noverat
1447 2384 1638 2420 intactum

213 2436 321 2472 vitiis
341 2450 493 2474 servare
510 2441 694 2490 vigorem.
727 2442 861 2491 legum
881 2448 1011 2478 autem
1032 2455 1102 2478 seu
1121 2441 1215 2477 iuris
1235 2441 1346 2489 vigor
1364 2439 1516 2488 saepius
1535 2438 1637 2486 legi-

214 2497 276 2527 tur
291 2492 333 2527 in
350 2491 481 2530 codice
500 2495 748 2543 Iustinianeo‚
779 2509 896 2547 quem
912 2503 997 2533 tum
1016 2509 1149 2533 recens
1165 2495 1452 2544 promulgatum
1472 2494 1514 2529 in
1530 2493 1636 2528 mul-

213 2546 262 2583 tis
291 2548 465 2598 sequitur
485 2550 672 2600 Corippus
699 2558 842 2588 noster.
870 2554 1032 2589 ΒΑΜ-ιι.
1088 2551 1184 2600 este]
1223 2551 1264 2585 in
1293 2551 1480 2599 impresso
1502 2547 1634 2585 codice

213 2608 342 2647 estote,
369 2603 439 2641 sed
455 2604 579 2641 male:
607 2618 687 2642 non
703 2607 809 2642 enim
826 2608 971 2656 patitur
987 2607 1056 2642 lex
1079 2606 1272 2643 carminis.
1329 2606 1511 2642 Deurs’r.

320 2657 415 2700 349.
470 2661 603 2710 inepta
624 2667 682 2698 est
698 2663 898 2711 scriptura.
946 2660 1041 2712 quid
1059 2663 1164 2698 enim
1183 2658 1283 2697 illud
1302 2659 1412 2696 iubeo
1430 2659 1505 2698 sibi
1520 2655 1633 2694 vult?

212 2716 338 2765 parari
358 2714 552 2764 videlieet,
573 2716 823 2767 frequentari,
845 2717 932 2765 coli,
954 2718 1182 2768 exspectari.
1238 2727 1366 2766 nugae
1387 2721 1426 2752 et
1439 2713 1634 2753 tenebrae.
