1702 3060
265 152 359 200 242
758 149 1199 219 MAZZUCCHELLII

378 260 467 301 194,
523 258 717 308 actisatis
735 258 840 307 Virg.
863 256 967 297 Aen.
985 258 1006 296 1
1029 258 1094 298 36.
1139 257 1246 306 satis
1259 257 1406 307 iniquis
1423 255 1530 294 idem
1545 259 1571 297 2
1595 258 1686 305 257,

268 319 292 357 3
327 319 372 355 17
405 323 442 351 et
475 318 522 354 lo
553 315 643 352 580.

378 373 466 408 196.
523 369 627 418 virg.
648 367 751 407 Aen.
775 368 824 406 11
852 365 954 406 264:
987 379 1187 415 versosque
1202 373 1374 415 penates.

381 425 467 462 198.
525 422 588 459 hic
619 423 754 473 procul
785 422 902 458 dubio
930 428 985 458 est
1021 422 1087 457 ille
1120 435 1189 457 rex
1215 421 1479 459 Vandalorum
1504 421 1687 458 Hune-rici

266 479 390 524 filius,
421 491 539 529 quem
558 481 705 528 passim
727 477 897 514 historici
917 483 1054 513 vocant
1075 477 1323 513 Hilderienm
1340 477 1403 512 vel
1421 477 1565 526 absque
1583 479 1686 526 aspi-

268 536 414 571 ratione
446 534 673 576 llclericzam,
703 534 770 583 qui
798 534 973 582 regnavit
1001 533 1047 568 ab
1076 546 1176 568 anno
1205 533 1285 572 523
1313 531 1362 568 ad
1392 532 1471 571 530
1498 543 1620 581 usque
1646 533 1687 568 iu

266 590 408 627 Africa.
467 596 593 626 exstat
623 590 663 624 in
692 601 827 624 museo
854 588 1048 624 &frivultio
1078 589 1159 623 eins
1188 600 1330 623 numus
1357 593 1561 635 argenteus
1583 587 1686 624 tertii

264 643 417 680 moduli
445 645 509 680 vel
537 645 759 694 quinarius,
790 649 903 692 caput
930 645 1029 691 regis
1056 643 1228 678 imberbe
1259 648 1550 692 repraesentans
1579 649 1686 691 parto

265 701 392 735 antica
424 711 511 735 cum
541 700 790 748 inscriptione
816 699 850 733 D
880 699 915 733 N
946 698 1176 734 HILDIRIX
1207 699 1331 743 REX,
1360 704 1398 733 et
1420 703 1528 746 parte
1554 709 1686 734 aversa

264 755 471 790 mulierem
498 760 684 798 stantem,
716 765 897 788 coronam
923 754 1038 802 spicis
1068 759 1290 789 contextam
1317 754 1358 789 in
1386 754 1509 802 capite
1535 750 1685 788 habeu-

264 816 365 855 tem,
396 817 433 845 et
459 816 620 845 extensa
651 815 812 858 utraque
834 820 952 844 manu
974 809 1098 857 spicas
1121 815 1338 856 gerentem,
1367 820 1456 843 cuin
1475 806 1685 857 epigraphe

263 866 418 900 FELIX
443 865 595 902 KART.
651 876 767 914 quem
788 864 1161 912 praestantissimum
1176 875 1339 899 numum
1357 861 1600 913 eundemque
1622 876 1684 898 ra·-

264 922 462 956 rissimum
490 917 686 970 praedicat
711 916 863 954 Eckhel
882 919 936 956 D.
961 918 1016 957 Ν.
1043 917 1089 956 V.
1109 924 1137 956 t.
1157 917 1181 956 4
1208 931 1245 966 p.
1270 919 1357 957 138.
1412 917 1573 954 fortasse
1604 925 1683 954 lam

263 975 491 1011 Hildericzis·
520 987 638 1025 qnam
667 973 867 1009 Ilildimer
894 973 999 1009 idem
1025 979 1081 1008 est
1098 985 1141 1007 ac
1164 971 1304 1008 nobilis
1326 972 1387 1008 vel
1406 971 1684 1017 nobilissimus,

264 1043 315 1066 ex
344 1029 535 1066 radicibus
556 1029 645 1065 Mel
663 1029 725 1064 vel
744 1027 868 1071 Adel,
898 1027 1097 1071 nobilitas,
1127 1034 1164 1063 et
1183 1027 1288 1063 Rich
1307 1027 1371 1063 vel
1391 1027 1531 1070 Rea-la,
1560 1028 1683 1072 dives,

263 1084 368 1135 quod
397 1097 534 1135 parum
556 1083 672 1120 distat
700 1096 815 1119 sensu
842 1095 864 1118 a
891 1083 1025 1126 Mem,
1065 1083 1212 1118 multus
1241 1083 1303 1118 vel
1329 1082 1526 1132 amplia-sq
1565 1089 1606 1118 ut
1634 1085 1683 1119 sit

263 1141 374 1190 qnasi
394 1139 595 1176 nobilitate
613 1139 790 1188 affluens.
847 1140 914 1189 qui
933 1139 1203 1174 Germanicam
1226 1138 1399 1186 lingnam
1429 1139 1591 1184 callent,
1621 1139 1683 1174 fa·-

261 1196 372 1231 cilius
398 1208 461 1230 me
489 1194 718 1243 intelligent,
775 1206 866 1229 sane
896 1192 1130 1229 Wacliterus
1158 1195 1197 1228 in
1227 1193 1425 1228 Glo.s·.s·ario
1451 1193 1683 1229 Germanico

260 1257 285 1289 t,
306 1253 318 1287 1
346 1263 382 1299 p.
395 1248 446 1288 45
468 1250 740 1298 interpretatur
757 1247 982 1292 IIilclericlz,
1012 1247 1213 1284 nobilitate
1224 1254 1375 1297 potens.
1432 1246 1480 1284 de
1499 1246 1573 1284 hoc
1592 1261 1682 1298 rege

260 1303 348 1341 vide
366 1305 596 1354 Procopium
615 1304 662 1339 cle
680 1302 777 1339 hello
801 1303 844 1340 V
836 1304 928 1343 and,
951 1304 973 1342 1
999 1305 1036 1342 9.

367 1361 459 1400 200,
513 1360 619 1407 Vir-g.
630 1358 733 1397 Aen.
747 1360 771 1397 6
799 1359 897 1398 147:
928 1371 1006 1394 non
1029 1357 1174 1395 viribus
1193 1357 1288 1393 ullis
1308 1358 1474 1402 vincere,
1498 1371 1567 1394 nec
1584 1360 1682 1395 clm-o

251 1414 409 1464 poteris.
467 1415 535 1464 qui
561 1414 705 1449 vellent
731 1416 830 1449 tueri
859 1420 930 1449 auc
956 1412 1116 1458 codicis,
1149 1412 1275 1449 dicere
1296 1411 1479 1449 deberent
1498 1413 1545 1449 de
1565 1413 1685 1450 111(111-«Ι

260 1471 352 1505 strIa
386 1470 557 1505 noluisse
588 1471 707 1505 etiam
737 1466 799 1504 hic
829 1470 1038 1518 Corippum
1057 1467 1199 1505 elidere
1219 1469 1395 1504 vocalem
1415 1482 1434 1503 e
1454 1476 1542 1505 ante
1560 1483 1603 1513 α,
1638 1475 1681 1506 nt

256 1525 348 1560 fecit
373 1524 420 1560 (le
439 1523 547 1562 laud,
573 1525 597 1562 3
623 1525 702 1563 288
728 1529 765 1558 et
789 1523 815 1564 4
841 1527 915 1570 28,
947 1523 994 1559 de
1024 1524 1162 1574 quibus
1189 1522 1278 1559 vide
1305 1522 1605 1560 Rittersliusium
1630 1523 1680 1561 ad

255 1581 424 1630 priorem
440 1590 615 1622 versum,
646 1585 683 1614 et
703 1579 934 1626 Fogginium
952 1578 1002 1614 ad
1020 1580 1285 1628 posteriorem.

364 1636 456 1675 201.
513 1635 658 1673 Lucan.
678 1634 702 1671 3
732 1636 779 1672 19
804 1641 1022 1684 rumpentes
1042 1635 1212 1670 stamina
1231 1635 1393 1674 Parcas.

362 1693 455 1729 202.
516 1689 616 1736 Virg.
632 1687 736 1727 Aen.
756 1690 780 1728 6
806 1689 906 1728 475:
937 1703 1032 1725 cami
1043 1689 1248 1738 perculsu-s*
1266 1690 1409 1739 iniquo.

362 1747 454 1784 203,
511 1745 654 1782 Lucan.
675 1747 698 1783 3
721 1742 820 1782 448:
851 1751 977 1780 servat
997 1745 1313 1794 mallossorlana
1328 1751 1514 1784 nocentes.

361 1801 455 1839 206.
512 1811 581 1834 nec
599 1811 683 1847 spes
702 1797 924 1849 ullafitgae
947 1801 1051 1849 Virg.
1072 1799 1175 1839 Aen».
1197 1801 1222 1838 9
1249 1801 1322 1839 131
1342 1806 1380 1836 et
1402 1800 1452 1839 10
1476 1800 1566 1840 121.

360 1855 453 1894 207,
483 1895 487 1897 Δ
509 1854 638 1888 sistere
657 1859 802 1892 eontra,
859 1868 895 1894 v,
913 1854 962 1890 ad
979 1858 1004 1894 2
1030 1858 1122 1894 229,

358 1910 450 1949 209.
504 1910 608 1956 Virg.
629 1908 806 1957 Georg.2
830 1910 930 1951 156:
954 1911 1182 1959 praeruptis
1199 1908 1344 1958 oppida
1363 1922 1486 1954 sext-9,
1515 1915 1552 1945 et
1574 1908 1675 1950 557:

250 1963 372 2013 impia
392 1977 512 2013 qnam
533 1965 654 1998 caesis
670 1976 780 2012 gens.

356 2020 449 2058 210.
506 2018 642 2057 senec.
673 2019 811 2058 Troad.
835 2021 933 2059 178:
964 2025 1046 2054 tum
1065 2020 1185 2055 scissa
1202 2017 1333 2058 vallis.

357 2074 450 2112 212.
505 2074 611 2122 Virg,
634 2075 737 2111 Aen.
758 2075 783 2114 8
807 2076 907 2113 233:
930 2074 1120 2123 praecisis
1141 2074 1312 2123 undique
1329 2073 1446 2113 saxis.

357 2129 449 2168 218.
506 2128 654 2167 Tibull.
676 2126 702 2166 4
735 2130 759 2167 3
794 2131 840 2168 2:
869 2129 980 2165 devia
1000 2130 1157 2174 montis,
1186 2136 1224 2166 et
1242 2131 1388 2167 Lucan.
1407 2127 1434 2168 4
1467 2128 1564 2168 161:
1594 2134 1673 2164 ler-

248 2195 383 2218 rarum
403 2183 444 2218 in
465 2182 592 2218 ἀρνία.
648 2195 686 2219 v.
707 2195 822 2232 supra
842 2183 891 2219 ad
909 2187 935 2223 2
965 2187 1056 2225 277.

355 2238 450 2276 219.
507 2235 618 2274 Ovid.
637 2238 733 2276 Met.
754 2241 801 2278 13
828 2242 929 2279 212:
960 2239 1175 2275 nzzmimitze
1191 2239 1345 2288 cingere
1354 2236 1507 2286 fissas.

354 2291 447 2330 220.
503 2294 608 2342 Virg.
626 2291 730 2329 Aen.
748 2296 775 2332 2
796 2295 899 2334 460:
930 2296 1068 2330 turrim
1083 2295 1125 2329 in
1139 2294 1350 2343 praecipiti
1363 2298 1543 2331 stantem.

354 2347 448 2384 223.
503 2348 610 2396 Virg.
627 2347 733 2388 Aen,
754 2349 805 2387 12
831 2350 910 2389 917
920 2360 930 2384 ε
960 2362 1039 2398 qna
1064 2351 1103 2385 vi
1118 2349 1251 2385 tendat
1265 2349 1307 2383 in
1325 2347 1462 2386 hostes.

354 2401 446 2439 226.
501 2402 608 2450 Virg.
627 2401 729 2440 Aen.
750 2406 775 2442 2
801 2404 899 2443 358:
917 2403 1112 2454 fadeibus
1133 2409 1351 2452 exspectant
1370 2402 1495 2442 Sicci-c,

351 2455 445 2494 230.
500 2457 606 2505 Virg.
626 2456 728 2493 Aen.
751 2460 801 2497 12
827 2459 928 2497 119:
946 2459 1178 2508 fontemque
1195 2459 1400 2507 ignemque
1406 2455 1604 2505 serebant.

351 2510 446 2548 231.
499 2509 613 2547 hand
623 2511 767 2559 procul
785 2512 875 2548 inde
896 2515 1002 2563 Virg.
1020 2514 1124 2553 Aen.
1141 2515 1166 2555 8
1189 2513 1268 2552 642
1290 2518 1330 2549 et
1354 2512 1496 2562 Georg·
1514 2515 1541 2555 2
1565 2514 1666 2552 391:

243 2562 482 2611 complentur
502 2565 701 2614 vallesque
720 2579 852 2603 cavae.

350 2618 441 2658 934.
497 2620 599 2671 Virg.
619 2620 724 2657 Aen.
748 2620 773 2660 5
800 2623 899 2662 709:
930 2634 1005 2670 quo
1015 2622 1115 2670 sata
1135 2621 1309 2658 trahant.

349 2674 438 2714 237.
495 2675 599 2726 Virg.
618 2675 725 2712 Aen.
752 2678 798 2715 11
834 2677 933 2716 765:
963 2677 1162 2727 detorquet
1186 2676 1377 2721 habenae,
1415 2682 1453 2712 et
1476 2676 1534 2716 12
1559 2670 1672 2716 471}

227 2728 359 2775 flectit
380 2727 565 2768 habenas.
624 2731 719 2767 item
737 2731 764 2769 2
788 2732 888 2772 626:
917 2734 1079 2768 summis
1097 2733 1305 2783 antiquam
1325 2732 1368 2768 in
1385 2728 1579 2768 montibus
1596 2742 1661 2765 or-
