1702 3060
227 114 324 160 250
720 117 1160 160 MAZZUCCHELLII
1653 0 1698 234 ἲ

334 222 428 264 458.
490 224 652 260 Statias.
713 220 762 258 de
793 235 837 259 eo
865 221 954 259 vide
989 236 1103 274 supra
1130 222 1181 261 ad
1210 237 1246 265 V.
1274 227 1376 273 8¹03
1413 234 1451 264 et
1474 227 1522 264 iis
1550 240 1647 279 quae
1677 229 1697 270 Ἰ

227 278 374 315 ibidem
392 279 505 314 retuli
526 291 576 313 ex
596 279 784 326 Procopio
797 306 806 323 ,
828 279 946 328 iunge
964 277 1060 315 haec
1077 280 1151 315 alia
1169 293 1220 316 ex
1237 281 1426 319 lornande
1446 282 1494 319 de
1509 295 1646 333 regno·

225 347 314 369 rum
340 334 572 368 successione
597 331 702 382 apud
717 334 899 372 Mul-ator.
917 335 1010 370 Rer.
1033 335 1162 371 Italic.
1187 336 1372 384 Scriptor.
1393 344 1422 376 t.
1446 340 1464 376 1
1484 351 1524 388 p.
1545 339 1645 379 240:

231 389 367 424 Slozas
390 401 490 436 pene
515 387 676 423 ultimus
693 387 862 424 militum
880 395 915 424 et
935 391 1106 426 Martini
1124 390 1328 427 clientulus
1346 394 1526 442 magistri
1542 394 1648 430 mili-

225 450 324 486 tum,
355 443 598 491 tyrannidem
621 444 811 491 arripiens
839 451 1048 494 auctorque
1075 445 1339 482 seditiosorum
1365 447 1537 498 effectus,
1572 450 1646 500 (ζγ-

1684 323 1697 439 ἑ

1678 499 1685 510 ι

221 497 310 532 rillo
329 497 522 533 filare-ello
543 498 649 533 Fara
669 498 835 548 aliis-que
853 499 1012 536 diversis
1033 500 1226 536 iudicibus
1243 501 1330 538 dolo
1348 505 1578 552 peremptis,
1605 507 1647 542 in

219 553 356 588 dacem
394 552 638 589 Salomonem
667 552 863 590 saeviebat
899 562 1092 606 totamque
1120 556 1308 606 Africam
1337 560 1536 607 (vunnim
1567 562 1646 597 ritu
1690 593 1694 605 ‚

218 606 413 644 vastabat.

329 665 418 702 Lm.
437 660 463 701 4
482 675 520 701 v,
542 664 578 703 1.
635 661 730 698 dum
745 662 896 712 placet,
924 662 967 700 id
985 671 1042 701 est
1063 664 1158 701 clam
1173 665 1272 702 volo.

330 720 370 757 8.
426 716 490 753 hic
521 723 577 753 est
609 718 676 753 ille
706 716 788 754 dux
820 716 868 754 de
896 731 972 769 quo
999 721 1188 758 nonnulla
1219 719 1336 757 tradit
1359 723 1572 774 Procopius
1599 725 1646 762 de

216 771 315 808 bello
339 773 384 810 V
375 772 469 810 and.
492 774 516 812 2
546 773 619 820 23,
651 785 750 823 quae
778 779 910 808 tamen
934 787 1014 810 non
1035 783 1249 824 congruunt
1269 789 1359 813 cum
1379 779 1426 814 iis
1448 791 1548 829 quae
1570 792 1644 817 uo—

216 834 294 864 ster
314 833 427 878 poeta
450 828 564 863 canit.
622 828 663 863 iu
683 828 781 863 libro
803 835 933 864 autem
955 831 978 869 3
1001 829 1047 864 de
1064 828 1162 866 bello
1185 831 1302 867 Goth.
1325 833 1535 883 Procopius
1552 848 1644 871 nar-

216 890 274 919 rat
300 896 331 922 c.
360 886 412 923 37
443 881 640 932 Rhegium
666 883 865 919 Calabriae
890 885 1107 920 Himerium
1136 899 1423 936 propugnasse,
1462 895 1500 925 et
1528 902 1562 926 c.
1590 893 1643 931 39

216 937 354 975 Gothis
373 951 414 975 se
434 937 600 976 dedisse.

326 995 391 1034 12.
446 995 550 1029 Pliu.
572 993 699 1041 Epist.
725 990 751 1031 4
783 995 828 1032 11
846 1003 856 1028 :
886 1006 963 1028 non
978 994 1156 1043 paginas
1173 1001 1326 1032 tantum
1343 996 1549 1046 epistolae,
1578 999 1647 1035 secl

213 1050 330 1084 etiam
348 1062 479 1085 versus
495 1047 744 1097 syllabasque
762 1047 996 1084 numerabis.

326 1103 387 1143 14.
445 1102 510 1139 hic
534 1101 726 1139 Iohannes
749 1103 822 1138 fuit
846 1103 1049 1139 Sisiunioli
1066 1103 1190 1150 filius,
1221 1102 1268 1140 de
1290 1116 1367 1155 quo
1383 1106 1495 1156 plura
1513 1115 1643 1145 narrat

212 1160 422 1209 Procopius
441 1159 488 1195 cle
505 1157 602 1194 bello
628 1158 671 1195 V
663 1157 757 1193 and.
783 1159 810 1197 2
841 1158 904 1197 19.
962 1159 1087 1195 recole
1108 1157 1172 1194 hic
1190 1160 1307 1196 etiam
1323 1173 1423 1210 quae
1440 1164 1554 1199 retuli
1574 1177 1643 1200 su-

215 1227 282 1263 pra
299 1213 348 1250 ad
369 1217 394 1253 2
420 1215 471 1252 36
499 1226 550 1249 ex
571 1227 604 1249 c.
622 1215 699 1259 223
730 1214 856 1263 iisque
874 1214 991 1263 iunge
1010 1212 1106 1250 haec
1122 1227 1245 1264 pauca
1266 1227 1317 1250 ex
1336 1228 1367 1254 c.
1386 1219 1463 1256 23:
1494 1218 1643 1255 Iollan„-

213 1283 296 1310 lle-5¹,
335 1282 448 1318 quem
474 1268 516 1304 iti
545 1269 678 1317 aliquo
710 1281 867 1303 numero
891 1268 1089 1316 ponebant
1114 1270 1271 1314 Mauri,
1307 1269 1476 1321 off'ensus
1506 1274 1642 1324 Sergio

207 1324 331 1372 plane
358 1322 544 1359 cessabat.
605 1323 686 1359 fere
714 1321 852 1358 eadem
879 1321 1071 1359 habentur
1099 1325 1139 1359 in
1165 1325 1344 1360 Historia
1361 1326 1526 1364 Arcana
1548 1342 1578 1367 c.
1601 1330 1638 1370 5.

214 1380 289 1415 alia
312 1378 359 1415 de
379 1378 519 1415 eodem
536 1377 709 1414 Iohanne
728 1391 778 1413 ex
793 1379 982 1427 Procopio
1006 1379 1123 1429 paulo
1145 1391 1262 1429 supra
1281 1380 1398 1417 allata
1414 1382 1571 1420 fuerunt
1590 1383 1640 1421 ad

211 1447 248 1473 v.
267 1437 313 1482 8,
344 1441 382 1470 et
400 1435 549 1484 reliqua
570 1433 812 1483 proferentur
824 1433 942 1469 infra.

322 1489 389 1530 24.
446 1491 660 1525 Martianus
680 1489 837 1537 Capella
856 1488 903 1524 de.
921 1489 1069 1537 nuptiis
1086 1487 1334 1539 Philologiae
1353 1492 1377 1530 9
1395 1504 1436 1542 p.
1458 1491 1538 1532 304
1550 1521 1560 1540 ,
1591 1492 1640 1531 de

210 1544 343 1581 Iride:
391 1558 492 1595 quae
532 1546 620 1581 vias
660 1544 826 1594 vesttgria
860 1544 1057 1594 exitusque
1091 1544 1305 1594 ignivagae
1338 1545 1640 1585 denuntiationis

207 1601 398 1650 agnoseit.

315 1659 382 1697 28.
439 1655 547 1704 Virg.
566 1653 672 1690 Aen.
697 1655 722 1694 9
754 1651 854 1693 125:
885 1659 1113 1703 revocatque
1133 1653 1287 1703 pedem.
1346 1655 1444 1692 item
1469 1657 1558 1696 vide
1588 1657 1638 1696 ad

203 1713 230 1750 2
259 1712 354 1751 229.

314 1769 380 1806 30.
436 1764 543 1812 Virg.
563 1763 669 1799 Aen.
691 1766 714 1803 6
745 1765 817 1803 96:
848 1765 914 1799 via
928 1763 1061 1811 prima
1080 1761 1231 1801 salutis.

314 1822 381 1860 32.
437 1832 540 1854 mors
558 1825 641 1854 erat
656 1825 746 1853 ante
764 1818 893 1853 oculos
913 1820 1058 1856 Lucan.
1077 1819 1101 1856 9
1133 1821 1225 1860 763,

313 1876 379 1915 39.
435 1879 549 1909 sonat
568 1873 722 1923 ungula
743 1886 863 1908 cornu
884 1874 989 1921 Virg.
1016 1873 1158 1922 Georg.
1180 1877 1204 1914 3
1235 1875 1300 1914 88,

312 1929 379 1969 40.
438 1927 503 1964 hic
525 1935 563 1964 et
581 1942 678 1965 mox
696 1929 796 1964 infra
817 1926 943 1963 codex
960 1926 1077 1963 habet
1094 1935 1205 1978 urget
1205 1956 1222 1974 ,
1243 1942 1322 1966 non
1339 1942 1444 1978 vero,
1467 1937 1511 1968 ut
1529 1931 1634 1979 alibi,

200 1991 353 2036 urguet.
413 1985 521 2033 Virg.
546 1983 636 2019 Ecl.
658 1983 683 2024 5
711 1985 787 2022 28:
818 1989 1038 2032 montesque
1049 1982 1147 2031 firi.

312 2039 380 2079 41.
444 2039 580 2075 Cebar.
643 2037 691 2074 de
722 2036 797 2075 hoc
823 2039 933 2085 loco,
965 2040 998 2075 si
1027 2043 1159 2073 tamen
1188 2044 1245 2074 est
1271 2051 1414 2075 nomen
1435 2040 1636 2089 proprium

202 2098 299 2142 loci,
343 2095 495 2130 nullam
520 2095 761 2130 mentionem
787 2095 914 2143 reperi
940 2092 1044 2143 apud
1072 2092 1330 2143 geographos.
1387 2095 1634 2132 Ptolemaeus

200 2152 380 2187 meminit
415 2149 617 2186 cuiusdam
646 2147 782 2199 oppidi
815 2147 964 2185 Chobai
993 2150 1248 2185 Mauritaniae
1276 2151 1559 2198 Caesariensis,
1597 2157 1634 2187 et

210 2206 314 2243 Goba
342 2207 603 2255 municipium
629 2211 687 2242 est
711 2208 753 2240 iu
780 2204 984 2240 Itinerario
1005 2205 1208 2241 Antonini.
1265 2204 1356 2242 vide
1386 2205 1525 2243 Cellar.
1554 2207 1580 2245 4
1608 2207 1632 2244 6

201 2275 224 2312 p
309 2314 377 2354 43.
435 2314 527 2350 urbs
553 2314 656 2350 clara
680 2314 723 2350 in
748 2311 932 2350 Numidia
957 2313 1031 2349 fuit
1048 2312 1194 2357 Milea,
1223 2313 1291 2350 ubi
1312 2314 1512 2363 episcopus
1530 2312 1631 2350 sedit

199 2371 240 2406 S.
274 2372 458 2419 Optatus,
489 2370 543 2405 sic
567 2376 704 2405 vocata
735 2371 777 2405 in
801 2367 939 2404 tabula
971 2369 1279 2417 Peutingeriana
1310 2375 1347 2404 et
1376 2368 1423 2404 ab
1451 2367 1629 2405 Aethico.

196 2426 243 2461 ab
274 2425 360 2460 aliis
388 2436 433 2459 ea
460 2423 630 2459 Maleum
659 2426 740 2460 sive
772 2424 968 2460 Mitevam
993 2430 1058 2460 aut
1076 2423 1219 2460 Maeui
1237 2425 1355 2460 etiam
1372 2430 1628 2474 nuncupatur.

195 2495 233 2517 v.
255 2480 395 2517 Cellar.
416 2477 441 2517 4
471 2478 496 2517 5
526 2491 564 2527 p.
592 2479 683 2518 181.

306 2534 372 2574 46.
429 2533 584 2582 Virgilii
612 2532 717 2568 Aen.
754 2535 805 2572 12
835 2533 915 2574 595
943 2545 1036 2583 prae
1065 2533 1186 2569 oculis
1214 2530 1384 2569 habebat
1415 2534 1630 2583 exscriptor

195 2590 358 2636 codicis,
387 2588 456 2625 ubi
476 2589 621 2637 legitur
638 2588 744 2622 tectis
765 2591 975 2623 venientem
990 2589 1178 2636 prospicit
1197 2587 1354 2624 hostem.

304 2645 370 2684 49.
428 2644 618 2680 Lucillius
635 2642 704 2679 lib.
715 2644 766 2682 30
785 2641 889 2692 apud
904 2644 1074 2678 Nonium
1090 2644 1318 2679 Marcellum
1335 2643 1382 2679 de
1391 2644 1627 2692 proprietate

195 2712 413 2738 sermonum
434 2711 466 2736 c.
487 2699 514 2740 4
530 2711 567 2738 v.
584 2698 663 2740 413
694 2697 820 2747 (inter
838 2696 1032 2734 Auctor-es
1050 2698 1220 2735 Latinae
1238 2699 1399 2749 linguae
1418 2699 1534 2737 Dion.
1545 2699 1625 2734 Go-

1690 560 1696 583 δ
