1702 3060
1616 0 1640 30 ἒ.

1620 40 1634 67 ,⁹2

1624 246 1648 306 ⁸..

1631 307 1651 363 «ἱ

1631 387 1651 411 ”k

1636 453 1651 479 Α

1640 519 1652 545 l

228 629 532 700 PETRI
597 624 1146 699 FRANclscl
1209 624 1658 742 FOGGINlj

638 774 686 830 P
708 772 898 828 RAE
920 771 1153 828 FATI
1175 770 1247 830 Ο.

234 1082 439 1152 Michael
463 1106 622 1144 Ruizius
645 1105 850 1156 Ass-agrius
878 1103 1092 1142 celtiberus
1122 1103 1298 1142 omnium
1315 1105 1465 1156 primus
1485 1106 1670 1142 Antver-·

235 1177 324 1225 piae
345 1175 448 1225 typis
469 1171 735 1223 Christophori
754 1173 925 1208 Plautini
945 1173 986 1208 in
1003 1171 1133 1208 lucem
1152 1171 1279 1208 emisit
1299 1183 1399 1208 anno
1421 1171 1523 1212 1581
1536 1200 1546 1219 ,
1582 1170 1671 1208 de-‚

237 1239 457 1291 dicavitque
486 1241 729 1277 serenissimo
756 1240 921 1289 principi
939 1238 1097 1275 Alberto
1118 1237 1159 1274 S.
1180 1239 1228 1274 R.
1246 1239 1294 1274 E.
1315 1238 1538 1288 presbytero
1559 1239 1655 1275 Car-

239 1305 383 1354 dinali,
421 1305 618 1343 archiduoi
645 1307 844 1353 Austriae,
885 1305 1040 1355 Corippi
1074 1304 1247 1341 Africani
1277 1305 1527 1341 Gralmnatici
1553 1306 1677 1342 ΙῙΫα-ῑ

235 1380 440 1422 gmentum
460 1374 648 1410 carminis
663 1373 706 1408 in
724 1372 880 1408 laudem
899 1372 993 1420 imp.
1016 1371 1159 1407 Iustina·
1179 1371 1374 1418 Mnoris;
1402 1385 1556 1408 carmen
1576 1374 1674 1421 pa-·

237 1440 463 1488 negyricum
479 1440 522 1476 in
541 1438 700 1474 laudem
717 1438 927 1474 Ληαείαείἱ
941 1439 1150 1486 quaestoris
1176 1444 1212 1473 et
1234 1438 1414 1487 magistri
1421 1453 1437 1484 ;
1474 1445 1512 1475 et
1538 1439 1659 1476 libros
1675 1455 1682 1482 ,χ

240 1510 422 1556 quattuor
446 1505 493 1540 de
519 1504 703 1539 laudibus
724 1504 868 1538 Iustini
886 1502 1000 1551 Aug.
1022 1502 1216 1546 Mauris,
1243 1514 1295 1538 ex
1318 1516 1380 1540 ms
1406 1503 1514 1552 cod.,
1541 1517 1659 1556 quem
1678 1534 1681 1537 .

238 1569 475 1608 confidenter
494 1568 659 1616 adserit,
695 1582 773 1605 non
793 1582 838 1604 ex
853 1569 1080 1604 coniecturis
1096 1567 1166 1604 sed
1179 1581 1223 1603 ex
1229 1567 1318 1615 fide
1336 1570 1547 1607 certissima
1565 1585 1660 1608 con·
1675 1599 1678 1602 -

237 1643 365 1682 stare,
383 1637 514 1687 faisse
533 1642 624 1672 ante
645 1636 902 1685 septingentos
926 1641 962 1670 et
979 1633 1154 1683 amplius
1171 1647 1295 1671 annos
1315 1635 1562 1686 descriptum.
1621 1644 1661 1674 at
1679 1662 1683 1676 ³

238 1715 331 1741 vero
360 1715 436 1754 quo
464 1704 550 1740 loco
581 1715 672 1738 eum
698 1700 871 1738 codicem
893 1702 1075 1751 repererit
1097 1701 1174 1738 alto
1198 1702 1338 1751 pressit
1358 1703 1531 1751 silentio,
1560 1715 1661 1754 quae

239 1770 365 1820 prima
393 1769 490 1806 mali
516 1770 646 1806 labes:
674 1782 763 1806 cum
787 1770 892 1805 enim
917 1768 1048 1804 nullus
1069 1768 1167 1804 alius
1186 1769 1365 1806 iuventus
1385 1770 1435 1806 sit
1448 1783 1571 1821 usque
1587 1769 1662 1806 ad-

240 1835 318 1873 huc
347 1835 444 1873 haec
471 1834 609 1873 eadem
636 1837 805 1871 carmina
835 1833 1024 1871 exhibens
1060 1847 1120 1871 ms
1156 1833 1297 1882 codex,
1340 1848 1509 1886 quocum
1533 1837 1661 1873 Ruizii

242 1901 456 1939 editionem
475 1902 645 1939 conferre
662 1903 748 1952 quis
766 1903 955 1950 potuerit,
987 1913 1114 1951 neque
1137 1899 1247 1938 datus
1268 1901 1426 1952 quidem
1448 1903 1499 1939 sit
1522 1905 1661 1954 cuique

242 1968 350 2006 locus
381 1968 550 2007 eundem
575 1969 713 2007 saltem
741 1965 930 2015 codicem,
971 1980 1048 2018 quo
1076 1967 1143 2003 ille
1172 1980 1264 2004 usus
1290 1967 1386 2015 fuit,
1421 1968 1661 2017 recensendi,

242 2033 336 2073 hino
360 2036 508 2072 factum
537 2042 594 2072 est
619 2041 663 2072 ut
684 2035 853 2084 eleganti
875 2046 966 2070 sane
984 2037 1121 2086 poetae
1139 2046 1332 2084 nusquam
1356 2037 1513 2073 omnino
1537 2043 1662 2073 certa-

245 2114 321 2152 que
341 2100 416 2138 fide
436 2102 589 2138 licuerit
607 2102 869 2150 integritatem
888 2099 1141 2150 decoremque
1159 2113 1275 2137 suum
1291 2103 1490 2139 restituere
1506 2131 1516 2150 ,
1545 2115 1663 2154 quem

242 2169 387 2221 partim
410 2169 446 2205 ei
471 2175 643 2206 veterem
669 2166 883 2204 detraxisse
909 2166 1110 2203 librarium
1134 2179 1213 2203 non
1241 2167 1390 2215 abnuo,
1424 2167 1495 2206 sed
1521 2171 1664 2219 par-tim

245 2232 459 2271 detraxisse
486 2236 604 2273 etiam
619 2232 773 2271 videtur
791 2234 875 2283 ipse
894 2233 1072 2280 Ruizius,
1099 2232 1204 2283 quod
1225 2234 1506 2272 exsolesoeutes
1523 2237 1664 2272 veteris

246 2299 388 2339 codicis
408 2302 554 2339 litteras
571 2313 651 2337 non
667 2301 767 2337 bene
787 2300 1011 2350 perceperit.
1067 2299 1199 2350 itaque
1228 2307 1315 2350 post
1335 2301 1516 2339 Ruizium
1533 2301 1664 2352 plures

245 2368 314 2406 alii
351 2367 455 2405 docti
487 2368 562 2406 viri
594 2365 788 2404 medicam
815 2379 976 2402 manum
1002 2366 1165 2416 Corippo
1199 2378 1391 2418 apponere
1422 2365 1663 2413 studuerunt,

246 2433 317 2472 sed
336 2435 562 2472 coniecturis
588 2435 751 2484 quisque
771 2431 979 2482 indulgens
998 2433 1091 2469 suis.
1147 2434 1249 2469 inter
1262 2431 1333 2470 hos
1346 2434 1495 2482 primus
1513 2435 1555 2470 iu
1577 2446 1665 2469 me-

247 2500 356 2540 dium
379 2503 486 2540 venit
517 2499 693 2538 Thomas
723 2500 996 2550 Dempsterus,
1030 2500 1098 2550 qui
1116 2499 1326 2550 Corippum
1344 2505 1383 2535 et
1403 2511 1492 2536 suas
1515 2500 1554 2535 iu
1575 2511 1666 2535 eum

247 2569 485 2606 coniecturas
509 2574 545 2603 et
572 2567 889 2605 commentarium
918 2578 1006 2604 cum
1027 2564 1349 2616 castigationibus
1367 2564 1489 2602 edidit
1507 2566 1666 2602 Parisiis

247 2646 283 2672 a.
307 2637 424 2676 1610.
478 2622 616 2671 ¹verum
636 2631 734 2670 haee
754 2645 908 2685 quoque
930 2630 1048 2670 editio
1071 2633 1204 2670 multis
1221 2632 1324 2669 male
1345 2631 1560 2668 mulcatum
1578 2631 1666 2680 pla-

246 2702 307 2752 gis
334 2701 544 2755 Corippum
567 2699 748 2751 exhibet,
777 2705 1052 2752 praetereaque
1077 2699 1290 2736 innumeris
1310 2698 1465 2750 oppleta
1485 2703 1543 2736 est
1560 2709 1665 2734 erro-
