1702 3060
281 125 375 171 384
694 126 878 168 NOTAE
911 125 968 167 IN
999 124 1211 166 LIBRUM
1242 123 1283 166 ΙΙ

280 229 366 270 cere
386 240 423 270 et
442 229 581 282 agere?
623 233 850 280 praesertim
868 237 910 268 ut
930 237 1202 280 argumentum
1218 229 1293 268 hoc
1309 233 1448 280 poscit.
1502 244 1590 268 mea
1610 233 1683 282 opi·

280 291 346 326 nio
367 294 446 334 est,
487 299 576 322 cum
602 287 779 323 subiiciat
803 287 927 323 multa
960 287 1030 323 sub
1059 287 1272 323 Iustiniano
1294 299 1374 322 non
1393 287 1521 323 solum
1541 289 1680 324 omissa

281 344 402 379 multa
421 340 491 378 sed
511 342 628 377 etiam
647 355 727 378 non
747 348 848 378 recte
870 348 953 378 acta
983 342 1092 391 (quia
1118 354 1251 377 curam
1274 343 1308 378 is
1331 341 1433 378 nulli
1462 342 1518 377 rei
1542 341 1683 390 impen-

279 397 370 433 dere
389 398 470 432 iam
485 397 592 432 senio
614 397 720 433 velut
737 395 901 446 frigidus
919 399 1085 446 poterat)
1116 403 1154 432 et
1181 409 1260 432 non
1290 397 1344 433 ita
1372 402 1414 432 ut
1438 401 1562 432 tactus
1581 396 1680 433 fueri

278 453 402 488 bonae
424 453 464 487 in
484 463 687 488 commune
704 452 851 488 bonum
873 452 1083 488 voluntatis
1106 464 1245 501 scopus
1257 479 1268 498 ,
1306 451 1385 488 tale
1405 449 1501 501 quid
1517 449 1581 486 hic
1600 452 1683 487 scri-

278 514 389 556 ptum
420 519 442 542 a
468 507 656 556 Corippo,
703 507 817 557 quale
843 513 1050 556 utrumque
1076 504 1270 542 delineare
1289 507 1431 556 possit,
1474 506 1530 542 sic
1556 505 1672 542 fuerit

266 562 429 610 ficetum
446 568 650 598 laetumve.
711 563 819 611 tangi
839 564 944 597 enim
962 560 1113 608 dicitur,
1142 563 1249 598 cuius
1266 563 1409 611 petitus
1429 560 1516 597 finis
1533 559 1683 610 obtingi·

276 617 406 653 alicui.
464 617 617 652 Gratius
646 617 687 652 in
717 617 972 666 Cynegetico:
1013 624 1148 666 partes
1175 618 1337 667 quisque
1362 622 1515 652 secutus
1544 627 1683 665 exegero

275 685 383 716 suas,
413 672 610 720 tetigitque
634 671 827 707 industria
844 672 987 717 finem.
1048 678 1086 707 et
1117 674 1172 708 ita
1206 684 1310 707 nunc
1344 672 1560 721 opinamur.
1615 682 1683 706 1101

274 727 379 763 enim
397 725 519 762 demit
539 727 656 761 etiam
675 727 754 761 iam
775 725 932 776 frigido,
962 733 1004 763 ut
1024 727 1090 772 ait,
1119 727 1331 763 Iustiniana
1350 726 1494 762 bonam
1513 725 1682 762 volunta-

275 787 353 816 tem
377 793 467 830 erga
493 793 577 816 rem
603 781 812 830 publicam.
870 780 1011 817 eodem
1036 781 1131 817 facit
1149 781 1311 818 verbum
1333 787 1560 824 correctum,
1589 792 1682 830 quot

272 848 440 886 sequens
465 848 598 872 versus
626 834 757 872 habet.
799 837 961 873 BAn’rn.
1025 836 1235 885 factumve
1262 836 1460 885 acmmve]
1492 835 1683 884 legebatm

259 891 422 939 juetam
439 897 629 926 actumve.
662 892 783 927 anr.
841 892 1019 940 repetitio
1037 892 1106 927 illa
1125 890 1332 927 verborum
1341 890 1502 940 factum
1515 896 1682 926 actumm
1698 913 1702 916 -

269 947 500 981 sententiam
512 946 653 980 misere
672 946 855 994 languere
878 946 1008 981 efficit.
1038 944 1109 982 sed
1125 958 1198 981 nec
1214 951 1383 982 metrum
1401 950 1561 980 constat.
1590 945 1676 994 lege

269 999 376 1048 quod
389 1001 519 1035 minus
532 999 579 1035 ob
596 1001 746 1035 senium
750 1000 914 1049 sactum
929 1006 1140 1036 aetatemve
1147 1001 1340 1049 parentis.
1398 1000 1556 1037 Voucx.

378 1055 471 1094 266.
529 1066 652 1103 paene
672 1054 854 1090 stolidam
874 1056 1078 1091 Iustiniani
1097 1056 1152 1091 M.
1174 1061 1414 1091 senectutem
1430 1054 1628 1103 aCorippo
1649 1054 1681 1089 ir

265 1110 544 1147 sanctimoniae
570 1107 744 1145 studium
759 1109 916 1159 frigide
943 1122 1096 1146 versam
1123 1116 1254 1146 censet
1270 1110 1509 1146 Alemannus
1529 1110 1571 1144 in
1588 1108 1682 1144 notis

266 1163 317 1200 ad
334 1177 367 1200 c.
388 1166 414 1204 8
433 1164 532 1200 Hist.
550 1165 724 1199 Arcanae
742 1176 752 1209 3
793 1163 900 1214 quod
925 1170 1056 1201 tamen
1081 1165 1205 1201 multo
1225 1163 1405 1214 frigidius
1423 1176 1445 1199 a
1466 1161 1578 1199 docto
1605 1164 1681 1200 vir(

265 1225 441 1255 notatum
460 1230 544 1255 esse
566 1216 808 1254 crediderim.
865 1220 994 1256 Foco.

372 1274 468 1313 267.
524 1274 567 1307 in
586 1272 739 1309 caelum
757 1280 856 1318 erat,
883 1280 927 1310 ut
951 1275 1087 1323 optimi
1112 1275 1338 1323 scriptores,
1377 1285 1457 1309 non
1475 1269 1681 1309 secundum

264 1339 432 1364 canonas
459 1327 590 1363 locum
620 1328 707 1364 usui
735 1330 808 1367 τοῦ
829 1329 871 1364 in
891 1329 1169 1378 praefigentes,
1218 1327 1318 1364 illud
1342 1334 1542 1377 usurpant.
1597 1325 1681 1363 vide

263 1444 301 1473 et
317 1438 385 1474 alii
401 1435 451 1472 ad
466 1437 671 1484 Plautum,
701 1439 897 1474 Ausonius
919 1440 1068 1488 Popma
1090 1437 1140 1474 ad
1161 1439 1369 1485 Catonem,
1403 1444 1442 1473 et
1469 1448 1549 1479 nos
1574 1432 1702 1472 deni->

261 1504 338 1543 que
356 1492 490 1530 multis
512 1491 563 1529 ad
580 1493 805 1543 Apuleium.
833 1495 996 1531 ΒΑιιΤιι.
1025 1495 1068 1531 in
1083 1493 1202 1544 eaelo]
1233 1493 1435 1543 legebatur
1455 1492 1498 1527 in
1517 1490 1680 1528 caelum.

259 1548 380 1586 Rrrr.
550 1582 551 1585 ,

370 1605 465 1644 268.
520 1605 660 1642 mundi
671 1606 825 1655 faciem
851 1606 1055 1655 transisse]
1101 1599 1270 1657 παράγει
1295 1599 1370 1655 γάρ
1396 1599 1440 1642 τὸ
1465 1602 1592 1651 σχῆμα
1615 1601 1681 1639 τοῦ

259 1655 407 1710 κόσμου
424 1655 578 1707 τούτου,
607 1662 735 1711 iuquit
753 1662 912 1698 Paullus
934 1662 956 1700 1
981 1661 1068 1698 Cor.
1092 1661 1118 1699 7
1139 1662 1188 1700 31
1207 1688 1218 1706 ‚
1249 1657 1298 1695 ad
1319 1669 1438 1708 quem
1456 1656 1587 1692 locum
1608 1655 1680 1692 Co-

259 1712 476 1763 rippushio
503 1716 639 1764 procul
664 1715 781 1752 dubio
802 1717 988 1766 respexit.
1043 1713 1136 1752 inde
1162 1714 1385 1766 symbolum
1400 1711 1513 1748 nobis
1534 1709 1680 1760 delegi-

255 1780 363 1807 mus:
385 1769 529 1818 figura
545 1770 685 1806 mundi
696 1773 897 1818 praeterit.
955 1773 1078 1807 Rrr'r.

365 1826 461 1863 273.
517 1825 572 1860 sic
588 1825 795 1871 Traianus,
817 1827 985 1875 optimus
1004 1827 1197 1875 princeps,
1229 1836 1319 1860 cum
1338 1828 1586 1873 procuratore
1600 1820 1679 1857 fisci

255 1879 316 1915 sui
335 1879 421 1928 pari
444 1878 620 1915 libertate
638 1879 783 1928 litigari
806 1881 929 1916 voluit
949 1892 1025 1930 qua
1045 1893 1133 1916 cum
1152 1877 1371 1915 adversario
1394 1878 1532 1928 quovis
1550 1877 1679 1926 priva—

255 1938 319 1970 to:
349 1931 447 1969 adeo
468 1946 673 1983 nunquam
693 1934 802 1970 mala
826 1948 947 1971 cauea
970 1941 1027 1970 est
1043 1935 1142 1981 fisci
1162 1935 1239 1970 nisi
1264 1932 1336 1970 sub
1367 1931 1464 1967 bono
1482 1932 1679 1980 principe,

254 1994 298 2024 ut
317 1994 452 2037 argute
471 1989 526 2024 ait
545 1989 695 2025 Plinius
710 1990 753 2024 iu
771 1991 1012 2039 Panegyrico
1033 1992 1099 2029 36.
1139 1996 1276 2039 estque
1291 1985 1555 2024 memorabilis
1575 1986 1679 2022 eius-

255 2041 347 2078 dem
366 2043 562 2092 principis.
579 2055 677 2090 vox,
715 2043 851 2080 fiscum
867 2045 961 2081 lieni
979 2045 1149 2082 similem
1169 2056 1252 2080 esse
1265 2071 1275 2090 ‚
1312 2055 1389 2094 quo
1409 2041 1575 2077 nimium
1595 2052 1678 2076 cre·
1699 2039 1702 2042 ⁴

254 2103 384 2134 scente
403 2098 520 2134 ceteri
531 2104 641 2135 artus
659 2099 943 2136 contabescant.
999 2100 1122 2136 Rrrr.

362 2151 458 2193 274.
514 2151 590 2190 hoo
611 2160 667 2190 est
684 2154 852 2201 iustitia,
881 2155 1016 2204 legum
1036 2153 1247 2190 beneficiis.
1301 2158 1344 2189 >et
1369 2149 1444 2188 hoc
1467 2148 1557 2186 ideo
1587 2147 1678 2186 dicit

254 2207 424 2243 lustinus
444 2208 528 2243 iure
535 2208 646 2257 fini,
663 2221 713 2245 ne
732 2221 773 2245 se
796 2215 834 2245 et
851 2208 933 2246 fisci
954 2210 1015 2246 sui
1031 2210 1298 2246 auctoritatem
1311 2208 1446 2256 legum
1464 2203 1678 2242 ordinatio-

254 2260 369 2298 nibus
391 2262 563 2299 eximere
585 2264 686 2300 velle
710 2262 901 2300 videatur.
958 2265 1014 2301 sic
1030 2265 1096 2300 alii
1114 2263 1223 2314 probi
1244 2263 1455 2312 principes,
1499 2259 1678 2310 quamvis

254 2316 400 2353 solutos
428 2329 470 2353 se
495 2318 648 2367 legibus
663 2320 808 2355 scirent
819 2347 830 2367 ,
869 2317 1085 2356 secundum
1100 2320 1207 2369 leges
1224 2324 1356 2354 tamen
1373 2313 1586 2353 vivendum
1602 2314 1678 2351 sibi

253 2370 548 2408 arbitrabantur.
605 2374 766 2411 BAn’rn.

363 2427 458 2466 281.
516 2428 692 2465 consules
710 2428 957 2466 iureiurando
981 2428 1107 2466 adacti
1128 2426 1230 2464 nihil
1250 2439 1291 2464 se
1313 2423 1419 2477 quod
1437 2437 1518 2462 non
1534 2429 1636 2461 esset
1653 2437 1675 2460 e

253 2479 408 2530 publico
429 2481 530 2517 bono
549 2489 712 2529 acturos,
741 2484 865 2520 fasces
883 2485 1087 2521 sumebant
1106 2495 1175 2533 pro
1193 2482 1339 2518 rostris.
1367 2481 1470 2517 Plin.
1490 2481 1532 2516 in
1550 2491 1676 2529 pane·

252 2547 338 2584 gyr.
359 2535 543 2572 Traiani:
573 2538 616 2573 in
631 2539 763 2574 rostris
781 2538 903 2575 simili
919 2539 1103 2588 religione
1129 2536 1280 2587 legibus
1308 2542 1343 2571 te
1365 2534 1575 2579 subiecisti,
1609 2535 1674 2570 ito-.-

252 2590 351 2626 rasti
365 2591 408 2626 in
424 2590 548 2641 legem
562 2591 846 2629 attendentibus
863 2594 953 2630 diis.
1013 2600 1051 2630 et
1065 2599 1154 2643 post
1174 2602 1321 2642 pauca:
1351 2592 1458 2627 toties
1466 2589 1673 2640 procedere

251 2646 296 2681 in
311 2652 454 2692 rostra,
485 2645 550 2682 hic
567 2648 775 2696 suscipere,
811 2647 878 2684 liic
895 2648 1082 2697 deponere
1099 2648 1355 2697 magistratu-s·
1372 2658 1492 2696 quam
1507 2644 1673 2694 dignum

251 2700 411 2750 te-suit?
466 2700 556 2740 inde
577 2702 621 2740 in
635 2702 766 2740 forum
787 2715 832 2740 ac
854 2715 950 2741 mox
977 2703 1019 2743 in
1039 2703 1274 2754 Capitolium
1299 2707 1438 2741 senatu
1462 2703 1671 2751 praeeunte
