1702 3060
302 136 393 182 188
663 181 665 184 f
693 135 909 178 CORIPPI
940 133 1014 178 DE
1046 136 1313 182 LAUDIBUS
1356 159 1358 161 ·

323 247 375 286 10

318 575 369 616 15

319 911 373 950 20

320 1239 374 1281 25

315 1573 369 1611 30

319 1898 372 1940 35

314 2230 368 2272 40

313 2563 366 2607 45

404 257 502 296 quae
518 242 826 294 superimpositis
844 242 1058 293 implebant
1078 245 1174 282 atria
1195 247 1305 294 ceris,

405 309 539 346 ordine
561 316 697 345 cuncta
717 322 786 346 suo
798 338 809 358 ,
838 317 992 359 patrum
1013 312 1069 347 sic
1086 324 1193 348 more
1211 319 1358 362 parata·

401 377 508 412 triste
529 375 787 412 ministerium
807 377 884 412 lata
904 376 1077 413 fervebat
1095 377 1136 413 in
1155 378 1257 414 aula.

401 442 477 477 alta
500 444 748 492 superpositis
771 441 972 479 radiabant
992 444 1176 480 stramina
1196 445 1374 494 gemmis,

400 515 572 557 tempore
591 520 684 558 quas
702 508 826 557 prisco
845 511 1019 546 Romana
1036 511 1207 559 potentia
1228 512 1340 560 cepit,

398 587 494 625 quas
517 573 652 611 viridis
672 577 818 612 Nereus
830 604 839 622 ,
870 588 966 626 quas
985 575 1145 626 protulit
1163 576 1295 614 Indica
1315 576 1444 626 tellus,

400 647 438 677 et
457 653 552 691 quas
571 641 821 691 Memphitica
836 643 977 679 Caesar
993 641 1175 692 perduxit
1193 643 1238 679 ab
1257 644 1358 691 aula,

401 720 496 758 quas
515 708 681 757 supplex
699 708 900 757 Cleopatra
919 707 1046 755 dedit,
1077 721 1164 744 cum
1180 710 1334 746 vincula
1354 710 1482 748 fratris

401 775 578 822 frangere
602 778 777 822 corrupto
798 773 947 822 pallens
967 773 1123 810 custode
1142 776 1304 812 veniret.

403 853 455 876 ex
477 839 615 890 quibus
635 838 806 876 adversis
825 840 1031 876 cernebant
1050 840 1203 889 fulgura
1223 840 1344 877 mitti:

401 906 471 944 sed
491 907 642 952 lumen,
671 917 750 941 non
769 907 870 954 ignis
891 913 994 953 eratr,
1024 907 1095 942 lux
1112 904 1285 957 undique
1299 908 1423 958 fulget

404 985 519 1010 aurea
540 973 736 1021 conspicui
752 972 918 1009 lustrans
938 973 1136 1023 laquearia
1153 971 1258 1009 tecti.

402 1046 488 1076 tura
508 1039 656 1075 Sabaea
677 1045 846 1074 cremant
858 1067 868 1086 ,
898 1039 1106 1088 fragrantia
1124 1039 1242 1075 mella
1259 1039 1396 1076 locatis

404 1104 614 1142 infundunt
629 1105 771 1154 pateris
790 1111 827 1140 et
844 1104 960 1142 odoro
978 1105 1150 1141 balsama
1171 1118 1297 1142 succo.

403 1179 558 1209 centum
576 1172 674 1207 aliae
693 1170 840 1220 species
860 1178 1132 1222 unguentaque
1149 1171 1246 1208 mira
1263 1172 1451 1222 feruntur,

402 1246 555 1288 tempus
575 1238 615 1273 in
635 1243 834 1273 aeternum
852 1250 1002 1274 sacrum
1021 1239 1213 1275 servantia
1235 1251 1385 1289 corpus.

401 1316 626 1354 supremum
646 1305 747 1353 patri
763 1304 883 1339 talem
903 1304 1109 1340 celebravit
1126 1303 1314 1341 honorem

399 1373 574 1420 Augusto
592 1370 731 1406 melior
747 1371 916 1406 Iustinus
932 1370 1093 1406 Caesare
1110 1370 1302 1420 princeps.

453 1439 503 1473 Ut
519 1436 606 1486 pius
625 1434 848 1484 ingrediens
865 1447 1001 1485 corpus
1021 1436 1240 1472 venerabile
1256 1435 1365 1484 vidit,

400 1503 575 1540 incubuit
590 1503 816 1549 lacrimans,
846 1501 961 1553 atque
984 1503 1114 1538 oscula
1130 1501 1272 1551 frigida
1291 1502 1431 1553 carpsit

398 1568 521 1605 divini
541 1569 659 1618 patris
672 1597 682 1615 ,
716 1569 918 1619 verbisque
943 1567 1160 1604 dolentibus
1179 1569 1304 1619 inquit

391 1630 488 1671 “nos
507 1635 643 1671 flemus
657 1635 784 1671 tristes
797 1663 806 1681 ,
835 1635 1052 1685 mentisque
1074 1634 1208 1671 ardore
1229 1634 1429 1672 dolemus:

398 1707 461 1747 tu,
490 1707 621 1750 pater,
650 1701 843 1750 angelicas
863 1702 981 1748 iuter,
1012 1702 1270 1748 sanctissime,
1299 1708 1445 1738 turmas

398 1766 522 1802 laetus
544 1767 646 1814 abis,
677 1769 878 1818 positoque
899 1766 1017 1803 deum
1042 1769 1121 1803 iam
1143 1780 1298 1817 corpore
1317 1769 1454 1816 cernis,

400 1839 438 1869 et
457 1833 594 1870 frueris
612 1835 771 1870 meliore
793 1833 854 1870 die
874 1833 944 1869 sub
963 1833 1109 1869 lumine
1128 1834 1232 1881 solis,

399 1911 481 1935 nox
503 1899 564 1934 cui
580 1901 689 1935 nulla
706 1900 821 1936 subit.
877 1900 1002 1946 salve,
1032 1906 1141 1948 pater
1157 1901 1287 1936 inclite
1300 1928 1310 1947 ,
1340 1900 1468 1936 salve:

401 1972 618 2012 aeternum,
649 1972 757 2015 pater
774 1967 895 2013 alme,
925 1961 1056 2002 vale.”
1109 1979 1188 2002 non
1208 1967 1319 2016 plura
1336 1974 1506 2004 moratus

399 2034 595 2081 Augustus
615 2040 712 2068 nutu
732 2033 817 2068 tolli
838 2033 1003 2069 sublime
1024 2033 1210 2068 feretrum

396 2100 561 2150 imperat
573 2129 582 2146 ,
614 2106 651 2135 et
673 2105 754 2135 tota
770 2100 935 2149 populus
954 2098 1140 2149 processit
1159 2098 1206 2134 ab
1225 2098 1325 2145 aula,

395 2174 619 2217 maestaque
636 2166 814 2202 funereas
835 2164 1047 2202 accendunt
1066 2166 1219 2214 agmina
1240 2177 1359 2201 ceras.

397 2234 521 2270 omnis
541 2234 583 2269 in
605 2234 809 2284 exsequias
829 2245 945 2269 sexus
967 2233 1145 2268 convenit
1164 2239 1201 2268 et
1220 2238 1338 2268 aetas.

397 2300 481 2349 quis
499 2312 712 2336 memorare
734 2305 860 2349 potest
879 2305 1007 2335 tantae
1027 2299 1212 2335 miracula
1233 2296 1427 2349 pompae?

396 2364 487 2401 hinc
505 2368 728 2402 Levitarum
747 2366 976 2402 venerabilis
995 2363 1087 2401 ordo
1107 2371 1324 2411 canentum,

395 2433 592 2482 virgineus
611 2439 718 2469 tonat
734 2432 824 2469 inde
843 2431 1003 2468 chorus:
1033 2444 1112 2468 vox
1130 2429 1286 2467 aethera
1305 2429 1448 2480 pulsat.

395 2498 610 2534 funduntur
627 2499 808 2535 lacrimae
827 2499 901 2534 ritu
918 2500 1039 2535 nivis:
1068 2497 1190 2534 imbre
1208 2494 1416 2532 madebant

395 2573 617 2602 cunctorum
638 2572 763 2601 vestes
775 2594 784 2611 ,
814 2566 1044 2614 proprioque
1061 2566 1102 2600 in
1121 2564 1225 2599 fonte
1245 2562 1429 2602 natabant

397 2639 597 2670 manantes
623 2632 743 2678 oculi,
771 2632 977 2681 vultusque
997 2633 1179 2680 sinusque
1204 2630 1393 2679 rigabant.

398 2701 580 2736 attonitae
602 2705 742 2735 matres
765 2698 941 2734 resolutis
961 2697 1127 2734 crinibus
1146 2697 1275 2734 ibant:
