1702 3060
210 112 306 163 234
700 119 1140 162 MAZZUCCHELLII
1652 0 1685 221 1

203 224 297 262 litus
322 225 580 271 harenosum,
629 231 722 260 tunc
752 226 879 262 tristia
907 225 1046 264 nubila
1073 227 1235 266 turbant
1257 230 1433 280 flatibus
1457 232 1629 270 adversis
1663 227 1678 279 3

207 279 469 316 scindentibus
485 279 580 315 ae'ra
587 278 749 327 flabris.

315 333 408 374 264.
466 335 575 370 Caes·
596 334 643 370 de
661 333 761 371 bello
789 336 872 374 (⁷112
893 339 919 378 2
937 340 1014 378 30:
1053 307 1294 376 censebant
1277 355 1319 378 m
1336 350 1466 380 castra
1487 343 1630 380 Corne-
1665 334 1677 379 'e

204 389 317 425 licina
331 404 352 426 ν
346 388 598 427 Ὴεοεᾶεηιίιινη,

312 446 407 485 268.
455 445 751 493 saevispericlis
771 447 878 497 Virg.
901 446 1006 486 Aen.
1024 450 1049 488 8
1067 450 1161 491 188.
1199 457 1235 487 et
1251 451 1377 489 tristia
1396 451 1500 489 bella
1522 452 1631 491 idem
1663 445 1676 471 ”

203 498 293 536 Ecl.
313 499 337 538 6
356 501 381 539 7
405 505 444 535 et
461 498 567 535 Aen.
588 501 614 539 7
637 501 731 540 325.
1668 508 1680 541 ’ν

310 556 406 595 269.
462 555 571 604 Virg.
590 554 695 592 Aen.
721 557 771 596 11
789 556 892 598 525:
920 565 1187 609 angustaeque
1206 560 1349 611 jerunt
1364 561 1513 612 fauces
1539 564 1629 600 adi-
1668 557 1679 582 ’·”

198 615 336 659 iusque
354 609 536 659 maligni.
1670 607 1678 630 ⁸*

310 666 404 706 271.
457 665 637 715 protinus
654 666 830 715 congruit
843 668 969 717 magis
990 681 1079 704 cum
1095 682 1179 721 seq.
1193 671 1407 720 perficiunt
1415 681 1629 723 praecepta
1667 694 1674 699 ι

198 720 278 756 citi.

307 775 403 814 273.
459 773 583 810 nweis
601 776 764 812 tentoria
783 776 879 813 velis
895 779 1001 826 Vix-g.
1022 777 1128 815 Aen.
1158 778 1294 820 1473.

308 827 404 869 274.
461 830 568 878 Virg.
595 829 738 880 Georg.
763 833 788 871 3
809 831 912 872 846·
941 832 1146 870 Romanus
1152 836 1292 884 positis
1309 842 1388 872 stat
1405 837 1448 873 in
1471 839 1629 888 agmine

199 886 352 922 castris.

309 940 403 980 276·
461 937 575 976 ovid.
595 941 694 979 JUel.
714 942 740 979 2
759 939 863 980 419:
893 942 999 977 exuit
1012 941 1078 978 hic
1095 942 1254 979 humero
1266 943 1514 993 pharetram,
1543 949 1621 984 len-

199 1003 330 1046 tosque
348 994 511 1030 retendit
532 1009 660 1033 arcus.
705 1003 743 1032 et
766 997 864 1033 Stat.
884 997 982 1034 Silv.
1003 997 1029 1037 4
1049 1001 1125 1038 30:
1156 1005 1191 1034 et
1207 1007 1332 1035 sontes
1350 1003 1474 1050 operit
1477 1002 1627 1052 phare-

195 1058 280 1088 tras
300 1062 512 1100 arcumque
528 1050 704 1087 retendit.

307 1107 400 1146 278
457 1106 563 1154 Virg.
590 1106 732 1156 Georg.
752 1110 779 1148 2
798 1104 903 1147 384:
937 1107 1154 1144 mollibus
1137 1122 1179 1143 m
1190 1109 1335 1156 pratis.

306 1161 402 1201 279.
456 1161 564 1210 Virg.
584 1161 690 1199 Aen.
721 1163 770 1201 12
797 1163 898 1202 130:
928 1162 1106 1213 defigunt
1130 1163 1267 1200 tellure
1291 1164 1427 1202 hastas
1453 1173 1490 1202 et
1515 1176 1627 1205 scuta

193 1215 397 1252 reclinant.

301 1272 397 1310 282·
452 1270 559 1319 Virg.
588 1270 728 1321 Georg.
746 1274 772 1311 2
790 1269 894 1311 515.
923 1273 1150 1322 meritosque
1165 1274 1358 1312 iuvencos.

301 1324 398 1366 285
454 1326 560 1374 Virg.
584 1325 672 1364 ΕΟΖ.
694 1328 744 1366 10
758 1325 928 1365 421lzic
942 1327 1230 1377 gelidijbntes;
1262 1336 1300 1365 et
1319 1329 1496 1370 Aen.12
1520 1332 1623 1371 119:

179 1380 413 1431 jbntemque
441 1380 647 1431 ignemque
663 1380 1027 1432 firebant.h1fra
1055 1385 1080 1423 3
1107 1385 1210 1423 230:
1251 1383 1393 1434 plenos
1411 1386 1625 1435 portabant

179 1435 366 1486 J‘bntibus
384 1442 499 1473 utres.
1543 1469 1545 1471 ,

305 1492 400 1531 287.
456 1504 573 1541 saepe
603 1492 725 1528 utitur
754 1497 887 1528 auctor
915 1498 1048 1528 noster
1069 1505 1163 1528 voce
1189 1500 1336 1531 comtus
1359 1507 1476 1531 sensu
1506 1497 1623 1534 etiam

190 1547 328 1584 latiore
355 1558 474 1596 quam
497 1545 602 1596 apud
625 1548 721 1584 alios
744 1548 947 1596 scriptores
971 1549 1214 1596 inveniatur,
1255 1562 1343 1586 cum
1363 1552 1405 1586 in
1427 1548 1504 1587 hoc
1525 1556 1622 1601 poi}-

190 1610 295 1639 mate
318 1608 403 1638 tum
422 1603 464 1638 in
482 1603 551 1638 illo
577 1602 624 1638 de
644 1602 829 1639 laudibus
845 1603 1006 1647 lus-tini,
1030 1609 1072 1639 ut
1090 1603 1237 1640 ibidem
1256 1607 1280 1644 3
1303 1606 1503 1646 179—81.
1531 1614 1624 1643 nota

190 1657 419 1695 Iuvenalem
444 1656 591 1693 dixisse
613 1661 638 1698 7
664 1658 740 1698 184
750 1657 914 1707 fercula
930 1658 1037 1694 doc-te
1058 1671 1305 1708 componere,
1334 1673 1386 1696 ex
1407 1673 1482 1711 quo
1505 1663 1622 1699 verbo

190 1713 435 1763 grammatici
453 1719 630 1749 asserunt
645 1711 820 1750 derivare
840 1721 1015 1763 comptus
1031 1727 1102 1764 per
1118 1717 1419 1752 contractionem
1430 1719 1622 1767 participii

190 1770 436 1819 compositus.

301 1825 396 1865 288.
452 1824 560 1873 Virg.
592 1822 698 1860 Aen.
723 1826 742 1863 1
765 1825 871 1864 231:
909 1831 1027 1874 atque
1052 1824 1169 1861 illum
1198 1824 1295 1861 tales
1318 1825 1527 1862 iactantem
1548 1841 1622 1876 pe-

191 1886 295 1915 ctore
314 1892 441 1916 curas.
480 1885 518 1915 et
536 1878 560 1918 5
580 1881 682 1919 701:
712 1892 818 1914 nunc
846 1879 925 1915 lucc
952 1882 1126 1929 ingentes
1151 1894 1256 1916 nunc
1272 1880 1369 1916 illuc
1380 1888 1534 1929 pectore
1549 1896 1621 1918 cu-

190 1948 257 1972 ras
279 1932 486 1972 mutabant
503 1946 676 1971 versans.
735 1935 830 1970 item
853 1936 877 1973 3
898 1936 970 1974 34:
1001 1935 1126 1971 multa
1148 1948 1304 1971 movens
1325 1937 1470 1972 animo.

299 1992 395 2032 292.
452 1990 666 2038 iterumque
685 1989 900 2039 iterumque
918 1991 1023 2039 Virg.
1043 1990 1148 2025 Aen.
1171 1993 1197 2029 2
1217 1992 1297 2029 770
1316 1997 1354 2026 et
1373 1994 1398 2030 3
1415 1991 1508 2030 436.

299 2047 392 2086 303-
449 2051 542 2081 nota
570 2051 767 2081 auctorem
794 2046 836 2081 in
863 2043 937 2081 hac
968 2047 1253 2094 comparatione
1283 2058 1375 2094 prae
1403 2046 1524 2083 oquis
1543 2045 1617 2083 ha-

187 2100 317 2138 buisse
349 2099 588 2136 dominicum
616 2099 776 2136 effatum
806 2099 912 2150 apud
936 2098 1075 2136 Matth.
1114 2103 1163 2140 13
1189 2102 1264 2139 29:
1309 2113 1409 2146 non;
1438 2102 1617 2152 nesorte,

187 2156 410 2206 colligentes
429 2156 600 2199 zizania,
631 2156 830 2191 eradicetis
848 2155 968 2191 simul
986 2169 1076 2192 cum
1092 2156 1145 2191 eis
1165 2162 1200 2191 et
1218 2156 1402 2193 triticum.

296 2214 390 2251 306.
447 2212 622 2247 imitatus
641 2217 698 2247 est
717 2215 831 2261 poeta
846 2212 888 2247 iu
908 2209 983 2247 hoc
1004 2218 1041 2247 et
1063 2212 1252 2261 superiori
1269 2223 1384 2247 versu
1398 2211 1488 2249 illos
1506 2212 1613 2262 Virg-

187 2264 292 2302 Aen.
321 2268 371 2306 12
387 2265 564 2306 725-7-

294 2323 389 2362 309.
447 2321 596 2357 Seneca
614 2321 741 2370 Epist.
767 2319 791 2360 5
813 2319 863 2357 ad
886 2320 1026 2357 finem:
1050 2321 1226 2370 pendens
1246 2321 1415 2357 animus.

293 2377 390 2416 311.
446 2376 552 2425 itque
571 2377 746 2427 reditque
765 2377 871 2413 viam
890 2377 996 2426 Virg.
1018 2377 1123 2412 Aen.
1149 2378 1173 2415 6
1200 2378 1287 2416 122.

294 2434 390 2473 312.
446 2431 553 2480 Virg-
577 2434 602 2470 6
631 2434 728 2471 159:
759 2432 791 2467 it
808 2445 948 2476 comes,
979 2438 1013 2467 et
1022 2430 1191 2481 paribus
1209 2431 1313 2467 curis
1327 2431 1608 2483 vestigiafigit.

185 2493 224 2524 et
242 2487 344 2526 863:
375 2487 479 2537 quis,
501 2493 635 2535 paler,
664 2486 758 2532 ille,
787 2489 915 2523 virum
935 2488 1004 2537 qui
1021 2488 1077 2522 sic
1096 2487 1300 2522 comitatur
1321 2486 1504 2523 eunlem?

295 2541 389 2582 314.
445 2554 507 2578 ms
528 2539 593 2578 hic
613 2540 732 2578 habet
755 2543 962 2578 ricimerius
971 2569 986 2586 ,
1024 2548 1067 2578 ut
1095 2547 1132 2576 et
1152 2542 1253 2576 iufra
1275 2540 1301 2581 4
1324 2542 1403 2582 583
1423 2555 1467 2578 ac
1483 2542 1610 2592 pluri-

184 2598 257 2635 bus
275 2597 362 2634 aliis
383 2599 425 2634 iu
446 2596 564 2643 locis3
607 2598 648 2632 in
673 2595 746 2632 hoc
766 2603 895 2632 autem
912 2597 1010 2632 libro
1030 2599 1056 2635 2
1075 2596 1155 2636 335
1181 2597 1325 2646 legitur
1340 2596 1609 2640 Ariciam-ius,

185 2661 225 2690 et
242 2653 338 2690 alibi
357 2653 570 2688 ritinarius.
631 2652 729 2688 libro
749 2651 774 2690 4
795 2658 924 2688 tamen
948 2664 986 2687 v.
1006 2653 1084 2691 716
1102 2656 1139 2686 et
1158 2652 1236 2692 946
1248 2680 1257 2696 ,
1299 2653 1393 2688 item
1411 2654 1435 2692 6
1455 2653 1509 2697 50
1530 2659 1567 2687 et
1585 2655 1610 2692 7

188 2708 267 2749 134
287 2715 326 2746 et
340 2708 435 2758 597,
464 2708 562 2746 sicut
581 2708 699 2744 etiam
717 2707 758 2744 in
773 2707 851 2745 iilis
872 2706 1165 2759 quibuscunque
1182 2705 1401 2756 periochis,
1431 2719 1527 2758 quas
1548 2709 1610 2744 in-
