1702 3060
312 131 377 182 42
911 132 1128 177 CORIPPI

418 249 505 294 post
521 242 631 280 vobis
647 238 832 278 mandata
850 235 992 278 dabo.''
1045 241 1102 284 sic
1125 254 1190 280 ore
1209 241 1361 282 locutus

416 310 520 359 ipsos
538 309 685 358 privato
702 307 816 344 iussit
833 306 991 345 custode
1005 309 1141 356 teneri,

309 374 389 416 500
417 376 530 412 fortia
548 374 650 410 facta
668 386 822 424 parans.
877 374 956 411 illis
976 387 1176 425 superesse
1195 377 1361 414 salutem

419 441 505 490 quis
525 441 650 489 potuit
666 452 820 490 sperare
838 439 958 478 viris?
1014 443 1198 492 patientia
1218 445 1353 494 magni

415 512 560 556 quanta
580 504 709 544 ducis!
767 514 912 559 quanta
933 514 991 545 est
1008 510 1131 558 pietas
1153 511 1350 562 virtusque
1370 508 1549 562 regendi!
1588 547 1589 550 ,

414 573 579 609 barbara
599 572 714 611 corda
732 580 883 612 tument
901 575 1037 612 insano
1058 588 1218 613 accensa
1235 577 1386 614 furore:

413 637 479 676 hic
500 639 708 677 clementer
729 642 831 690 agit,
860 640 1065 679 moderans
1085 644 1273 692 gravitate
1291 644 1446 685 Latina.
1467 681 1469 685 ,

305 703 384 747 505
411 706 537 742 noluit
559 706 692 745 ulcisci
715 709 910 756 praesenti
930 714 1054 745 morte
1073 709 1274 760 superbos,

413 770 486 810 sed
502 771 624 808 voluit
642 772 791 810 salvare
809 771 978 811 humiles
997 775 1215 832 fractosque
1234 775 1380 813 levare.

412 838 469 875 sic
482 838 604 875 virtus
621 839 799 876 Romana
816 845 949 875 manet
966 852 1195 891 semperque
1212 841 1406 879 manebit:

411 904 566 954 corripit
583 911 620 941 et
635 905 759 942 salvat
770 933 780 952 ,
805 906 962 943 veniam
982 907 1171 956 promittit
1188 907 1236 943 ab
1254 907 1326 944 ira.
1383 942 1386 947 ,

466 970 620 1007 Extulit
635 977 678 1007 ut
696 970 813 1008 radiis
832 973 1034 1010 rutilantes
1050 973 1206 1010 Lucifer
1221 974 1333 1023 ignes

306 1038 387 1080 510
415 1038 557 1076 Oceani
576 1037 751 1087 prolutus
770 1039 902 1088 aquis,
931 1044 1023 1075 tunc
1044 1046 1165 1076 castra
1183 1039 1333 1077 moveri

417 1110 552 1141 mulcta
569 1104 677 1140 iubet
695 1102 829 1141 ductor
851 1103 1064 1156 densasque
1088 1106 1195 1143 exire
1214 1105 1443 1156 phalangas.

414 1171 526 1219 signa
549 1182 689 1207 canens
707 1172 828 1219 gemit
846 1169 1058 1208 horrendos
1074 1172 1156 1208 fera
1170 1172 1334 1209 buccina
1352 1178 1486 1209 cantus

413 1250 503 1274 aere
524 1249 637 1285 cavo,
668 1235 876 1288 dulcesque
896 1237 1058 1287 expellit
1074 1244 1229 1287 pectore
1247 1251 1418 1276 somnos.

417 1302 512 1340 dant
529 1303 678 1340 animos
697 1304 791 1340 socii
820 1302 992 1353 (clamor
1007 1305 1170 1340 tentoria
1186 1303 1347 1355 miscet)

303 1369 383 1412 515
411 1368 690 1419 hortanturque
705 1381 853 1418 parem.
907 1369 1046 1405 famuli
1063 1376 1155 1407 tunc
1171 1370 1250 1407 fixa
1268 1371 1459 1414 revellunt

391 1437 499 1474 ⁴vela
519 1435 622 1482 solo,
652 1433 825 1484 alipedes
845 1433 990 1471 ducunt
1008 1437 1257 1486 praesepibus
1274 1438 1362 1474 altis

411 1508 566 1540 ornatos
585 1499 777 1551 phaleris,
805 1507 921 1551 atque
941 1502 1071 1538 omnia
1089 1502 1167 1538 tela
1182 1508 1397 1549 resumunt.

409 1575 470 1606 ast
487 1569 555 1604 ubi
577 1568 798 1617 compositis
821 1567 946 1617 coepit
965 1566 1173 1617 procedere
1192 1569 1333 1606 turmis

407 1635 661 1684 victricesque
681 1634 830 1684 aquilas
850 1635 952 1670 acies
975 1632 1176 1670 ostendere
1197 1636 1356 1684 campis,

299 1703 379 1746 520
407 1702 464 1739 sic
484 1701 583 1737 bene
606 1700 770 1736 sollicito
792 1698 1019 1750 dispensans
1037 1707 1191 1750 pectore
1212 1699 1347 1738 ductor

409 1767 594 1805 admonet
613 1767 696 1816 ipse
716 1764 833 1803 duces
845 1795 855 1814 ,
885 1779 1018 1803 causas
1038 1767 1285 1818 referensque
1306 1765 1537 1819 docensque.

401 1827 453 1871 “o
473 1834 648 1870 Romana
665 1845 824 1879 manus,
855 1845 942 1882 spes
960 1845 982 1869 ο
1000 1831 1187 1869 fidissima
1206 1846 1347 1881 rerum,

408 1912 432 1936 ο
451 1899 573 1936 virtus
593 1899 772 1950 orbisque
795 1897 911 1935 decus
930 1911 1203 1948 summumque
1222 1900 1401 1936 levamen

407 1965 638 2016 imperiique
655 1964 752 2002 fides
771 1971 809 2001 et
827 1966 948 2002 nostri
965 1965 1096 2016 palma
1110 1965 1267 2014 laboris,

300 2031 380 2073 525
410 2039 513 2069 certa
533 2032 624 2068 licet
642 2032 771 2079 vobis,
801 2044 899 2083 quae
918 2032 967 2068 sit
984 2030 1124 2068 fiducia
1142 2033 1269 2082 genti,
1300 2039 1371 2080 est,

409 2100 492 2150 ipse
510 2104 642 2134 tamen
661 2110 874 2134 memorem
888 2095 1048 2133 insidias
1065 2097 1296 2149 fraudesque
1317 2098 1514 2150 dolosque,

410 2172 449 2202 et
468 2163 676 2202 metuenda
695 2177 854 2212 cavens,
885 2170 922 2200 et
942 2175 1040 2214 quae
1058 2163 1279 2214 peragenda
1299 2166 1512 2204 revolvens.

406 2232 555 2283 proelia
574 2230 669 2268 dura
689 2230 787 2268 dolis
805 2242 1007 2281 nunquam
1025 2242 1178 2267 caruere
1198 2231 1394 2281 malignis.

405 2298 510 2334 bella
529 2310 599 2348 per
614 2296 775 2335 insidias
796 2299 895 2334 acies
913 2298 1108 2333 Maurusia
1126 2298 1246 2347 gessit

298 2364 379 2408 530
406 2376 578 2414 semper,
610 2370 647 2401 et
663 2365 834 2401 obscuris
850 2362 973 2400 fideus
992 2362 1163 2400 subsedit
1180 2365 1221 2401 in
1240 2363 1379 2413 armis;

406 2431 564 2481 solaque
583 2431 773 2480 Massylas
793 2435 920 2467 servat
939 2429 1093 2465 fallacia
1112 2431 1214 2468 vires

405 2501 444 2532 et
462 2494 619 2533 timidos
637 2497 782 2533 bellare
803 2497 894 2532 facit
906 2524 916 2543 ,
947 2494 1040 2531 dum
1060 2508 1155 2532 saxa
1170 2497 1336 2533 latebras

402 2563 598 2601 montibus
614 2564 657 2599 in
674 2563 836 2601 summis
857 2568 924 2599 aut
940 2562 1027 2599 altis
1047 2563 1205 2599 flumina
1225 2564 1320 2613 ripis

293 2662 358 2696 501
382 2659 438 2705 qui
455 2660 487 2694 Τ
611 2659 676 2695 505
700 2662 853 2704 presente
870 2659 902 2693 Τ
1023 2659 1090 2694 506
1111 2660 1258 2695 salutare
1275 2659 1307 2694 Τ
1432 2660 1499 2696 510
1521 2660 1668 2706 prolatus
1686 2660 1702 2694 Ἷ

295 2706 362 2742 514
385 2705 464 2740 socii
479 2705 530 2749 Ιι,
560 2704 659 2740 sociis
673 2706 746 2740 ΜΤ
876 2704 943 2739 519
966 2703 1118 2750 aciesque
1132 2706 1172 2740 M
1304 2704 1372 2741 530
1393 2707 1524 2741 antris?
