1702 3060
432 86 790 135 lOHANNIDOS
824 90 931 134 LIB.
965 90 1065 133 VH,
1390 88 1485 136 145

41 200 102 247 40
129 201 366 240 constituere
386 208 499 239 metu
519 207 559 239 et
577 201 692 239 celsis
709 201 878 239 vinxere
895 200 1072 238 camelis.

129 269 245 308 litora
268 271 470 308 Romanus
492 266 626 307 densis
645 268 842 306 exercitus
864 269 984 306 armis

128 345 315 390 occupat,
346 344 386 375 et
402 338 503 375 latos
524 338 695 388 implent
715 337 883 373 tentoria
902 349 1076 387 campos,

127 406 374 458 Massylique
397 404 516 443 duces
535 404 690 442 medios
709 417 876 458 posuere
897 406 1075 442 Latinos.

127 470 223 510 hinc
245 480 364 526 atque
381 471 476 510 hinc
496 480 658 511 cunctos
681 485 827 510 cannas
847 471 971 509 fixere
993 484 1066 523 per
1086 483 1215 521 agros,

0 571 1 584 ,
44 537 100 583 45
129 547 248 592 atque
271 543 400 579 omnis
420 548 584 579 tenuere
605 542 704 579 vias.
762 546 858 576 tunc
877 540 993 577 litore
1014 538 1062 575 ab
1085 540 1194 575 omni

126 606 323 647 contrahit
345 611 430 661 ipse
451 616 576 657 rates,
606 615 803 660 portuque
824 615 928 646 stare
946 608 1107 644 Larisco

127 677 260 724 iussit3
292 684 330 714 et
352 679 544 729 impensis
562 679 690 716 socios
709 684 927 729 gentesque
947 677 1096 713 levavit

129 741 362 795 dispensans
382 759 456 797 per
473 753 597 784 castra
617 753 730 797 pater
749 757 1016 796 numerosque
1036 741 1249 783 Iohannes.

185 813 294 850 Dum
316 813 437 852 trahit
455 816 525 852 ille
547 813 631 852 dies
654 812 775 864 digna
792 814 1033 850 fortissimus
1053 819 1136 849 arte

45 877 102 924 50
131 887 171 917 et
188 887 326 931 gentes
347 884 520 920 cruciare
537 889 650 934 parat
664 912 673 930 ,
704 883 906 932 consurgit
926 881 1063 918 oborta

131 947 274 987 seditio
287 978 297 998 ‚
326 951 575 1003 populosque
592 951 702 987 furor
715 964 788 1001 per
808 957 934 987 castra
951 949 1115 985 Latinos

131 1018 282 1055 insanis
302 1025 416 1068 urget
434 1019 620 1056 stimulis.
676 1018 760 1054 iam
776 1030 979 1054 murmure
996 1015 1131 1053 crebro

119 1085 331 1123 'exacuunt
346 1084 485 1123 dubias
506 1092 640 1123 contra
658 1098 728 1123 sua
745 1092 906 1136 pectora
922 1090 1091 1132 mentes,

114 1166 201 1204 pro
228 1151 364 1191 dolor!
395 1160 566 1192 armatus
587 1160 772 1191 revocant
788 1155 830 1190 in
846 1154 998 1191 viscera
1017 1151 1178 1190 dextras

47 1219 102 1264 55
132 1222 299 1274 quisque
319 1221 414 1269 sibi,
444 1223 694 1274 propriisque
714 1229 855 1273 parant
878 1221 1095 1258 cervicibus
1116 1234 1246 1259 enses.

131 1292 221 1343 quis
244 1290 354 1327 furor
373 1290 442 1327 ille
460 1290 559 1338 fuit,
591 1303 669 1342 quo
692 1291 748 1328 sic
770 1295 973 1326 exarserat
993 1290 1124 1326 omnis

130 1356 311 1395 funditus
330 1359 416 1410 ipse
433 1372 524 1397 suas
542 1360 710 1396 Latiaris
730 1356 896 1409 perdere
915 1357 1034 1394 miles

132 1433 228 1464 tunc
244 1424 377 1464 acies?
435 1433 591 1464 mentes
610 1428 776 1464 miseras
797 1439 881 1463 sors
902 1437 1020 1462 saeva
1038 1423 1234 1464 trahebat.

131 1508 212 1532 non
231 1495 398 1542 metuis,
434 1495 633 1544 Romane,
665 1492 835 1532 ducem?
893 1500 951 1530 tot
975 1493 1104 1540 bella,
1135 1499 1194 1530 tot
1213 1494 1360 1547 hostes,

49 1564 105 1606 60
131 1575 231 1615 quos
253 1562 510 1600 circumfusos
532 1570 682 1600 certum
704 1569 762 1600 est
780 1563 956 1614 patuisse
970 1591 980 1610 ‚
1013 1568 1164 1599 caveto.

132 1644 183 1668 en
205 1631 375 1682 Libyam
392 1645 464 1683 per
478 1632 585 1669 bella
607 1644 724 1683 paras
745 1644 837 1668 cum
855 1630 1039 1681 gentibus
1061 1643 1141 1667 una

133 1706 285 1736 vertere
297 1729 307 1747 ‚
337 1705 376 1736 et
392 1699 560 1738 infensis
581 1702 769 1737 miseram
787 1701 889 1750 petis
904 1728 914 1748 ‚
944 1699 1146 1749 improbe,
1179 1699 1285 1738 telis.

132 1765 233 1816 heu,
264 1765 410 1819 pietas!
441 1767 511 1804 ubi
531 1775 666 1806 sancta
684 1767 781 1805 fides
791 1766 811 1805 ’ἒ
842 1768 923 1804 fors
944 1779 1061 1804 saeva
1082 1767 1236 1805 laborat

133 1835 183 1874 de
204 1836 388 1873 manibus
406 1842 538 1886 partos
557 1837 716 1888 populis
738 1836 891 1873 auferre
909 1833 1149 1886 triumphos.

49 1905 104 1950 65
190 1906 382 1956 Coeperat
399 1902 561 1955 obliquo
583 1904 785 1942 ductorem
801 1905 952 1941 lumine
970 1904 1086 1941 miles

134 1975 348 2026 respiciens
371 1973 452 2008 iam
471 1971 568 2009 dura
587 1973 697 2025 loqui
714 1974 946 2024 sociumque
968 1973 1123 2024 quietos

134 2043 337 2092 exagitare
362 2041 515 2078 animos
536 2054 729 2094 auresque
747 2041 914 2092 implere
933 2053 1109 2078 susurro.

133 2122 208 2148 nec
225 2111 307 2147 iam
326 2108 428 2146 odiis
446 2122 615 2160 posuere
633 2109 821 2158 modum,
852 2107 923 2146 sed
942 2121 1039 2145 voce
1062 2105 1235 2144 nefanda

132 2180 259 2230 'impia
277 2178 397 2215 verba
417 2178 564 2216 ferunt.
623 2179 766 2216 silvam
784 2179 895 2215 velut
914 2177 1019 2226 ignis
1040 2174 1171 2212 adurit

51 2248 107 2289 70
135 2248 360 2299 appositus,
389 2247 620 2298 primaeque
641 2253 803 2284 movent
827 2243 1011 2283 incendia
1034 2243 1231 2292 flammae,

137 2327 230 2352 cum
246 2316 378 2352 tenuis
397 2315 570 2352 scintilla
589 2315 698 2351 leves
718 2312 956 2351 succendere
977 2311 1137 2349 frondes

137 2383 296 2434 incipit,
327 2389 394 2420 aut
410 2383 572 2433 fragiles
592 2384 783 2434 crepitant
801 2395 892 2418 cum
910 2381 1048 2418 fomite
1067 2379 1203 2416 culmi.

137 2450 295 2489 fumum
312 2457 442 2488 atrum
459 2453 635 2502 primum
651 2462 894 2502 parvamque
918 2450 1026 2486 exire
1048 2448 1227 2485 favillam

139 2526 256 2570 saepe
276 2517 409 2557 vides:
441 2531 538 2556 mox
560 2531 601 2556 se
622 2531 766 2557 vacuas
785 2518 985 2557 Vulcanus
1008 2515 1059 2553 ad
1078 2529 1193 2553 auras

25 2637 73 2675 40
93 2638 233 2673 iunxere
247 2639 322 2674 ΜΤ
431 2642 476 2676 46
499 2644 685 2687 portusque
700 2641 829 2675 intrare
843 2639 1001 2674 Lariscos
1013 2639 1054 2672 M
1165 2638 1210 2673 48
1233 2637 1427 2685 dispensant
1443 2634 1484 2675 T,

26 2685 200 2730 dispensat
215 2685 254 2719 M
353 2685 399 2721 50
422 2686 543 2722 aborta
560 2689 592 2721 '1'
687 2687 733 2722 56
756 2686 848 2733 quod
867 2687 899 2720 Τ
998 2687 1045 2720 60
1067 2683 1220 2731 potuisse
1238 2684 1270 2717 '1'
1365 2684 1410 2717 73
1434 2683 1487 2715 su-

25 2741 99 2766 ram
118 2732 166 2774 T,
188 2731 363 2765 funeream
379 2732 430 2767 M.
1126 2758 1130 2764 .
