1702 3060
292 101 385 147 332
718 103 902 147 NOTAE
931 103 991 146 IN
1024 104 1234 148 LIBRUM
1265 105 1286 149 1

402 208 491 251 144.
548 209 719 246 imitatus
738 217 795 247 est
810 208 1078 249 Theodosium
1097 214 1315 262 Augustum
1330 213 1477 252 ibidem
1492 214 1568 252 loci
1583 219 1675 257 mni}
1696 212 1702 257 ί

289 271 440 302 turum:
470 277 530 300 me
555 277 642 300 vero
668 267 852 316 quoniam
875 267 1046 304 caelestis
1063 269 1172 319 regia
1184 271 1330 319 poscit,
1363 277 1406 308 tu
1430 271 1533 307 σιινίε
1550 267 1702 327 mccdff

288 322 395 356 meis.
455 320 636 356 Damrsr.
1239 350 1241 352 -
1507 350 1510 355 .
1665 354 1667 360 .
1697 331 1702 366 2‘

401 371 493 413 145.
549 375 718 425 suscipe]
751 375 804 412 ita
823 377 978 426 reposui
996 389 1064 427 pro
1085 378 1252 427 suspice,
1280 390 1380 429 quae
1401 377 1478 416 duo
1499 380 1572 417 sibi
1590 385 1676 436 saep
1694 387 1702 444 t

289 428 456 464 invicem
466 428 721 480 ‚obrepserant
739 443 954 481 perperam,
983 438 1064 468 tam
1086 433 1128 469 in
1149 434 1235 470 aliis
1256 435 1503 485 scriptoribus
1528 437 1676 487 quaml
1695 446 1702 479 ι

288 485 373 533 ipso
392 484 571 534 Corippo.
627 487 748 522 Rrr‘r.
1660 505 1668 538 ρ
1698 497 1702 507 ¹

401 538 494 580 148.
549 541 710 576 sustinet
724 546 781 577 est
797 548 1015 591 exspectat,
1044 550 1195 593 sperat,
1223 543 1490 594 praestolatur.
1545 544 1677 591 Terta]
1698 556 1702 581 ι

288 594 413 630 liauus
446 607 478 630 c.
509 597 534 634 6
569 602 700 632 contra
731 595 914 634 Iudaeos:
961 600 1074 648 regni
1107 601 1253 635 aeterni
1287 606 1464 636 aeternus
1491 599 1677 638 dominam
1696 615 1702 641 ι

289 649 550 699 quaerendum
576 663 630 686 an
650 652 793 686 venerit
817 665 945 688 necne.
1005 660 1041 689 et
1070 654 1106 689 si
1134 655 1214 690 iam
1233 655 1352 699 venit,
1388 655 1677 692 serviendum&
1697 657 1702 693 i

287 703 365 739 illi.-
395 704 609 740 sinendum
635 707 753 749 venit,
792 707 1035 743 szwtinendus
1060 715 1131 752 est,
1167 709 1372 745 dummodo
1401 710 1451 746 eit
1477 710 1677 760 manifesta
1697 726 1702 747 ι

286 758 475 795 adventus
491 760 584 795 eius.
618 761 874 810 Hieronymus
893 761 943 798 ad
962 763 1205 799 Marcellam:
1234 776 1452 800 mensuram
1470 766 1612 801 caritas
1627 777 1675 802 no
1696 782 1702 805 ι,

286 813 419 858 habet,
449 821 486 850 et
503 816 745 864 impatientia
772 818 890 852 nescit
915 817 1089 862 modum,
1118 825 1155 854 et
1173 818 1400 855 desiderium
1424 833 1502 856 non
1524 821 1678 856 sustinet
1698 838 1702 842 ·

285 870 448 907 BARTH.
1488 902 1490 905 .
1692 907 1699 910 ,

394 924 446 962 ib.
506 925 602 962 aula
623 933 679 964 est
698 926 905 977 imperinm
924 929 1154 966 Romanum.
1210 929 1427 966 Ausonius:
1450 930 1604 979 primus
1619 930 1678 966 Rc
1699 952 1702 968 2

285 994 446 1016 manum
471 982 661 1031 patefecit
688 982 817 1019 Iulius
845 983 994 1020 aulam.
1055 986 1242 1033 Corippus
1275 983 1349 1021 hoc
1379 984 1502 1022 libro:
1531 997 1677 1022 necmu

287 1042 375 1072 tans
394 1035 566 1073 dominos
583 1038 767 1074 Romana
786 1038 979 1075 videbitur
999 1039 1109 1074 aula.
1167 1040 1328 1076 BARTH.
1506 1066 1509 1069 ,

397 1090 487 1129 149.
543 1092 695 1139 lumen]
716 1105 784 1138 pro
802 1092 1020 1141 principatu
1041 1099 1106 1129 aut
1126 1095 1298 1143 qualibet
1319 1094 1541 1131 eminentia.
1571 1091 1678 1130 Gude

283 1144 365 1181 lina
385 1141 615 1181 Theodorae
634 1146 852 1193 Augustae:
884 1147 978 1196 quia
1001 1161 1068 1183 vos
1095 1147 1248 1185 abunde
1266 1149 1439 1199 fulgetis
1469 1147 1679 1199 (cassiodor
1699 1168 1702 1172 ·

287 1201 338 1238 10
357 1213 416 1248 ep.
436 1197 520 1249 21),
542 1198 651 1235 nobis
671 1199 829 1236 libenter
845 1201 893 1236 de
906 1204 1067 1251 proprio
1085 1203 1284 1252 splendore
1302 1204 1596 1253 impertiamini,
1617 1217 1678 1240 cus
1696 1219 1702 1229 ¹

283 1255 471 1291 damnum
490 1267 566 1290 non
587 1260 640 1290 est
659 1254 801 1290 lumini
815 1255 931 1291 alteri
950 1257 998 1291 cle
1014 1271 1087 1292 sua
1107 1259 1283 1294 claritate
1304 1258 1457 1308 largiri.
1515 1258 1615 1294 infra
1633 1258 1679 1295 lit

283 1311 308 1348 3
332 1311 407 1348 83:
444 1308 650 1359 lumenque
680 1311 891 1347 secundum
912 1310 1018 1347 hanc
1035 1312 1183 1348 dicunt.
1245 1312 1446 1349 Claudiau.
1477 1314 1517 1348 iu
1533 1313 1679 1350 Praefw
1698 1332 1702 1335 -

283 1363 334 1400 ad
353 1365 499 1401 consul.
520 1365 657 1400 Manlii
671 1365 713 1401 iu
733 1364 864 1402 codice
879 1367 1025 1404 Veneto
1050 1368 1340 1418 antiquissimo:
1362 1368 1514 1404 lumina
1532 1368 1679 1405 Romal.

283 1421 596 1470 maiestatemque
623 1427 792 1457 senatus.
853 1428 891 1457 at
922 1422 963 1457 in
994 1435 1055 1459 ms
1081 1435 1168 1459 meo
1183 1452 1193 1470 ‚
1238 1423 1430 1470 Planum,
1475 1421 1678 1473 Gryphian.
1694 1426 1702 1430 ’

283 1475 423 1512 Collin.
455 1482 492 1511 et
521 1476 607 1512 aliis
641 1477 820 1513 omnibus
848 1476 1023 1513 culmina
1049 1475 1225 1514 habetur.
1283 1484 1414 1515 auctor
1434 1479 1702 1515 consolationh

282 1529 333 1566 ad
348 1532 523 1568 Liviam:
554 1544 631 1567 non
651 1531 782 1567 eadem
801 1532 1018 1582 vulgusque
1034 1533 1168 1569 decent
1186 1541 1222 1569 et
1235 1533 1385 1570 lumina
1404 1545 1546 1570 rerum.
1604 1533 1679 1570 Sta.

282 1586 379 1622 Silv.
401 1586 426 1627 5
450 1590 497 1627 2:
536 1585 740 1623 obscurum
750 1589 930 1636 proavis,
957 1601 1027 1624 nec
1038 1589 1193 1638 priscae
1213 1589 1312 1626 luci-s·
1333 1595 1515 1639 egentem.
1574 1589 1680 1625 Teae

278 1647 379 1677 tetus
398 1648 509 1678 vetus
528 1645 667 1691 poeta:
697 1645 836 1681 τοῦτον
858 1638 1067 1684 Ἰουλιανόν
1094 1646 1259 1696 νομικῆς
1286 1641 1389 1695 φάος
1411 1639 1522 1683 εἶπον
1549 1642 1680 1683 ἰδοῦσα

275 1692 396 1747 Ῥώμη
417 1695 483 1735 καὶ
504 1692 646 1748 Βερόη.
701 1698 884 1735 ΒεΜΡεΤ.
1668 1723 1669 1726 =

391 1752 482 1792 150.
539 1754 582 1787 in
609 1759 644 1787 te
671 1765 757 1802 spes
783 1761 915 1790 nostra
939 1755 1126 1805 resurgit]
1157 1755 1336 1792 similiter
1353 1767 1468 1806 supra
1485 1766 1523 1791 v.
1543 1753 1596 1794 25
1621 1753 1679 1790 ela

283 1811 366 1843 tum
383 1814 453 1843 est.
509 1809 670 1843 BAmn.

394 1859 483 1902 154.
542 1861 678 1898 orabat
693 1861 757 1899 hic
778 1875 846 1912 pro
866 1863 1032 1900 ornabat
1049 1865 1282 1914 restitutum.
1308 1866 1428 1902 Rmz.
1484 1865 1526 1901 in
1545 1865 1676 1916 antiqu

284 1914 414 1952 codice
437 1923 518 1953 erat
534 1916 715 1962 ornabat,
743 1918 869 1953 male:
913 1931 1005 1954 nam
1032 1932 1165 1968 preces
1190 1927 1344 1957 senatus
1373 1919 1423 1956 ad
1444 1932 1535 1956 eum
1556 1919 1680 1956 delata
1700 1937 1702 1943 ·

282 1972 487 2021 siguificat.
543 1974 717 2009 imitatus
741 1973 908 2009 Statium
925 1974 1020 2010 Silv.
1042 1974 1068 2013 4
1089 1977 1135 2014 2:
1162 1974 1418 2024 precibusque
1438 1981 1594 2011 senatus
1608 1988 1680 2024 per

283 2029 407 2063 mittes
426 2027 531 2063 hanc
551 2041 663 2076 saepe
683 2028 797 2064 diem.
855 2029 1038 2066 DEMPST.
1699 2033 1702 2036 ⁴

393 2083 485 2123 157.
543 2090 714 2119 creverat
739 2083 876 2119 orabat
894 2085 1088 2134 dominos]
1120 2082 1439 2121 emaculandum:
1480 2084 1608 2122 creber
1629 2086 1680 2122 ad

282 2136 419 2174 orabat
435 2137 646 2174 dominum.
707 2140 883 2175 osculum
912 2139 1058 2189 pedtun
1089 2153 1140 2176 ex
1168 2140 1272 2177 fastu
1298 2140 1541 2177 orientalium
1567 2153 1680 2190 regul]

281 2191 520 2244 barbaraque
540 2194 719 2244 superbia
745 2196 849 2231 veuit
862 2223 871 2241 ,
907 2207 999 2231 nam
1017 2198 1096 2231 iam
1115 2194 1209 2232 dum
1225 2196 1352 2232 Persis
1373 2208 1501 2231 rerum
1517 2197 1678 2245 potienti

281 2246 353 2283 bus
371 2260 451 2283 non
471 2249 590 2286 fuisse
610 2251 787 2299 ignotum
807 2249 991 2287 docemur
1012 2263 1032 2286 a
1046 2249 1302 2301 Xenophonte
1320 2249 1464 2286 Paedia
1481 2252 1519 2290 7.
1537 2251 1681 2287 BAan

279 2300 461 2339 Bar-thius
484 2301 588 2340 hunc
608 2318 764 2341 versum
781 2306 939 2342 mirifice
958 2307 1135 2342 restituit.
1192 2307 1319 2342 Foco.

393 2357 483 2396 158.
539 2360 744 2396 Persarum
765 2359 828 2397 hic
847 2373 929 2398 mos
948 2362 1043 2409 fuit,
1074 2374 1231 2398 suorum
1259 2373 1394 2410 regum
1421 2358 1681 2411 (qu0s1Mago

279 2410 485 2461 vocabant)
505 2413 669 2462 pedibus
691 2414 846 2453 advolvi
864 2429 1004 2466 pronos
1020 2423 1057 2453 et
1078 2417 1208 2454 oscula
1226 2415 1364 2464 figere3
1396 2427 1514 2466 quam
1531 2412 1681 2466 προσκιῖ

277 2479 393 2517 νησιν
425 2467 572 2504 Seneca
603 2470 802 2507 Persicam
828 2474 1046 2508 servitutem
1076 2478 1187 2508 vocat
1218 2469 1266 2506 de
1293 2470 1453 2506 benefic.
1474 2474 1503 2511 2
1524 2473 1575 2510 12
1596 2477 1633 2506 et
1653 2468 1677 2506 d

278 2522 336 2557 ira
358 2524 382 2562 3
404 2523 469 2562 17.
527 2523 616 2560 vide
640 2526 811 2562 Brisson.
843 2525 891 2562 de
918 2529 1024 2577 regio
1042 2529 1247 2563 Persarum
1272 2526 1502 2576 principatu.
1560 2525 1607 2562 ab
1636 2523 1676 2562 hi

279 2583 412 2626 postea
431 2576 479 2612 ad
500 2578 596 2615 alios
619 2592 772 2630 quoque
793 2584 965 2625 manavit
987 2581 1093 2618 idem
1113 2582 1207 2617 ritus
1228 2578 1428 2618 osculandi
1445 2578 1577 2630 pedes.
1607 2579 1682 2616 hinr

282 2632 422 2669 Caesar
443 2634 585 2682 gratias
612 2637 743 2684 agenti
761 2637 947 2686 Pompeio
970 2650 1040 2686 pro
1059 2635 1200 2673 donata
1221 2636 1296 2673 sibi
1310 2635 1390 2671 vita
1409 2635 1614 2672 sinistrum·-
1627 2648 1682 2685 pe-

283 2686 373 2725 dem
396 2686 446 2725 ad
463 2688 717 2726 osculandum
735 2692 929 2739 porrexit,
958 2698 1000 2727 ut
1019 2698 1076 2727 est
1093 2688 1197 2740 apud
1215 2689 1351 2728 senec.
1374 2688 1413 2728 d.
1436 2690 1534 2728 loco.
1593 2690 1677 2741 Gali
