1702 3060
260 131 353 178 124
859 135 1076 180 CORIPPI

363 254 494 293 aspera
511 272 522 290 ,
553 249 590 279 et
609 239 762 278 assiduo
789 240 966 281 discurrit
989 244 1123 282 lancea
1146 245 1293 286 nimbo.

254 309 333 350 635
362 311 502 345 loricae
522 310 733 358 galeaeque
752 315 908 358 tonant,
943 314 1066 361 gemit
1082 313 1222 350 ictibus
1244 316 1359 353 umbo

361 384 518 420 aereus3
549 380 586 409 et
604 376 725 424 ruptis
746 375 847 411 iuter
863 377 1087 426 praecordia
1108 380 1217 416 venis

360 452 594 489 pnrpuream
611 439 780 477 fundunt
800 441 984 479 animam.
1040 445 1180 482 virtute
1201 447 1388 497 superbus

361 506 496 556 Ziper,
527 507 661 544 acerba
683 508 833 554 furens,
862 508 943 544 ibat
963 522 1034 559 per
1050 511 1150 558 tela,
1180 525 1251 562 per
1267 511 1417 562 hostes,

359 573 509 623 Syrtica
532 574 691 610 letiferis
710 580 954 624 prosternens
971 576 1125 624 agmina
1145 578 1248 616 telis.

250 636 331 678 640
360 646 397 675 et
415 640 601 676 Sulumur
618 640 782 689 pariter,
808 641 888 677 fato
905 639 975 677 sed
993 642 1118 692 impar
1136 649 1318 695 uterque,

359 712 514 754 pectora
534 706 747 742 multorum
766 713 896 742 contra
914 708 1109 745 venientia
1130 710 1258 760 longis

360 771 619 808 transfodiunt
639 772 783 818 contis3
812 772 1004 822 trepidum
1022 775 1130 811 iecur
1148 775 1282 814 inserit
1303 776 1414 815 hasta

365 849 504 888 corque
521 839 668 885 viriun3
698 839 845 875 volucri
859 837 1028 876 fundunt
1044 850 1135 877 cava
1154 849 1327 892 tempora
1346 845 1463 883 ferro.

364 902 494 954 diripit
513 904 578 940 ille
595 910 729 954 caput,
758 916 946 953 magnum
961 905 1090 943 femur
1104 915 1276 958 amputat
1294 911 1376 948 ille.

253 966 334 1010 645
361 982 439 1006 non
455 971 566 1007 aliter
579 972 754 1020 geminos
772 977 1010 1020 spectassent
1028 986 1093 1009 ore
1113 974 1245 1012 leones

362 1037 402 1072 in
420 1035 570 1073 medios
590 1038 736 1074 saevire
758 1049 908 1086 greges.
965 1050 1068 1075 nunc
1089 1041 1282 1090 unguibus
1301 1047 1413 1078 atrox

363 1100 495 1152 diripit
516 1101 579 1139 hic
598 1102 806 1153 praedam3
835 1115 938 1140 nunc
959 1103 1136 1143 dentibus
1154 1107 1222 1143 ille
1237 1107 1402 1144 cruentis

362 1168 504 1218 frangit
524 1170 644 1206 molle
660 1181 776 1219 pecus
789 1198 799 1217 ‚
829 1169 1037 1222 tepidoque
1054 1172 1095 1207 in
1116 1174 1303 1223 sanguine
1322 1173 1478 1224 gaudet.

363 1241 401 1271 at
421 1241 529 1285 parte
549 1248 599 1271 ex
619 1235 695 1272 alia
711 1236 913 1272 Bulmitzis
935 1243 973 1272 et
991 1237 1163 1275 Ariarith
1182 1239 1320 1289 ingens

250 1299 332 1342 650
360 1302 590 1353 Dorotisque
609 1301 723 1338 ferox
742 1309 856 1353 atque
877 1304 1046 1353 armiger
1065 1305 1149 1354 ipse
1165 1305 1348 1344 Iohannis

360 1368 496 1404 funera
514 1381 584 1418 per
601 1368 699 1404 latos
723 1375 852 1405 contra
873 1370 1066 1406 venientia
1087 1383 1243 1422 campos

359 1435 519 1470 vulnere
539 1433 753 1470 fundebant
769 1435 889 1472 vario.
945 1448 1128 1474 mucrone
1148 1438 1336 1488 superbus

358 1501 427 1537 ille
445 1500 558 1547 furit,
590 1501 670 1550 pilo
690 1501 829 1538 melior
847 1502 951 1539 valet
969 1501 1110 1541 arduus
1127 1505 1210 1541 ille.

359 1565 424 1603 hic
442 1574 594 1618 torquet
610 1566 755 1617 rigidas
774 1581 893 1605 nervo
911 1568 1095 1607 stridente
1113 1572 1290 1621 sagittas,

248 1631 328 1674 655
357 1631 421 1668 hic
442 1633 571 1670 fremit
588 1641 668 1671 arte
689 1642 827 1685 potens
839 1663 849 1682 ‚
881 1641 919 1672 et
935 1637 1023 1673 telis
1040 1643 1187 1687 pugnat
1201 1639 1390 1690 utrisque.

358 1700 442 1749 ipse
460 1700 560 1737 inter
578 1700 728 1738 medios
750 1701 885 1738 ductor
905 1716 1088 1740 mucrone
1110 1709 1281 1740 coruscat

359 1766 569 1814 fulmineo,
598 1766 757 1805 hostiles
779 1781 912 1805 arcens
930 1775 1073 1806 terrore
1091 1768 1320 1820 phalanges.

361 1834 531 1869 carmina
548 1846 625 1870 non
645 1834 756 1870 aliter
772 1835 943 1871 referunt
957 1848 1027 1885 per
1046 1836 1148 1872 bella
1164 1837 1347 1885 Gigantes

361 1906 554 1935 armatum
573 1901 776 1936 tremuisse
796 1903 940 1947 Iovem,
975 1914 1062 1938 cum
1083 1901 1258 1938 fulminis
1276 1903 1376 1939 ictus

252 1967 333 2008 660
360 1965 536 2017 perderet
552 1965 756 2003 horribiles
777 1967 953 2016 flagranti
971 1967 1129 2003 vulnere
1149 1967 1301 2004 fratres.

417 2033 594 2070 Vincet-et
611 2034 679 2069 illa
694 2045 854 2081 manus,
883 2035 924 2069 ni
944 2040 1034 2069 tunc
1051 2034 1203 2070 fortuna
1222 2039 1402 2084 negasset

363 2112 560 2137 successus
577 2101 673 2136 irata
692 2112 794 2136 suos.
850 2100 929 2136 iam
945 2101 1078 2136 crescit
1099 2100 1243 2150 iniquis

360 2166 610 2202 innumerosa
625 2176 787 2202 manus:
815 2165 992 2216 peditum
1010 2179 1151 2203 venere
1171 2172 1345 2202 catervae

359 2231 651 2268 Marmaridum.
708 2230 872 2268 densum
889 2233 1137 2269 circumvolat
1154 2231 1327 2284 undique
1348 2231 1494 2268 ferrum

249 2297 328 2339 665
358 2299 497 2347 stipitis
519 2305 556 2334 et
578 2297 728 2348 gravidi
750 2299 884 2347 robur,
912 2297 1139 2350 lapidesque
1157 2299 1327 2334 minaces

358 2365 535 2400 fulminis
551 2365 672 2401 instar
689 2371 809 2402 erant.
856 2366 950 2403 latet
969 2372 1080 2402 atrox
1097 2364 1256 2414 pulvere
1274 2372 1454 2412 campus:

357 2431 426 2467 vix
446 2443 514 2467 sua
533 2431 610 2467 tela
627 2437 753 2480 potest
766 2445 920 2482 pressus
937 2433 1016 2469 iam
1035 2443 1188 2469 cernere
1208 2429 1336 2466 miles.

249 2571 316 2605 635
337 2581 434 2604 arcus
454 2571 486 2605 T
616 2570 682 2604 633
704 2569 790 2615 liper
811 2571 844 2603 Τ
971 2569 1038 2605 642
1058 2573 1178 2603 tretum
1195 2569 1246 2603 vel
1261 2568 1374 2603 tritum
1393 2568 1424 2602 Τ
1510 2567 1578 2603 644
1598 2578 1665 2602 me·

250 2616 335 2649 dium
356 2617 391 2649 M
523 2615 587 2648 645
610 2627 670 2648 ora
685 2616 777 2660 apud
802 2616 841 2647 M
973 2616 1038 2648 646
1061 2621 1139 2648 ωηο
1153 2615 1246 2658 apud
1261 2615 1302 2649 Μ
1421 2611 1497 2648 ’647
1518 2613 1574 2646 ine
1587 2623 1666 2658 pre-

248 2662 320 2694 dam
339 2661 383 2703 Τ,
406 2661 460 2694 ille
475 2671 609 2704 gregem
625 2661 665 2694 M
785 2659 850 2693 649
873 2659 1017 2693 bulmitis
1032 2665 1066 2694 et
1081 2660 1206 2694 ariarth
1223 2660 1255 2694 Τ
1377 2657 1445 2694 650
1465 2668 1507 2694 ac
1521 2658 1612 2704 apud
1626 2657 1668 2692 Μ

247 2706 315 2740 662
337 2713 411 2739 tuos
426 2706 518 2751 apud
534 2706 573 2739 M
703 2704 769 2740 663
791 2704 911 2750 pedum
933 2705 974 2740 Τ.
