1702 3060
251 179 315 223 50
858 174 1075 219 CORJPPI

361 284 529 324 ductoris
552 285 681 332 iussu,
710 282 864 336 sapiens
888 289 927 322 et
947 283 1150 322 Amantius
1171 298 1263 334 una,

256 355 331 395 190
357 353 518 390 hostiles
535 359 683 389 tentare
700 352 825 400 locos,
854 353 1076 403 perquirere
1094 353 1216 389 valles

358 425 395 456 et
414 419 525 455 solito
545 418 704 468 planare
721 419 818 455 vias.
874 418 952 456 huc
974 431 1114 476 aggere
1135 419 1236 455 celso

353 485 551 520 Romanae
573 485 711 521 sistunt
731 486 855 532 acies,
883 491 1094 535 gentesque
1114 481 1305 520 nefandas

358 556 584 600 exspectant
605 551 741 588 oculis.
795 562 939 600 magno
963 564 1060 602 quae
1079 551 1179 586 ferre
1196 550 1382 600 magistro

354 623 486 652 mente
509 623 649 666 gerunt
670 616 810 654 dubia:
839 624 1035 668 nequeunt
1054 617 1216 653 tolerare
1232 616 1421 652 tumultus

249 680 327 722 195
354 694 426 718 nec
445 681 585 720 densos
606 684 768 720 lustrare
785 685 905 720 locos.
962 686 1048 735 quis
1070 696 1224 719 cernere
1245 688 1376 732 posset

355 749 466 785 milia
482 755 590 785 tanta
607 748 763 786 virum?
819 750 885 786 vel
901 750 956 786 sic
971 751 1119 787 locusta
1139 749 1210 785 sub
1233 749 1358 795 astris,

356 816 498 851 Austro
518 815 653 862 flante,
684 814 787 851 cadit
802 815 970 864 Libycos
987 815 1126 851 diffusa
1147 828 1217 864 per
1235 827 1360 864 agros,

354 893 444 917 vere
465 881 536 916 sub
559 887 755 927 extre—mor,
784 882 850 918 vel
868 893 958 916 cum
974 882 1097 917 Notus
1116 879 1271 916 aethere
1288 881 1335 916 ab
1357 881 1435 916 alto

355 947 397 982 in
417 958 526 982 mare
546 948 798 997 praecipitem
816 958 1035 996 magnoque
1056 959 1078 982 a
1096 946 1249 982 turbine
1270 953 1421 996 raptam

245 1015 326 1055 200
353 1014 409 1050 ire
429 1012 551 1049 iubet.
608 1011 735 1049 dubiis
755 1011 983 1049 horresmmt
1004 1011 1119 1048 corda
1139 1025 1283 1062 pavore

355 1079 555 1128 agricolis,
585 1085 736 1128 segetes
753 1091 802 1114 ne
820 1084 991 1113 conterat
1010 1075 1166 1114 horrida
1186 1080 1320 1128 pestis,

354 1159 432 1182 neu
445 1151 570 1182 vastet
587 1145 732 1181 fructus
751 1151 903 1181 teneros
920 1142 1130 1194 hortosque
1148 1146 1330 1193 virentes,

354 1211 538 1248 mollibus
558 1217 624 1247 aut
642 1212 759 1247 ramis
775 1211 976 1246 florentem
991 1209 1122 1246 laedat
1138 1211 1295 1248 olivam.

351 1280 510 1329 iamque
529 1276 672 1327 pedem
690 1274 889 1313 retrahens
906 1276 988 1311 ibat
1007 1277 1181 1314 Romana
1200 1279 1392 1326 iuventus,

244 1344 324 1387 205
354 1344 505 1382 ductori
526 1354 710 1392 respousa
730 1342 872 1379 ferens.
930 1341 1031 1378 hanc
1055 1344 1258 1392 proximus
1279 1343 1402 1383 hostis

355 1407 570 1447 clrcumdat
586 1409 744 1444 levitate
762 1420 845 1444 sua.
902 1409 982 1444 iam
1000 1406 1095 1444 dura
1114 1410 1296 1447 subibant

354 1478 524 1526 agmina.
582 1476 816 1512 conveniunt
834 1473 944 1510 densi
963 1473 1011 1510 de
1029 1476 1225 1512 montibus
1246 1475 1391 1525 hostes,

352 1542 528 1580 faucibus
553 1548 591 1578 et
612 1542 759 1577 cunctis
780 1553 936 1590 campos
958 1539 1176 1577 funduntur
1194 1542 1236 1578 iu
1255 1555 1403 1591 omnes,

353 1610 499 1645 Austur
518 1614 576 1656 et,
604 1606 803 1644 indomitis
824 1606 963 1644 ardens
982 1621 1080 1658 quae
1098 1608 1220 1644 fertur
1239 1610 1281 1645 in
1298 1611 1429 1662 armis,

243 1676 325 1716 210
354 1675 599 1711 Muctuniana
616 1686 770 1710 manus.
827 1672 999 1711 succedit
1017 1675 1126 1711 fortis
1146 1675 1336 1725 Ilasguas.

355 1742 512 1791 iamque
529 1741 600 1778 sub
618 1740 779 1777 hostiles
801 1742 901 1777 acies
919 1741 1143 1777 transmissa
1162 1748 1333 1780 catervas

342 1808 559 1844 ”mnumero
579 1807 755 1844 currebat
775 1819 899 1858 equo3
929 1808 1134 1859 turbatque
1154 1810 1386 1861 premitque,

355 1879 394 1910 et
415 1874 540 1922 magis
561 1880 676 1924 atque
697 1875 823 1923 magis
845 1872 1010 1910 densum
1032 1875 1196 1923 stipatur
1213 1875 1255 1910 in
1275 1887 1430 1928 agmen,

354 1946 639 1991 exsuperatque
656 1941 773 1977 viros.
829 1939 923 1989 ipsis
943 1945 1088 1975 artatur
1105 1939 1152 1975 ab
1170 1938 1292 1978 hastis

243 2005 327 2048 215
356 2019 534 2057 campus,
564 2013 603 2042 et
622 2007 774 2055 ingenti
792 2011 997 2056 quassatur
1014 2012 1116 2042 terra
1134 2008 1321 2046 tumultu.

354 2074 408 2110 sic
419 2101 429 2120 ,
457 2073 526 2109 ubi
545 2073 782 2123 compellunt
801 2073 990 2109 currentia
1006 2072 1141 2109 nubila
1157 2075 1265 2111 venti

354 2151 551 2175 murmure
571 2152 660 2176 cum
675 2138 804 2176 valido
818 2167 828 2187 ‚
856 2145 914 2175 tot
933 2139 1073 2176 crebris
1090 2140 1245 2190 ignibus
1265 2139 1404 2181 ardens

354 2205 509 2242 nimbus
529 2213 567 2242 et
585 2205 746 2243 adversa
764 2206 924 2243 veniens
942 2206 984 2242 in
1002 2206 1128 2243 fronte
1147 2208 1320 2257 procella

352 2271 481 2308 influit
499 2272 646 2308 exactis
666 2278 774 2309 vasto
794 2285 882 2309 cum
898 2271 1067 2322 pondere
1087 2275 1204 2322 guttis

246 2339 326 2379 220
353 2336 553 2388 grandinis
570 2337 774 2386 infandae3
805 2339 946 2389 pluviis
966 2341 1169 2390 ventisque
1188 2340 1383 2390 subactus,

355 2405 480 2441 tristia
498 2402 727 2440 submittens
747 2405 827 2440 iam
844 2402 1008 2454 frigidus
1026 2418 1093 2441 ora
1111 2407 1235 2442 viator

355 2468 534 2506 dentibus
554 2470 776 2520 infremuit3
804 2472 927 2509 victus
948 2471 1004 2508 sic
1026 2477 1133 2522 terga
1154 2472 1318 2520 reflexit,

249 2599 311 2635 191
335 2598 458 2635 sonte?
484 2602 523 2632 ut
536 2600 558 2634 2
577 2600 653 2635 279.
797 2600 880 2637 ibid.
905 2600 991 2637 hunc
1011 2604 1043 2638 T
1183 2603 1247 2638 195
1269 2606 1420 2639 sternere
1435 2606 1488 2640 vel
1502 2615 1667 2641 scen-nere.

250 2645 316 2679 196
336 2644 463 2697 vei-M,
485 2645 547 2677 sub
569 2644 599 2678 Τ
700 2646 764 2680 198
787 2648 882 2680 ether
899 2648 931 2680 Τ
1030 2649 1094 2683 201
1119 2659 1183 2682 neu
1201 2649 1234 2682 Τ
1324 2650 1391 2685 207
1409 2651 1610 2685 conveniunt
1624 2652 1667 2695 la,

248 2699 306 2723 cur
335 2693 470 2722 ueniunt
500 2691 548 2730 T,
584 2700 656 2724 cum
685 2690 822 2724 ueniunt
850 2693 892 2725 M
1023 2694 1106 2728 ibid.
1130 2693 1220 2727 denti
1243 2694 1275 2726 T
1403 2695 1468 2730 209
1490 2695 1671 2731 inermiass'

248 2733 316 2768 210
338 2733 524 2769 mumniana
540 2735 572 2770 Τ
703 2735 768 2770 217
791 2737 960 2772 crebribus
978 2739 1010 2772 Τ
1137 2739 1204 2773 222
1225 2738 1292 2783 sic]
1315 2750 1362 2774 an
1377 2740 1483 2775 tunc?
1530 2772 1533 2773 γ
