1702 3060
237 110 333 154 422
508 108 510 113 ‘
633 110 818 152 NOTAE
850 108 910 150 IN
944 107 1157 151 LIBRUM
1189 107 1249 150 111

240 215 322 268 que}
325 222 436 266 patet
451 214 605 250 domitis
619 214 804 254 Romana
816 215 992 263 potentia
1013 215 1139 259 terris,
1166 227 1229 251 ore
1250 214 1359 265 leg-ar
1370 216 1524 265 populi.
1561 214 1676 252 Pro—⁴

240 275 387 323 pertius
407 274 454 309 2:
495 268 598 304 unde
616 282 722 304 meus
740 270 873 305 veniat
890 269 1018 305 mollis
1036 271 1079 305 in
1095 269 1288 308 oraliber.
1346 269 1454 307 idem
1469 273 1520 310 ὃς
1553 270 1662 307 crede

243 327 356 370 mihi,
388 336 551 372 magnos
569 330 787 374 aequarunt
804 324 880 360 ista
903 324 1087 360 Camillos
1105 324 1269 369 indicia,
1305 331 1342 360 et
1355 326 1481 364 uenies
1499 331 1542 360 tu
1565 338 1663 374 quo-

245 394 318 432 qne
336 382 378 416 in
396 391 466 414 ora
482 378 622 415 viram.
682 379 820 428 virgil.
840 379 979 428 Georg.
1001 381 1048 418 3:
1083 392 1162 428 qua
1178 392 1238 415 me
1260 391 1410 428 quoque
1422 380 1570 428 possim
1590 379 1665 416 tob—

245 437 319 472 lere
337 434 454 470 humo
475 434 668 483 victorque
688 435 818 474 virum
837 433 999 469 volitare
1008 447 1083 483 per
1099 447 1180 470 ora.
1238 435 1400 471 BAn’rli.

357 491 447 528 130.
503 487 674 524 decessor
691 495 749 525 est
766 501 1011 552 praecessor,
1041 489 1108 538 qui
1129 489 1192 524 isti
1211 489 1316 524 velut
1336 488 1421 525 loco
1446 486 1666 525 decesserit.

245 546 406 580 BARTH.
468 550 750 579 antecessorem
769 544 809 579 iu
829 544 1004 593 imperio,
1026 545 1087 579 cui
1103 555 1198 579 mox
1216 544 1376 592 opponit
1394 555 1667 580 successorem.

247 599 375 635 Gloss.
394 604 506 634 vetus
527 598 695 634 decessor
719 597 1027 648 προϊστάμενος,
1064 604 1101 634 et
1118 598 1239 634 altero
1260 598 1428 634 Glossar.
1448 593 1670 648 προηγησά-

248 667 364 703 μενος
392 659 624 697 antecessor,
668 652 855 696 decessor,
897 665 1054 700 praece
1039 665 1133 688 1ε’..ςον
1193 652 1402 688 decessores
1434 649 1668 702 διακάτοχοι.

247 709 386 744 malim
402 707 589 756 διάδοχοι,
616 713 660 742 ut
676 708 717 742 in
739 705 875 742 eodem
895 708 1089 743 Glossario
1109 707 1339 743 decessiones
1352 707 1550 757 dtoedozou':
1579 718 1670 742 uam

250 758 479 811 διακᾶτοχος
509 763 552 798 in
578 762 701 797 altero
727 762 850 797 veteri
871 762 996 798 Gloss.
1022 762 1183 798 vertitur
1202 775 1414 812 possessor,
1442 762 1671 804 detentator,

251 823 472 862 retentator;
502 823 540 852 et
561 811 773 866 διακαδοχή
790 828 996 866 possessco,
1017 822 1055 852 et
1073 815 1280 867 ὃιακατὲχω
1298 815 1465 862 obtineo,
1476 815 1671 866 possideo,

252 874 410 915 retineo,
439 871 601 909 detento.
658 872 778 907 RrrT.

364 928 454 966 136.
510 926 647 975 Virgil.
665 927 764 962 Aen.
790 928 840 965 2:
879 931 958 961 toro
979 931 1095 974 pater
1110 923 1269 961 Aeneas
1291 925 1346 962 sic
1370 938 1478 962 orsus
1499 924 1551 961 ab
1575 924 1668 961 alto.

252 983 434 1018 Dssmsr.

365 1037 456 1075 137.
513 1032 694 1078 describit
729 1034 910 1070 conclave
941 1033 1253 1082 imperatorium,
1302 1034 1465 1083 Papinio
1497 1031 1625 1070 Theb.
1646 1034 1676 1072 2

255 1089 410 1126 concilii
430 1088 643 1138 penetrale.
702 1088 803 1124 infra
823 1089 918 1127 218.
974 1090 1177 1138 purpureis
1209 1087 1354 1124 aulaeis
1382 1088 1608 1133 ornabatur,
1638 1093 1677 1123 et

255 1145 304 1181 ob
332 1143 375 1181 id
397 1143 553 1180 Graecis
581 1139 789 1194 πορφύρα,
826 1143 975 1179 Latinis
999 1156 1184 1191 purpura
1207 1142 1417 1179 dicebatur.
1474 1141 1678 1179 Claudiau.

257 1199 305 1235 de
324 1201 348 1238 3
367 1199 468 1233 Hon.
485 1198 708 1234 consulatu:
738 1197 883 1244 excepit
909 1198 1020 1246 'lyrio
1039 1196 1254 1235 venerabile
1266 1198 1418 1246 pignus
1434 1198 1476 1233 in.
1489 1204 1604 1234 ostro.
1641 1202 1679 1232 et

258 1253 306 1290 de
325 1252 350 1292 4
367 1253 470 1288 Hon.
492 1252 713 1295 consulatu:
737 1251 984 1301 patriofelix
1001 1251 1187 1288 adolescis
1206 1253 1248 1287 in
1267 1258 1380 1287 ostro.
1413 1258 1451 1288 et
1469 1251 1517 1288 de
1533 1252 1679 1301 nuptiis

257 1307 420 1345 Houorii
439 1313 477 1343 et
494 1307 662 1342 Mariae:
691 1313 807 1341 natus
825 1306 867 1341 in
884 1313 983 1341 ostro
994 1319 1146 1354 parvus
1166 1304 1424 1343 Honoriades.
1466 1319 1519 1342 ex
1538 1307 1679 1357 quibus

258 1367 366 1413 patet
386 1362 580 1410 Augustas
598 1372 806 1411 puerperas
823 1361 864 1396 in
881 1361 948 1396 illo
970 1363 1120 1398 enixas.
1176 1359 1240 1397 hic
1257 1362 1375 1397 etiam
1396 1362 1559 1410 genialis
1581 1362 1681 1397 Cae-

259 1429 391 1454 sarum
413 1417 559 1461 lectus3
590 1414 654 1452 hic
673 1428 761 1451 cum
784 1415 1012 1464 coniugibus
1034 1415 1238 1452 cubabant.
1278 1414 1385 1451 idem
1404 1414 1453 1452 de
1470 1416 1575 1452 bello
1593 1416 1690 1452 Gilv-

262 1471 354 1508 don.
383 1471 494 1520 Tyrio
512 1483 590 1520 qua
599 1470 723 1520 fitsns
742 1470 943 1506 Honorias
961 1477 1061 1506 ostro
1078 1469 1262 1522 carpebat
1276 1477 1421 1508 teneros
1436 1472 1574 1507 Illaria
1594 1483 1684 1509 cum

261 1527 423 1574 coniuge
442 1538 605 1562 somnos.
664 1527 848 1562 Dmu’s’r.

372 1581 465 1621 138.
519 1580 725 1623 manifesta
743 1581 907 1616 imitatio
928 1581 1089 1617 Homeri
1106 1578 1219 1617 Iliad.
1237 1582 1264 1620 2
1281 1578 1349 1620 24.
1404 1581 1526 1618 Rrr'r.

376 1636 467 1676 141.
524 1648 665 1671 causae
683 1635 822 1671 mundi
839 1641 928 1671 suut
947 1637 1114 1684 negotia.
1170 1637 1332 1672 BAn'ru.

374 1689 464 1729 145.
523 1690 730 1726 miracala.
763 1691 817 1726 sic
838 1695 951 1726 vocat
967 1690 1189 1740 frequenter
1206 1703 1266 1726 res
1287 1687 1511 1740 splendidas
1530 1687 1685 1738 magui-

263 1744 411 1794 ficeque
430 1751 596 1794 paratas.
653 1757 769 1794 supra
792 1747 818 1783 2
847 1747 941 1790 129,
973 1751 1010 1782 et
1033 1743 1108 1781 hoc
1134 1745 1203 1781 lib.
1234 1747 1286 1785 39
1317 1751 1355 1781 et
1374 1743 1467 1784 243.
1523 1756 1623 1794 quae
1643 1749 1687 1779 ut

262 1800 386 1835 multa
410 1801 486 1835 alia
509 1798 712 1848 desumpta
732 1813 754 1835 a
775 1798 987 1836 Claudiano
1009 1799 1058 1836 de
1075 1799 1104 1841 ,4
1126 1801 1272 1837 consul.
1293 1801 1420 1836 Hom:
1458 1812 1553 1848 quos
1571 1797 1688 1835 hahi-

265 1860 344 1897 tus,
373 1860 542 1902 quantae
557 1853 751 1889 miracula
760 1867 930 1902 pompae
948 1855 1129 1891 vidimus.
1190 1861 1228 1891 et
1250 1853 1298 1891 de
1318 1854 1519 1895 consulatu
1535 1853 1686 1899 Manlii,

269 1914 307 1944 et
327 1908 440 1944 alibi:
481 1907 673 1944 miracula
689 1907 802 1956 plebi
827 1908 1009 1958 colligite.
1068 1910 1241 1946 Iulianus
1263 1911 1404 1960 θαῦμα
1431 1908 1563 1959 φέρων
1584 1903 1689 1947 πάν-

268 1974 396 2002 τεσσιν
415 1964 457 1999 iu
474 1961 723 2012 Authologia.
755 1963 938 2000 Demrs'r.

381 2017 472 2056 146.
528 2031 707 2066 reponere
726 2024 783 2054 est
802 2019 974 2065 recitare,
1004 2019 1157 2055 iterare.
1198 2017 1246 2054 de
1267 2031 1343 2068 quo
1360 2017 1494 2054 multis
1511 2014 1563 2052 ad
1578 2016 1688 2065 prin-

267 2071 413 2122 cipium
428 2073 576 2122 primae
597 2071 702 2122 apud
722 2073 948 2109 Iuvenalem
969 2081 1134 2123 satyrae.
1189 2075 1352 2110 BARTR.

379 2125 472 2167 147.
527 2134 718 2164 sanctum.
779 2126 854 2164 hoc
889 2141 939 2163 ex
970 2127 1107 2165 Ovidio
1137 2129 1258 2164 Trist.
1295 2129 1318 2168 1
1348 2129 1388 2168 7.
1456 2126 1569 2162 aliter
1595 2125 1690 2174 legit

268 2180 594 2223 saresberiensis:
641 2182 746 2219 illud
777 2183 971 2220 amicitiae
1004 2190 1184 2220 sanctam
1220 2189 1256 2219 et
1286 2181 1502 2219 venerabile
1535 2193 1685 2217 nomen.

267 2236 451 2273 Dauus-r.

381 2290 471 2330 148.
532 2292 758 2344 Sapientia]
790 2307 920 2330 rursus
940 2292 990 2331 ad
1006 2306 1150 2330 nomen
1170 2292 1422 2343 imperatricis
1442 2289 1611 2341 Sophiae
1631 2290 1690 2325 al-

266 2342 378 2392 ludit,
408 2351 451 2381 ut
467 2358 583 2396 saepe
607 2350 914 2397 supra.R1·r·r.

378 2399 470 2439 149.
526 2403 808 2452 Dempsterus'
798 2417 838 2439 111
857 2417 926 2440 sua
944 2404 992 2440 cle
1019 2404 1183 2452 Corippo
1201 2403 1420 2439 coniectura
1447 2400 1579 2449 inepte
1602 2398 1694 2435 hinc

267 2454 504 2491 coniectatur
540 2458 750 2506 Corippum
786 2457 986 2495 dedicasse
1024 2457 1098 2495 hos
1135 2458 1254 2494 libros
1281 2454 1450 2506 Sophiae
1481 2456 1694 2504 Augustae.

267 2510 456 2558 Corippus
476 2523 554 2546 nou
573 2513 654 2560 agit
671 2511 735 2548 hic
757 2511 804 2549 de
826 2514 935 2550 libris
956 2514 1048 2559 suis,
1079 2511 1148 2548 sed
1165 2511 1212 2548 de
1234 2513 1333 2548 curis
1355 2523 1424 2560 pro
1442 2510 1544 2547 bono
1566 2510 1694 2557 ‘nupe-

268 2565 314 2601 rii
335 2566 535 2614 regimine,
566 2565 615 2601 ad
635 2579 731 2616 quas
752 2569 882 2604 statim
900 2581 944 2605 ac
965 2574 1274 2605 consummatum
1293 2572 1352 2603 est
1369 2566 1590 2602 convivium
1610 2563 1695 2599 ani-

267 2632 377 2655 mum
398 2621 593 2670 appellere
612 2634 688 2657 una
710 2635 798 2658 culn
817 2624 980 2671 coniuge
1003 2623 1170 2660 Iustinus
1189 2621 1342 2670 sategit.
1372 2626 1550 2669 suscepta
1566 2624 1702 2655 autem-

268 2676 428 2711 consilia
453 2673 622 2726 Sophiae
646 2678 856 2726 Augustae,
879 2678 960 2715 eius
980 2678 1127 2715 nomini
1148 2683 1333 2727 perpetuo
1354 2674 1544 2722 alludens,
1574 2678 1698 2711 sacrat

826 2749 835 2791 17
