1702 3060
301 99 404 183 314>
727 134 913 178 NOTAE
946 133 1004 176 IN
1037 132 1248 176 LIBRUM
1278 131 1301 176 1

300 247 460 284 libertus
489 241 668 281 Thomae
696 240 826 279 huius.
881 239 1072 292 Agathius
1104 239 1319 279 Scholast.:
1360 243 1505 294 Θωμᾶν
1523 239 1694 294 maffia&

301 304 398 353 λῆος
421 296 599 349 ἀμεμφέα
616 297 841 349 κηδεμονῆα
860 294 1045 336 &vassum
1100 298 1283 334 Demrs‘r.
1680 302 1685 319 1

414 355 476 393 18.
533 365 620 389 cum
648 353 790 389 nullibi
818 359 882 390 me
909 353 1050 402 legisse
1082 354 1348 389 meminissem
1373 352 1539 397 destina,
1568 353 1693 392 auimu

303 415 384 446 erat
402 409 555 444 dextera
576 420 646 458 pro
671 408 820 445 destina
840 421 1023 458 reponere
1050 408 1092 444 in
1118 406 1192 445 hoc
1210 409 1402 456 carmine,
1440 406 1546 458 quod
1563 409 1692 445 omnin

303 465 487 501 vitiosum
503 476 586 500 esse
604 462 813 500 crederem.
840 465 997 501 interim
1013 476 1103 501 vero
1121 462 1339 500 admonitus
1359 475 1381 499 a
1399 460 1570 500 Iohanne
1584 458 1694 514 Bapfi

303 525 362 556 sta
382 519 553 566 Perezio,
585 520 667 556 viro
689 525 726 556 et
741 519 879 556 litteris
905 526 943 556 et
964 518 1203 556 humanitate
1225 517 1520 565 candidissimo,
1551 517 1654 568 apud
1667 518 1695 555 11

301 574 552 610 Braulionem
581 575 622 610 in
646 575 725 610 vita
748 575 798 611 D.
825 573 963 611 Isidori
991 575 1180 611 destinam
1207 575 1287 624 legi
1315 573 1387 626 (ita
1412 573 1579 610 scilicet:
1609 585 1693 622 quer

302 629 397 665 deus
412 636 506 678 post
531 635 586 664 tot
608 629 779 679 defectus
795 631 997 680 ,Hispania
1024 630 1242 666 novissimis
1262 627 1494 678 temporibus
1514 629 1694 665 suscitant

301 683 412 720 credo
442 684 500 720 ad
523 684 780 721 restauranda
801 686 1051 735 antiquorum
1071 691 1337 729 monumenta,
1374 697 1423 720 ne
1450 695 1694 734 usquequaqu

302 740 517 775 rusticitate
541 746 873 784 veterasceremus,
915 741 1030 790 quasi
1059 739 1259 790 quandam
1286 739 1469 788 apposuit
1496 738 1693 788 destinamj

299 801 450 830 mutare
487 795 604 844 plane
629 796 861 832 sententiam
886 807 976 831 sum
1007 802 1171 834 coactus.
1225 795 1372 844 placuit
1396 796 1528 844 itaque
1554 793 1693 830 destini

299 850 358 886 uti
376 856 457 886 erat
476 851 518 885 in
541 863 602 887 ms
620 849 772 898 codice,
802 852 979 898 retineri3
1021 848 1126 900 quod
1148 861 1293 886 nomen
1318 861 1369 885 ex
1391 855 1556 899 utroque
1576 849 1660 885 loco
1684 862 1692 882 ι

301 906 350 942 D.
370 906 589 942 Braulionis
609 913 646 942 et
664 907 785 956 ipsius
802 906 971 955 Corippi,
1003 906 1036 942 si
1056 903 1262 954 diligenter
1282 905 1383 940 inter
1401 916 1443 940 se
1465 903 1688 939 consen-autu

301 959 398 1011 quid
415 960 604 1009 significet
623 973 702 998 non
721 959 878 997 difficile
899 961 989 996 elici
1009 966 1124 1010 atque
1146 959 1276 1008 colligi
1295 964 1434 1009 potest.
1460 959 1578 997 Rtnz.
1606 982 1616 985 -
1634 957 1693 993 fue

301 1021 391 1051 runt
419 1017 487 1065 qui
511 1014 576 1052 hic
600 1029 680 1052 nou
709 1015 860 1052 destina
881 1014 952 1052 sed
976 1014 1130 1051 dextera
1149 1014 1280 1063 legere
1298 1013 1501 1060 volebant,
1539 1010 1609 1050 sed
1624 1009 1692 1048 nih

300 1069 546 1106 mutandum.
603 1072 652 1106 D.
674 1071 830 1106 Braulio
850 1070 964 1106 toties
981 1082 1002 1105 a
1018 1076 1099 1106 tam
1115 1070 1251 1106 multis
1272 1070 1410 1106 citatus
1427 1069 1470 1105 in
1484 1068 1564 1104 vita
1582 1068 1629 1105 D.
1649 1067 1693 1104 Isi

302 1123 409 1171 dori,
457 1126 564 1161 cuius
599 1126 731 1161 locum
767 1123 856 1161 vide
889 1123 993 1174 apud
1019 1125 1261 1174 Assagrium.
1317 1124 1469 1160 destina
1502 1129 1561 1159 est
1591 1121 1692 1159 finnt

301 1190 451 1215 nexus:
480 1191 573 1214 nam
599 1192 668 1228 pro
695 1180 859 1216 vinculis
886 1181 929 1215 in
954 1178 1127 1215 aedificio
1148 1180 1268 1215 sumit
1281 1179 1478 1216 Vitruvius
1506 1177 1675 1213 destinas

303 1247 336 1272 c.
356 1234 427 1269 ult.
442 1261 453 1280 ‚
495 1239 533 1269 et
553 1233 744 1270 destinare
771 1241 829 1271 est
849 1235 1030 1284 colligare
1050 1232 1154 1284 apud
1171 1235 1220 1272 D.
1237 1234 1499 1283 Augustinum
1519 1233 1678 1268 citatum

303 1291 381 1325 Iac.
404 1288 558 1325 Cuiacio
579 1289 769 1325 observat.
784 1292 834 1329 21
858 1290 926 1328 28.
983 1295 1120 1337 captus
1140 1288 1426 1338 destinatusque
1441 1288 1612 1324 Romam
1631 1286 1692 1322 mi.

305 1343 474 1388 tebatur,
501 1345 629 1394 inquit
648 1343 832 1380 Sidonius
851 1343 1086 1392 Apollinaris
1109 1345 1128 1382 1
1150 1357 1212 1393 ep.
1233 1345 1274 1383 7.
1330 1342 1402 1379 sed
1417 1343 1579 1392 propius
1601 1347 1660 1378 est
1679 1354 1691 1378 1

305 1400 492 1436 assentiar
508 1400 741 1436 amicissimo
759 1398 934 1434 Marcilio
965 1410 1052 1434 meo
1070 1404 1186 1448 atque
1206 1398 1382 1435 omnium
1405 1398 1473 1448 qui
1491 1398 1628 1434 vivunt
1650 1394 1692 1432 dc

305 1455 496 1501 ctissimo,
536 1454 604 1505 qui
631 1467 695 1490 me
721 1452 923 1490 admonuit
950 1451 1055 1490 hunc
1078 1454 1210 1490 locum
1229 1465 1311 1490 esse
1333 1462 1561 1502 expressum
1580 1463 1633 1487 ex
1653 1451 1692 1487 il]

304 1509 465 1547 Arnobii
482 1509 552 1545 lib.
576 1511 626 1548 2:
656 1522 734 1545 non
745 1515 838 1558 post
868 1508 1032 1544 Theutin
1051 1508 1295 1558 Aegyptium
1312 1515 1383 1544 aut
1391 1508 1484 1556 post
1499 1505 1691 1543 Atlanten

301 1571 345 1601 ut
367 1564 529 1614 quidam
545 1564 704 1614 jerunt,
728 1570 976 1615 gestatorem,
1007 1562 1201 1608 baiulum,
1230 1561 1424 1599 tibicinem
1451 1561 1565 1598 illum
1587 1574 1636 1596 ac
1655 1560 1691 1596 εἰ(

300 1621 446 1656 stinam
478 1619 590 1655 caeli.
649 1621 728 1657 scio
758 1619 955 1669 eleganter
980 1631 1094 1669 posse
1123 1619 1280 1655 retineri
1306 1618 1477 1668 priorem
1502 1615 1692 1653 lectionen

300 1675 475 1711 nutantis
494 1674 648 1711 dextera
666 1682 805 1719 terrae,
842 1675 934 1725 quia
952 1674 1212 1724 potentissimi
1231 1671 1485 1724 fidissimique
1504 1672 1692 1721 principm

300 1731 473 1767 virorum
493 1731 651 1766 clientes
672 1730 846 1766 dexterae
865 1728 1044 1766 dicuntur
1059 1728 1165 1779 apud
1181 1729 1371 1766 Senecam
1389 1727 1414 1768 5
1425 1756 1436 1774 ‚
1468 1732 1512 1763 ut
1528 1732 1622 1776 puto
1634 1754 1644 1772 ,
1674 1723 1691 1761 c*

300 1784 482 1832 Benefic.,
514 1785 606 1835 quia
622 1786 691 1821 illa
710 1785 849 1821 melior
865 1785 1074 1836 utiliorque
1093 1785 1260 1835 corporis
1278 1782 1442 1820 humani
1459 1794 1562 1832 pars.
1608 1781 1691 1816 Mar

250 1869 255 1874 -
305 1841 351 1878 11
372 1841 424 1878 70
436 1850 448 1874 1
476 1840 609 1888 Lydia
627 1839 784 1875 dicebar
801 1840 953 1875 domino
959 1840 1164 1885 fidissima
1178 1839 1326 1875 dextra.
1365 1836 1502 1887 Papia.
1522 1836 1609 1873 silv.
1625 1833 1650 1874 5
1674 1834 1690 1873 1

301 1893 387 1930 vicli
402 1895 509 1930 omni
528 1900 563 1929 te
573 1894 730 1943 pridem
748 1896 790 1930 in
804 1894 911 1943 flore
929 1895 1128 1938 nitentem,
1167 1894 1253 1930 vidi
1266 1892 1346 1929 alte
1359 1893 1523 1942 propius
1537 1889 1690 1939 propin-2

300 1962 374 1999 que
401 1949 580 1986 accedere
611 1949 779 1985 dextrae.
838 1955 882 1985 ut
910 1962 931 1984 e
961 1955 1092 1985 contra
1121 1947 1333 1997 direptores
1362 1957 1498 1983 census
1527 1946 1691 1982 sinistra.

299 2003 441 2040 Catull.
461 2002 538 2044 45:
578 2005 699 2041 Porci
717 2011 753 2040 et
776 2004 979 2040 Socration
996 2003 1098 2039 duae
1117 2003 1296 2039 sinistrae
1314 2001 1488 2046 Pisonis,
1514 2001 1607 2051 quia
1625 1999 1690 2036 sinI

299 2065 378 2096 stra
399 2064 488 2108 apta
511 2059 639 2096 furtis.
696 2057 810 2097 Ovid.
837 2061 886 2099 13
915 2058 995 2094 fab.
1020 2059 1067 2098 1:
1096 2064 1287 2107 nataeque
1313 2056 1371 2093 ad
1380 2057 1502 2108 furta
1526 2056 1691 2091 sinistra·

298 2114 425 2150 Plaut.
445 2115 564 2151 Persa
585 2121 659 2151 act.
678 2116 706 2156 2
726 2127 780 2152 sc.
801 2116 841 2153 2.
898 2113 1040 2150 catull.
1073 2115 1123 2154 12
1152 2119 1189 2149 et
1214 2113 1267 2152 29
1302 2113 1374 2159 16,
1411 2112 1480 2163 qui
1500 2107 1608 2147 locus
1635 2118 1690 2159 eg*

301 2169 555 2205 correctione:
595 2170 694 2220 quid
715 2169 796 2206 est?
834 2181 888 2205 an
907 2168 1003 2205 haec
1022 2169 1179 2205 sinistra
1203 2166 1431 2203 liberalitas.
1491 2165 1546 2202 sic
1572 2163 1690 2200 codic(

299 2222 604 2273 Lugdunenses,
648 2226 884 2262 parisienses
924 2230 962 2260 et
991 2224 1079 2271 alii,
1131 2222 1306 2274 adeoque
1341 2222 1458 2258 etiam
1487 2219 1690 2256 Basileens·

299 2278 558 2315 Tuscanellae
589 2279 722 2317 editio.
777 2278 951 2317 Achilles
972 2279 1117 2316 Statius
1141 2279 1238 2328 legit
1266 2276 1365 2327 quid
1382 2275 1465 2312 est?
1490 2273 1586 2310 abit.
1643 2275 1690 2310 Io.

300 2331 475 2382 Scaliger
490 2333 582 2378 alit,
615 2335 682 2372 alii
699 2335 805 2372 alias
821 2340 887 2371 aut
908 2334 1007 2384 quid
1019 2340 1090 2379 est,
1117 2334 1173 2370 al.
1233 2331 1303 2369 sed
1329 2330 1528 2369 verissime
1547 2329 1689 2365 Alciatt

301 2399 454 2437 parerg-
476 2390 502 2427 2
520 2390 571 2426 7:
613 2390 711 2439 quid
726 2397 781 2426 est
801 2389 941 2426 aliud?
977 2390 1136 2426 sinistra
1163 2386 1390 2425 liberalitas.
1431 2385 1614 2421 Dznrs'r.
1670 2381 1690 2419 d

298 2442 451 2478 destina
473 2443 620 2492 primus
634 2473 644 2492 ‚
687 2452 801 2494 puto,
838 2443 946 2481 idem
969 2445 1196 2494 Assagrius,
1234 2453 1286 2478 ex
1301 2441 1450 2477 Peresii
1469 2440 1640 2485 monitu,
1670 2449 1690 2473 a

300 2495 404 2533 hunc
432 2497 563 2534 locum
591 2498 720 2536 docuit
749 2513 801 2536 ex
827 2500 1070 2546 Braulione„
1102 2499 1164 2535 cui
1190 2497 1258 2532 alii
1278 2496 1494 2532 Arnobium
1521 2491 1690 2530 addider·

300 2557 428 2589 exstat
455 2557 494 2588 et
524 2553 565 2600 iu
585 2555 795 2590 Glossario.
823 2555 986 2591 ΒΑΜ-Η.
1042 2551 1091 2590 de
1111 2552 1262 2589 destina
1279 2549 1384 2601 apud
1398 2550 1609 2599 Gorippum
1628 2551 1689 2584 sat'

300 2619 371 2644 nos
401 2611 439 2643 et
472 2605 612 2645 eruditi
646 2607 697 2645 ad
729 2609 823 2645 alios
851 2614 890 2644 et
910 2607 1015 2644 hunc
1035 2609 1164 2658 ipsum
1184 2606 1408 2656 Corippum.
1462 2614 1534 2654 par
1551 2603 1690 2639 destini

304 2667 364 2698 est
381 2661 542 2699 verbum
562 2662 705 2700 incuba
726 2662 830 2713 apud
847 2663 1066 2701 Vitruvium
1083 2664 1108 2701 6
1133 2662 1184 2701 11
1195 2689 1206 2708 ,
1238 2662 1319 2698 sive
1336 2659 1462 2697 mavis
1479 2656 1689 2695 incumban

305 2717 367 2754 cui
392 2716 620 2757 incumbunt
645 2719 812 2756 fornices
838 2723 904 2754 aut
930 2717 1030 2754 aliae
1050 2723 1178 2768 partes
1199 2714 1475 2752 aedificiorum.
1531 2713 1689 2750 destina]
