1702 3060
461 100 537 143 DE
570 100 843 146 LAUDIBUS
876 101 1098 146 IUSTINI.
1410 104 1507 151 305

166 221 207 248 v.
246 212 285 251 1.
349 209 507 248 silvam.
567 211 747 250 imitatus
793 217 853 250 est
898 211 1077 251 caelium
1122 210 1331 252 sedulium
1381 213 1510 252 civem

57 275 211 315 gneum,
241 265 311 318 qui
331 266 374 303 in
391 279 462 304 sua
482 268 753 306 invocatione:
789 268 1012 321 silvamque
1030 276 1235 320 patentem
1266 270 1508 322 ingrediens)

52 321 212 374 aliquos
237 323 342 359 nitor
368 324 592 374 contingere
617 337 761 361 ramos.
794 325 980 363 Dnmsr.
1037 326 1143 364 silva
1170 325 1435 365 inordinatam
1468 334 1508 365 et

23 394 25 396 ¹
53 378 186 417 minus
217 377 444 417 distinctam
478 378 679 431 quandam
712 381 867 431 copiam
897 379 1071 420 denotat.
1127 383 1238 421 locus
1267 383 1426 435 Corippi
1456 396 1510 422 ex

52 431 259 473 Theocriti
274 433 419 487 ldyllio
447 436 490 472 in
513 434 653 473 laudes
673 437 891 473 Ptolemaei
915 436 1119 475 traductus
1140 437 1317 476 videtur:
1346 441 1380 477 is
1401 441 1508 477 enim

51 502 141 529 sese
158 491 345 542 lignatori
367 498 567 543 comparat
593 493 636 530 in
654 493 796 530 silvam
815 491 980 531 densam
1004 494 1134 543 eunti,
1165 495 1228 532 cui
1246 497 1342 533 satis
1360 496 1507 549 ubique

51 548 254 585 materiae.
301 549 467 585 Bina.

162 612 205 655 4.
262 613 516 653 scribendum
551 614 718 653 arbitror
736 617 881 666 parvis
906 618 1084 656 maiora:
1134 618 1370 670 generaliter
1396 618 1504 657 enim

49 669 132 709 iam
146 670 339 723 loquitur,
382 683 482 710 mox
506 672 713 723 speciatim
729 671 778 710 de
798 685 841 710 se
860 674 960 724 ipso.
989 676 1156 713 BAn’rn.
1213 676 1343 713 Ruizii
1363 675 1504 713 lectio-

48 738 144 764 nem
170 726 463 765 immutandam
489 740 571 765 non
600 741 686 766 esse
710 741 864 767 censeo.
921 732 1018 768 Hor.
1043 730 1069 772 4
1093 734 1144 773 2:
1174 745 1335 782 operosa
1346 745 1504 782 parvus

50 783 377 835 carminafingo,
435 797 552 835 porro
576 797 627 821 ne
657 782 856 822 adsentior
883 786 1045 838 quidem
1062 786 1227 826 Barthio
1253 786 1399 825 dicenti
1426 786 1503 825 hoc

48 851 207 877 carmen
234 852 320 878 esse
344 839 630 877 dedicationem
655 842 908 893 sequentium
936 843 1127 881 librorum
1159 842 1208 881 de
1227 843 1413 882 laudibus
1431 846 1501 882 Iu·

46 895 154 934 stini.
211 897 247 934 si
269 895 655 934 commendationem
675 896 795 946 dicas,
823 910 906 935 non
924 899 1068 937 abnuo.
1124 901 1255 938 Foca-

158 962 200 1005 5.
257 964 504 1015 mensuram]
534 962 700 1001 modum
718 971 844 1002 notat.
875 966 932 1003 sic
954 966 1162 1017 aliquoties
1182 967 1224 1004 in
1241 967 1387 1005 libellis
1403 967 1501 1018 ipsis

44 1017 200 1058 locutus
221 1026 280 1058 est
299 1021 508 1066 Horatius:
547 1021 678 1057 metiri
702 1034 742 1057 se
763 1034 954 1072 quemque
973 1035 1042 1058 suo
1061 1022 1221 1060 modulo
1246 1037 1296 1060 ae
1306 1023 1410 1073 pede
1431 1037 1499 1060 ve·-

45 1090 137 1114 rum
157 1082 230 1123 est;
260 1075 367 1128 quod
383 1074 538 1113 alludit.
567 1077 734 1114 ΒΑΗ-ΓΗ.
791 1075 1037 1116 abundantes
1069 1085 1108 1116 et
1135 1079 1342 1116 effluentes
1358 1077 1499 1116 laudes

45 1133 140 1171 satis
158 1131 342 1170 indecore
363 1131 587 1182 transfusa-9
614 1131 737 1181 dixit,
777 1146 1005 1170 mensuram
1035 1140 1212 1172 statuens
1243 1136 1353 1172 velut
1384 1135 1500 1173 rebus

44 1188 179 1227 fluxis.
234 1195 274 1226 et
292 1189 335 1226 in
355 1188 501 1225 talibus
521 1195 625 1225 caret
643 1187 720 1226 hoc
739 1201 863 1239 genus
883 1188 1046 1237 iudicio,
1075 1190 1146 1226 ubi
1165 1192 1348 1228 acumina
1367 1197 1499 1228 traus-

42 1245 237 1283 lationum
257 1245 376 1282 etiam
396 1257 419 1281 a
437 1244 618 1282 futilibus
636 1245 755 1283 rebus
771 1244 940 1285 affectat.
969 1246 1134 1283 BARTH.
1192 1247 1373 1284 similiter
1392 1245 1499 1298 apud

42 1300 217 1340 Plinium
240 1303 291 1342 12
315 1303 367 1342 17
389 1302 442 1342 39
462 1314 642 1351 cupresso
648 1300 794 1351 fusae,
822 1299 902 1338 hoc
922 1307 981 1339 est
998 1313 1204 1354 expassae.
1261 1303 1393 1340 Foec.

155 1370 196 1411 6.
252 1379 348 1405 usus
375 1373 434 1404 est
462 1368 658 1418 participii
684 1380 738 1404 ex
764 1367 885 1404 sacris
906 1367 1046 1404 litteris
1065 1369 1211 1418 petitus
1229 1369 1295 1407 vel
1313 1367 1362 1406 de
1379 1381 1496 1420 grae-

43 1425 181 1463 cismo.
238 1422 310 1462 sed
328 1421 484 1476 phrasis
501 1436 611 1462 sacra
631 1424 674 1461 in
691 1422 768 1461 hoc
783 1429 940 1460 auctore
959 1424 1126 1474 singulis
1143 1425 1299 1476 paginis
1317 1432 1495 1478 apparet.

40 1482 207 1522 Bam-11.

151 1550 194 1589 7.
249 1554 329 1586 stat
342 1548 499 1601 fertilis
527 1546 669 1599 arbor]
711 1547 867 1586 iconem
900 1547 1020 1586 istam
1058 1547 1299 1600 expressisse
1338 1545 1494 1585 videtur

40 1607 159 1656 poeta
178 1616 231 1642 ex
248 1604 458 1656 prophetia
474 1605 652 1642 Danielis
672 1617 707 1641 c.
724 1603 767 1644 4.
822 1605 1049 1656 prolapsam
1064 1603 1293 1643 huiusmodi
1311 1603 1493 1642 arborem

41 1659 227 1698 describit
244 1661 348 1699 infra
375 1662 399 1702 1
427 1663 528 1710 228,
568 1662 610 1698 in
629 1662 831 1698 mentione
849 1662 987 1699 mortis
1004 1661 1225 1699 Iustiniani.
1257 1661 1382 1698 Βιττ.
1439 1673 1492 1696 ex

40 1717 111 1754 illo
132 1717 304 1755 Maronis
322 1723 404 1755 est:
499 1730 777 1768 nemorumque
796 1717 903 1764 Iovi,
929 1731 1032 1769 quae
1050 1719 1227 1755 maxima
1233 1716 1402 1768 fivndet
1422 1729 1492 1754 ae-

37 1772 187 1811 scula-s.
245 1774 411 1812 BAnTn.

151 1842 192 1882 8.
248 1854 463 1879 sac-rorum.
523 1847 703 1879 veterum
719 1840 1038 1891 superstitionem
1054 1840 1252 1892 insignem
1270 1839 1312 1876 in
1331 1839 1493 1876 arbores

34 1897 227 1949 lucosque
256 1910 374 1935 nemo
405 1903 464 1935 est
496 1898 566 1949 qui
591 1898 758 1947 ignoret.
817 1897 948 1934 Tacit.
978 1897 1124 1935 Annal.
1154 1897 1230 1938 14:
1271 1897 1390 1933 excisi
1407 1895 1492 1932 luci

37 1954 166 1992 saevis
185 1952 524 2004 superstitcbnibus
546 1954 663 1991 sacri.
681 1972 683 1974 ·
724 1965 916 2003 magnum
947 1954 1106 1992 consule
1136 1953 1338 2004 Lipsium,
1368 1964 1490 2003 quem

35 2021 118 2048 non
136 2010 332 2048 exscribo.
388 2010 509 2061 Apul.
528 2009 697 2061 Apolog.
723 2012 767 2051 1:
808 2010 969 2047 nullum
990 2012 1035 2048 in
1056 2009 1159 2047 villa
1178 2011 1260 2046 eius
1279 2007 1489 2046 delubrum

37 2067 175 2112 eitum,
194 2066 336 2103 nullus
350 2065 459 2103 loeus
474 2073 547 2103 aut
564 2066 680 2103 lucus
698 2073 956 2103 consecratus.
1017 2073 1220 2116 receptum
1234 2063 1341 2101 hunc
1356 2065 1488 2101 aGal-

36 2121 88 2161 lis
103 2123 225 2160 ritum
239 2122 456 2175 loquuntur
474 2121 656 2170 Druides,
688 2134 711 2159 a
732 2123 940 2160 Germanis
960 2129 1094 2160 auctor
1112 2122 1275 2159 Tacitus
1294 2119 1342 2157 de
1362 2121 1487 2157 mori-

34 2177 112 2217 Bus
130 2191 288 2227 eorum,
318 2178 367 2216 ab
388 2176 498 2216 Indis
518 2179 564 2224 Q.
586 2179 740 2215 Curtius
761 2178 831 2215 lib.
853 2180 901 2219 8:
931 2178 1022 2215 deos
1033 2184 1187 2228 putant
1207 2175 1400 2228 quicquid
1420 2189 1486 2213 co·

38 2233 116 2274 lere
133 2241 358 2286 coeperunt,
388 2233 545 2271 arbores
564 2235 751 2279 maxime,
781 2247 882 2285 quas
902 2234 1052 2272 violare
1069 2234 1198 2284 nefas.
1259 2231 1308 2270 de
1335 2234 1486 2269 Roma-

37 2292 101 2330 nis
117 2293 206 2344 quis
224 2296 386 2344 quaeret
407 2288 622 2341 exempla?
662 2291 789 2327 multa
815 2289 917 2327 mihi
946 2289 1050 2327 dicta
1076 2289 1126 2327 ad
1154 2287 1258 2326 illud
1277 2287 1485 2327 Claudiani

38 2345 89 2386 de
105 2346 214 2386 laud.
234 2344 388 2388 Stilich.
415 2350 461 2389 1:
499 2346 685 2397 lucosque
709 2353 862 2383 vetusta
886 2346 1076 2397 religione
1105 2353 1249 2391 truces,
1288 2352 1324 2382 et
1343 2344 1485 2382 robora

30 2405 212 2442 numinis
229 2405 366 2441 instar.
428 2401 532 2440 addo
561 2401 628 2439 hio
655 2409 829 2451 tantum,
866 2403 910 2439 in
931 2403 1108 2440 fontibus
1131 2399 1401 2450 altitudinem,
1439 2402 1483 2437 in

36 2458 137 2498 heis
155 2461 389 2512 opacitatem
403 2465 593 2497 terrorem
610 2459 652 2496 in
670 2459 813 2496 animis
832 2460 1046 2510 agrestium
1055 2457 1311 2510 produxisse,
1335 2470 1387 2495 ex
1403 2468 1482 2508 quo

37 2516 210 2567 primum
234 2514 396 2568 quidem
423 2516 706 2563 consternatio,
754 2527 852 2552 mox
884 2517 1104 2553 reverentia
1134 2522 1173 2553 et
1203 2515 1330 2552 cultus
1359 2519 1484 2552 ortus,

38 2577 192 2622 praeter
207 2571 400 2610 Senecam
416 2572 599 2611 Servium
619 2583 665 2609 ac
681 2571 853 2610 Statium
862 2570 1100 2609 Prudentius
1115 2572 1158 2608 in
1174 2567 1406 2623 Symmach.
1433 2571 1450 2607 1
1467 2579 1480 2603 ε

38 2639 147 2678 quos·
149 2640 270 2678 penes
284 2641 396 2666 omne
411 2642 570 2666 sacrum
588 2635 660 2674 est,
690 2627 884 2680 quicquid
886 2628 1066 2680 formido
1088 2627 1330 2664 tremendum
1345 2636 1481 2662 suase-

34 2683 105 2720 rit.
162 2684 290 2724 valer.
305 2684 434 2723 Flacc.
450 2686 666 2736 Argonaut.
685 2687 710 2724 3
723 2695 738 2721 z
766 2691 885 2735 utque
902 2692 1048 2722 metum
1067 2695 1288 2734 numenque
1310 2681 1393 2718 loeo
1412 2691 1481 2714 sa-

41 2750 225 2792 cramque
244 2740 408 2792 quietem
429 2740 599 2778 addidit.
661 2739 736 2779 Sil.
755 2741 843 2780 Ital.
868 2743 895 2782 2
910 2770 920 2790 ,
963 2739 1216 2791 corrigendus
1234 2738 1314 2776 levi
1333 2747 1454 2774 mauu
1467 2745 1499 2771 ε»
