1702 3060
434 118 510 160 DE
542 116 816 162 LAUDIBUS
848 116 1069 161 IUSTINI.
1376 110 1476 157 407

27 226 144 266 «aliani
165 227 297 266 locum
323 225 513 280 adscripsi
529 241 611 267 non
629 234 674 266 ut
690 229 847 279 publice
866 228 936 265 ille
958 239 1063 264 nunc
1075 255 1085 274 ,
1115 222 1186 262 sed
1203 229 1247 261 ut
1265 224 1306 260 in
1322 235 1385 260 ms
1409 235 1477 260 co—

27 282 121 323 ·:lioe
149 278 315 335 legitur,
345 297 466 336 quem
492 298 565 323 nos
594 285 780 322 collatum
806 297 896 322 cum
923 284 1011 321 aliis
1032 281 1084 319 ad
1103 279 1318 320 secundam
1335 278 1478 317 editio-

30 352 128 378 »ηοω
149 341 477 379 examinavimus.
533 343 698 379 But-ru.

51 406 66 412 “’
145 395 215 438 86.
270 398 489 435 miserrime
516 395 582 435 hic
611 409 747 434 versus
775 395 1048 443 truncabatur,
1091 395 1149 432 sic
1176 394 1219 431 iu
1246 392 1480 443 exemplarig

28 463 114 505 -quo
143 464 234 490 sum
259 466 374 502 usus,
413 460 645 505 conceptus:
689 466 775 497 noe,
818 454 886 488 cui
914 451 1069 496 nullus,
1105 451 1165 487 ait
1201 449 1327 495 salve,
1349 455 1481 499 pater,

30 508 190 546 restitui
207 507 283 546 hoc
302 516 440 560 pacto:
470 523 540 547 nos
563 510 671 561 queis
690 507 806 545 nulla
826 507 938 544 salus
957 509 1040 543 sine
1060 514 1109 543 te.
1142 507 1328 544 Drmrs’r.
1390 518 1485 542 con-

29 565 246 602 *taminatus
275 578 360 603 esse
386 564 460 603 hos
491 579 628 604 versus
648 578 710 602 res
733 565 819 615 ipsa
837 565 1108 601 testimonium
1129 561 1237 599 dicit.
1295 575 1391 599 nam
1410 575 1486 598 ex-

30 619 230 672 ffplefiones
255 621 478 672 interpretis
508 620 611 658 nihil
639 634 772 658 moror
795 619 871 658 hoc
899 621 1012 657 loco:
1053 626 1144 657 sunt
1182 621 1289 656 enim
1316 619 1487 655 nimium

28 675 290 715 confidentes.
348 684 497 715 certum
522 685 680 725 autem,
719 675 840 728 idque
873 689 987 714 caeco
1019 683 1152 728 patere
1182 682 1332 727 potest,
1375 687 1486 712 com-

28 730 224 771 smendare
254 733 414 785 Corippi
445 746 511 771 ore
539 735 735 772 Iustinum
762 733 970 770 caelestem
1001 734 1145 780 vitam,
1185 745 1369 782 spernere
1402 732 1487 768 eius

27 790 326 840 comparatione
347 792 466 828 istam
486 789 675 828 caducam
692 795 730 826 et
747 791 1013 827 transituram.
1070 787 1173 826 illud
1195 801 1288 825 vero
1317 801 1398 825 non
1423 788 1487 825 vi-

26 843 96 882 -dit
119 843 309 884 hactenus
335 847 554 898 quispiam,
585 847 711 884 solem
740 846 950 883 caelestem
975 846 1089 882 illum
1112 847 1154 882 in
1179 843 1254 882 hac
1278 856 1485 895 compara-

35 901 142 939 tione
173 900 303 940 dicere
330 901 450 940 deum
475 904 626 954 ipsum,
655 915 794 940 verum
818 904 1007 939 nimirum
1028 903 1131 938 vitae
1158 902 1296 939 solem.
1356 908 1395 937 at
1416 900 1485 937 ubi

35 953 112 995 hoc
129 959 364 1007 constiterit,
394 965 439 996 ut
458 966 635 996 constare
655 959 793 995 lectori
814 957 957 994 debet?
991 957 1224 994 inducemus
1242 958 1358 994 illum
1374 957 1485 994 nullo

0 1005 2 1050 Ϊ
34 1015 217 1064 negotio,
246 1021 290 1051 ut
317 1015 501 1052 voculam
527 1028 598 1052 nos
626 1016 808 1066 sequenti
837 1027 955 1051 versu
985 1015 1104 1050 etiam
1124 1021 1345 1064 corruptam
1367 1011 1485 1060 dicat,

34 1076 105 1107 aut
137 1071 355 1108 consentiat
384 1070 615 1108 dicentibus.
674 1070 822 1107 scribe:
867 1077 902 1106 et
918 1070 1074 1120 frueris
1098 1069 1254 1106 meliore
1284 1069 1372 1115 die,
1412 1068 1486 1105 sub

33 1124 184 1163 lumine
197 1126 309 1172 solis,
337 1140 415 1164 nox
433 1129 501 1164 cui
512 1127 629 1164 nubta
647 1128 765 1163 suvit.
826 1139 900 1163 nec
919 1139 1011 1163 vero
1028 1128 1259 1163 inusitatum
1279 1127 1343 1163 vel
1366 1127 1487 1163 sacris

34 1176 176 1220 litteris
197 1183 264 1220 vel
287 1183 378 1221 aliis
404 1184 481 1235 piis
502 1183 754 1234 scriptoribus
778 1183 906 1220 solem
930 1181 1059 1219 dicere
1086 1181 1219 1219 deum.
1268 1194 1378 1219 sacra
1399 1183 1487 1219 loca

34 1238 216 1276 cuivisin
233 1246 432 1290 promptu.
489 1238 680 1277 Boethius
705 1239 863 1276 Consol.
884 1238 909 1279 5
939 1241 987 1279 2:
1019 1252 1097 1275 uno
1124 1238 1265 1274 mentis
1295 1239 1419 1274 cernit
1444 1239 1488 1275 in

34 1294 142 1340 iem,
171 1308 273 1346 quae
298 1297 404 1342 sint,
433 1309 536 1346 quae
552 1296 716 1347 suerint
746 1296 983 1346 veniantque
992 1309 1010 1342 ;
1040 1308 1180 1346 quem,
1210 1295 1305 1345 quia
1332 1295 1490 1344 respicit

35 1351 170 1388 omnia
198 1351 330 1397 solus,
367 1365 505 1389 verum
527 1353 658 1402 possis
690 1351 816 1388 dicere
845 1351 978 1388 solem.
1044 1350 1288 1388 Gaudentius
1320 1352 1491 1388 Tracta-—

34 1407 143 1445 tione
169 1407 217 1447 1:
257 1407 459 1458 oportebat
485 1410 589 1445 enim
614 1407 734 1445 solem
765 1408 938 1444 iustitiae
968 1406 1167 1444 Christum
1192 1413 1227 1442 et
1248 1406 1491 1443 Iudaeorum

35 1462 250 1514 caliginem
279 1470 317 1500 et
340 1465 510 1516 rigorem
545 1464 793 1509 Gentilium,
827 1470 920 1500 ante
957 1463 1137 1500 ardorem
1163 1463 1305 1514 ficturi
1333 1463 1491 1508 iudicii,

28 1518 195 1570 placido
212 1521 502 1557 resurrectionis
518 1534 614 1557 suae
631 1520 779 1557 lumine
798 1520 1006 1557 dimovere.
1047 1518 1266 1557 Tichonius
1284 1520 1421 1570 regula
1438 1523 1463 1560 7
1476 1531 1489 1555 ε

35 1576 95 1614 8130
130 1581 169 1612 et
199 1575 387 1614 'dominus
411 1577 507 1614 deus
534 1583 663 1613 noster
696 1577 807 1613 Iesus
843 1576 1030 1615 Christus·-
1048 1575 1110 1613 sol
1131 1583 1312 1612 aeternus
1329 1582 1490 1626 partem

35 1634 378 1682 &mamper-currit,
407 1633 512 1670 unde
528 1640 564 1669 et
579 1633 842 1669 meridianum
863 1639 990 1669 vocat.
1023 1633 1155 1682 Drogo
1177 1631 1224 1668 de
1244 1638 1489 1669 sacramento

35 1689 232 1739 passionis
246 1688 318 1725 lib.
333 1691 352 1729 1
366 1700 376 1726 :
408 1688 543 1726 beatus·
560 1697 710 1734 autem,
731 1690 803 1740 qui
817 1689 961 1740 vigilat
976 1688 1033 1725 ad
1045 1695 1339 1725 monumentum
1356 1695 1489 1732 tuum,

36 1750 77 1781 et
101 1744 272 1782 custodit
300 1751 354 1790 te,
383 1752 422 1781 et
452 1745 628 1782 luctatur
654 1759 770 1782 mane
794 1759 886 1782 cum
903 1744 1065 1796 Angelo
1083 1745 1390 1790 resurrectionis,
1418 1757 1493 1780 nec

36 1799 202 1838 dimittit
221 1813 329 1847 eum,
358 1801 481 1838 donec
501 1802 644 1839 audiat
661 1801 822 1853 aliquid
838 1801 886 1838 de
903 1803 1059 1838 nomine
1083 1802 1183 1846 eius,
1212 1800 1321 1851 quod
1339 1807 1394 1837 est
1410 1801 1490 1837 mi-

35 1855 189 1902 rabile,
230 1863 277 1893 ut
297 1863 335 1893 et
357 1871 498 1895 nomen
524 1857 645 1896 Iacob
669 1864 926 1895 commutetur
944 1858 988 1893 in
1011 1857 1163 1902 Israel,
1200 1864 1236 1892 et
1261 1857 1489 1893 transmisso

37 1925 156 1949 amne
194 1912 341 1950 doloris
375 1915 511 1951 statim
541 1915 694 1951 oriatur
721 1915 757 1951 ei
783 1914 844 1950 sol
874 1914 1062 1951 iustitiae.
1122 1912 1248 1950 Idiota
1279 1912 1348 1949 lib.
1382 1915 1401 1952 1
1439 1911 1490 1948 de

39 1980 175 2006 amore
205 1967 364 2007 divino:
403 1984 426 2007 o
455 1970 609 2008 domine
637 1971 728 2007 Iesu
763 1970 940 2015 Christe,
983 1969 1068 2015 sol,
1098 1969 1202 2006 unde
1214 1969 1359 2018 fluunt
1384 1967 1494 2004 radii

38 2025 202 2071 amoris,
231 2032 383 2076 quanta
413 2027 573 2063 insania
592 2026 740 2077 plenus
770 2033 827 2063 est
853 2026 923 2062 ille
941 2027 1013 2077 qui
1034 2025 1275 2062 solummodo
1297 2038 1336 2060 se
1359 2024 1490 2074 ipsum

37 2082 179 2118 anun!
214 2082 430 2120 Martianus
450 2084 611 2134 Capella
632 2096 703 2134 per
721 2083 846 2120 solem
866 2083 982 2119 illum
1003 2081 1082 2118 diei
1099 2083 1408 2118 illuminatorem
1429 2080 1493 2115 al-

8 2152 25 2173 ·.
38 2143 169 2174 terum
195 2149 334 2174 verum
362 2139 488 2176 solem
516 2140 707 2176 innuens:
739 2152 855 2189 quem
882 2139 1058 2176 vocitant
1082 2137 1200 2174 solem
1224 2137 1355 2181 Latii,
1386 2134 1497 2186 quod

37 2191 148 2229 solus
162 2191 306 2230 honore
319 2201 415 2243 post
425 2202 585 2245 patrem
604 2197 658 2232 sis
679 2194 780 2231 lucis
798 2208 913 2245 apex.
974 2195 1147 2231 Iustinus
1166 2193 1421 2230 Confessione
1441 2191 1493 2228 de

37 2247 258 2286 Trinitate:
302 2247 407 2290 οὕτω
446 2266 514 2301 μοι
543 2247 630 2291 νόει
660 2248 727 2290 τὸν
759 2253 832 2301 τῆς
861 2247 1119 2300 δικαιοσύνης
1148 2246 1263 2300 ἥλιον
1291 2250 1389 2288 πᾶσι
1418 2245 1492 2298 μὲν

39 2302 180 2355 ἐπίσης
209 2300 301 2344 κατ’
331 2301 474 2346 οὐσίαν
509 2303 576 2346 ἅτε
606 2304 656 2357 δή
687 2302 789 2346 θεὸν
818 2304 923 2347 ὄντα.
982 2307 1206 2357 pariterque
1236 2305 1306 2341 alii
1334 2303 1492 2341 infiniti.

39 2361 206 2398 BARTH.
277 2362 387 2399 savit
412 2363 573 2414 antiqua
602 2363 791 2413 scriptura
823 2362 930 2399 subit
951 2363 1070 2399 valet.
1109 2363 1275 2399 BAn’rn.
1350 2359 1496 2398 horum

39 2427 227 2455 versuum
242 2418 450 2455 mirificam
470 2420 755 2456 restitutionem
769 2418 931 2456 Barthio
950 2417 1083 2456 debes.
1140 2419 1272 2455 Foco.

152 2474 220 2513 36.
276 2474 380 2511 vale.
441 2476 665 2514 Brissonius
686 2482 725 2512 et
747 2476 815 2512 alii
832 2475 1068 2512 fot-mulares
1087 2475 1129 2510 in
1146 2473 1350 2511 funeribus
1375 2479 1491 2509 nota-

42 2534 135 2566 runt
155 2541 240 2566 esse
262 2527 335 2568 has
354 2543 493 2579 voces,
523 2531 650 2577 salve,
680 2531 783 2569 vale.
843 2530 1037 2569 Artemid.
1060 2534 1080 2571 1
1112 2532 1190 2578 85,
1219 2531 1320 2567 Aen.
1346 2530 1392 2568 11
1423 2529 1491 2574 97,

42 2585 187 2622 Donat.
215 2594 423 2636 grammat.
442 2589 485 2625 in
507 2587 701 2626 Andriam
720 2595 793 2625 act.
815 2587 842 2630 4
866 2601 919 2626 sc.
940 2590 988 2636 2,
1020 2588 1131 2626 Serv.
1151 2585 1202 2623 ad
1221 2588 1321 2623 Aen.
1343 2587 1391 2625 3:
1421 2596 1491 2619 su-

36 2653 222 2693 premum
239 2654 332 2679 voce
351 2645 509 2682 ciemus.
540 2646 726 2683 Dssmrs'r.
785 2643 838 2682 ad
856 2651 1035 2682 veterum
1053 2643 1405 2680 conclamationem
1425 2651 1490 2674 re-

44 2697 217 2747 spiciunt
247 2697 358 2737 salve
383 2706 423 2738 et
450 2700 553 2738 vale.
613 2701 801 2752 Virgilius
819 2703 870 2742 2:
899 2700 1011 2739 salve
1037 2706 1239 2736 aeternum
1258 2695 1373 2741 mihi,
1402 2707 1491 2730 ma-

45 2752 150 2790 xime
166 2753 311 2801 Paua,
334 2762 611 2809 aeternumque
628 2757 735 2804 vale,
764 2756 872 2810 quod
896 2770 990 2796 vero
1014 2756 1070 2794 ait
1087 2754 1197 2793 idem
1216 2759 1493 2800 aeternumque
