1702 3060
267 167 360 210 3186
677 164 859 206 NOTAE
891 163 949 205 IN
983 162 1192 204 LIBRUM
1221 161 1262 204 II

264 273 432 308 referunt
460 271 613 313 biennio
640 276 727 319 post
755 267 852 311 haec
881 270 923 306 iu
941 267 1229 319 expeditionem
1249 273 1379 316 contra
1399 268 1669 319 Eongobardos

264 329 436 372 missum,
466 326 547 360 acie
566 325 711 361 victum
727 326 847 361 vitam
863 324 1020 361 finiisse.
1049 323 1137 361 vide
1153 324 1222 360 lib.
1244 326 1278 362 1.
1306 324 1487 361 ΒεΜΡεΤ.
1526 337 1669 366 nomen

261 387 458 429 corruptus
479 392 530 415 ex
555 380 759 416 Bandan·o
780 379 944 416 videtur.
1002 380 1056 416 sic
1080 379 1183 415 enim
1204 377 1370 422 eundem
1389 379 1516 415 virum
1534 380 1668 429 appel-

259 437 313 471 lat
332 433 523 471 Iohannes
540 435 783 472 Biclariensis
803 436 844 470 in
856 433 1042 471 Chronico
1059 447 1160 470 anno
1186 437 1231 473 lO
1249 434 1384 470 Iustini
1399 444 1410 470 τ
1441 433 1668 478 Bandarius

253 503 373 539 gener
383 490 527 526 Iastini
536 491 728 539 principis
743 489 1048 539 aLongobardis
1062 488 1207 538 proelio
1225 489 1394 525 vincitur
1409 494 1445 524 et
1455 501 1532 524 non
1548 487 1668 525 multo

252 552 343 593 post
361 544 597 591 vitaeflnem
615 546 770 593 accipit.
832 551 965 596 estque
990 557 1156 590 nomen,
1194 549 1238 579 ut
1263 544 1447 594 pleraque
1475 544 1556 579 eius
1584 545 1667 580 aevi

258 601 400 646 omnia,
427 612 449 635 a
467 598 651 648 dignitate
673 599 899 643 deductum:
929 612 1020 636 nam
1040 597 1188 650 βάνὸον
1210 599 1398 641 vexillum
1422 604 1490 645 est,
1521 595 1569 634 de
1591 610 1664 648 quo

255 653 344 690 vide
363 660 493 690 notata
516 653 783 691 eruditissimis
803 655 894 691 viris
914 653 1078 691 Iohanni
1097 655 1264 690 Meursio
1291 656 1333 698 in
1352 653 1480 690 lexico
1501 653 1666 690 Graeco-

254 709 415 745 barbaro
441 715 479 744 et
499 710 561 745 Fr.
582 708 837 758 Lindebrogio
867 708 918 751 ad
943 710 1126 746 Paullum
1144 706 1451 745 warnefridum.
1506 709 1666 744 BAn'rn.

255 764 305 800 al.
324 763 559 808 Βίιίιιανίιιε,
594 764 786 800 Βίιίιινιίιε
803 771 872 799 etc.
899 765 1005 801 cuius
1031 764 1197 800 nominis
1223 764 1408 812 magister
1433 763 1602 806 militum
1625 763 1666 798 in

254 816 413 867 Scythia
433 819 635 855 Iustiniani
654 831 689 855 a.
716 821 763 858 12
784 826 1018 855 memoratur
1040 831 1062 854 a
1082 817 1345 868 Theophane,
1375 824 1414 855 et
1430 818 1566 855 Iustini
1587 829 1623 853 a.
1639 819 1665 858 8
1696 857 1700 859 μ

252 871 411 923 quidam
430 886 556 910 comes
573 874 714 910 stabuli
736 875 993 923 imperatorii,
1035 874 1101 924 qui
1120 873 1166 908 ab
1186 871 1323 910 eodem
1340 870 1581 922 Theophane
1598 874 1666 908 Iu-
1690 925 1695 928 ὲ

250 929 340 964 stini
361 928 478 964 frater
496 929 683 978 appellari
703 927 867 965 videtur.
924 941 1057 964 verum
1077 926 1334 973 Baduarim,
1371 929 1479 973 cuius
1496 926 1559 964 hic
1579 939 1665 962 me·-

247 983 361 1018 minit
388 983 592 1031 Corippus,
634 983 680 1018 ab
706 989 869 1032 utroque
901 981 1142 1031 distinguunt
1170 988 1254 1018 tum
1284 979 1420 1018 viridis
1452 988 1555 1018 aetas
1580 988 1665 1018 tum
1698 983 1700 985 ’

250 1036 416 1085 dignitas
435 1037 690 1085 curopalatae.
747 1049 769 1072 a
791 1038 935 1073 Iustino
958 1050 1045 1073 cum
1064 1038 1235 1073 exercitu
1249 1037 1390 1073 missus
1410 1043 1540 1072 contra
1558 1037 1665 1072 Lon-

249 1091 438 1141 gobardos
458 1092 505 1127 ab
525 1090 585 1127 his
607 1093 730 1127 victus
750 1098 820 1138 est,
851 1098 887 1128 et
904 1104 982 1128 non
999 1092 1122 1128 multo
1143 1099 1230 1141 post
1248 1092 1343 1128 obiit
1361 1104 1396 1127 a.
1416 1093 1509 1132 576.
1537 1092 1663 1128 Foca-

357 1146 452 1186 285.
507 1147 643 1195 soceri]
682 1144 755 1182 hoc
785 1152 861 1192 est,
911 1147 1033 1196 ipsius
1062 1147 1304 1196 imperatoris
1338 1147 1476 1182 Iustini
1491 1173 1501 1192 ‚
1556 1147 1663 1184 cuius
1698 1187 1702 1192 Ὗ

246 1200 368 1237 filiam
387 1199 572 1236 Arabiam
593 1199 807 1237 Baduarius
825 1202 962 1237 iamin
979 1214 1142 1237 uxorem
1161 1207 1370 1250 acceperat.
1426 1202 1554 1247 Foco.

354 1256 447 1295 291.
498 1254 652 1303 pallere
676 1255 802 1291 sidera
829 1256 1024 1305 eleganter
1050 1255 1168 1303 dixit,
1207 1269 1305 1306 quae
1330 1262 1549 1305 comparata
1575 1267 1664 1291 cum
1701 1272 1702 1275 ¹

245 1309 468 1346 clarioribus
486 1310 615 1346 minus
634 1309 764 1346 lucida
785 1309 975 1347 videntur.
1034 1312 1088 1347 sic
1105 1312 1224 1353 Varro
1241 1311 1424 1347 Atacinus
1437 1339 1446 1357 ,
1488 1309 1605 1348 modo
1628 1311 1662 1346 is

243 1364 303 1412 sit,
335 1363 382 1400 de
397 1364 512 1400 luna:
546 1391 627 1401 .....
650 1379 738 1401 cum
758 1365 886 1401 videre
910 1379 1017 1402 cas-so
1039 1365 1238 1414 pallescat
1261 1371 1354 1402 teres
1381 1364 1519 1400 ambra
1539 1371 1657 1400 rotae.

243 1425 281 1455 et
309 1417 448 1456 eodem
475 1418 601 1456 tabere
626 1433 712 1456 eum
728 1420 932 1470 ficlgorem
954 1419 1064 1460 dicit:
1090 1433 1407 1470 purpureumque
1427 1418 1543 1458 iubar
1561 1419 1666 1458 nivei
1686 1429 1702 1460 Ἴ1

241 1487 311 1510 car
333 1474 464 1517 tabeat
481 1476 571 1510 oris.
630 1477 799 1518 BAnTn„

349 1531 443 1569 292.
499 1529 636 1579 Papin.
657 1529 785 1567 Theb.
810 1531 857 1570 9:
887 1537 922 1565 et
940 1529 1113 1579 afflatas
1132 1537 1258 1567 ortam
1286 1529 1402 1566 iubar
1429 1529 1556 1576 inficit
1573 1528 1662 1565 her-

241 1581 323 1619 bas.
383 1585 566 1621 Dmu‘s'r.

349 1636 441 1678 294.
498 1639 698 1676 lucernam
726 1640 882 1689 signum
910 1638 1150 1675 Circensium
1175 1639 1259 1676 vult
1284 1639 1426 1686 fuisse,
1461 1636 1581 1689 idque
1609 1650 1661 1675 ex

238 1705 345 1739 more
370 1700 544 1743 recepto,
586 1692 691 1745 quod
718 1693 817 1731 mihi
835 1695 959 1731 fateor
978 1706 1174 1745 nusquam
1188 1694 1353 1741 lectum,
1397 1692 1506 1744 quod*
1525 1694 1660 1732 sciam.

236 1759 329 1783 nam
348 1747 493 1784 lineam
522 1762 545 1785 a
567 1755 742 1798 praetore
766 1756 969 1786 extensam
994 1748 1289 1787 indicendorum
1315 1748 1499 1786 ludorum
1526 1755 1660 1785 notam

236 1808 356 1851 patet,
387 1809 430 1838 ut
452 1809 489 1839 et
505 1817 692 1852 mappam
767 1803 814 1840 de
832 1806 935 1840 linea
949 1805 1115 1844 Martial.
1135 1806 1161 1844 8
1178 1807 1256 1845 78:
1297 1805 1420 1841 omnis
1445 1802 1563 1840 habet
1585 1815 1659 1839 saa

235 1856 340 1893 dona
358 1856 455 1900 dies,
484 1870 554 1893 nec
574 1858 680 1894 linea
695 1859 802 1895 dives
823 1865 963 1902 cessat,
993 1865 1030 1894 et
1043 1861 1085 1895 in
1099 1859 1268 1908 populo-s·
1287 1859 1413 1895 multa
1428 1859 1571 1907 rapina
1589 1871 1659 1894 ca-

236 1910 305 1947 dit.
338 1909 416 1954 huc
437 1910 595 1948 trahunt
612 1911 712 1948 illud
732 1912 859 1951 Ovidii
880 1912 928 1949 de
939 1915 1032 1949 Arte
1053 1917 1096 1953 1:
1127 1921 1163 1949 et
1180 1913 1272 1950 bene
1287 1921 1323 1950 te
1341 1914 1460 1964 cogit,
1488 1914 1524 1950 si
1542 1912 1657 1956 nolit,

236 1965 340 2002 linea
357 1967 483 2016 iungi.
523 1973 561 2003 et
584 1969 718 2004 Amor.
743 1970 766 2007 3
785 1971 831 2009 2:
864 1967 1127 2017 qzcidfiastra
1144 1968 1323 2018 refugis?
1350 1969 1454 2018 cogit
1465 1981 1534 2004 nos
1552 1967 1658 2013 linea

235 2021 361 2070 iungi.
423 2021 580 2067 Servius
606 2021 656 2058 ad
675 2023 774 2059 Aen.
803 2022 827 2062 5
850 2024 952 2062 316:
990 2023 1169 2072 regulam
1197 2030 1269 2059 aut
1291 2023 1449 2072 signum
1478 2022 1525 2058 de
1551 2028 1656 2058 creta

223 2075 388 2125 fizctam
421 2078 586 2125 exponit.
656 2077 744 2113 alii:
784 2076 945 2127 longam
978 2078 1135 2114 sedendi
1161 2078 1351 2122 ordinem,
1393 2090 1470 2114 non
1497 2078 1656 2126 signum

233 2131 522 2167 commissionis.
581 2130 763 2181 Rodigin.
794 2131 818 2171 5
852 2131 916 2172 14.
974 2131 1022 2168 de
1050 2145 1192 2183 mappa
1221 2134 1307 2183 quis
1335 2138 1424 2182 post
1442 2138 1498 2168 tot
1521 2131 1654 2170 doctos

235 2183 366 2221 dicat?
396 2192 440 2222 tu
463 2187 540 2223 tiro.
566 2185 632 2223 adi
659 2186 709 2223 ad
724 2187 926 2224 Novellam
944 2189 1147 2224 Iustiniani
1174 2188 1250 2228 105
1273 2187 1502 2230 Tumebum
1522 2188 1572 2227 18
1599 2188 1653 2226 33

235 2237 444 2276 dictionem
463 2242 626 2291 punicae
647 2255 729 2279 esse
750 2243 930 2291 originis,
970 2241 1136 2294 ideoque
1164 2244 1285 2279 serius
1312 2243 1355 2278 in
1380 2242 1515 2279 urbem
1538 2242 1653 2277 inve-

234 2300 336 2331 ctam
364 2293 489 2332 disces
519 2309 570 2334 ex
599 2297 833 2342 Quintiliano
870 2301 889 2337 1
925 2296 964 2338 5.
1020 2310 1106 2336 mos
1131 2298 1201 2335 sub
1225 2299 1375 2334 Nerone
1397 2294 1651 2343 introductus,

235 2348 450 2386 Cassiodor-
473 2354 497 2390 3
522 2364 582 2400 ep.
603 2351 669 2391 51.
724 2352 949 2389 mittebatur
963 2365 1106 2403 mappa
1122 2351 1219 2390 haec
1235 2364 1258 2388 a
1274 2357 1461 2402 praetore,
1489 2350 1653 2398 Tertul-

233 2404 326 2440 lian.
348 2403 395 2440 de
415 2411 582 2454 spectac.
611 2419 643 2442 c.
665 2408 729 2446 16.
786 2408 952 2444 Martial.
984 2411 1035 2448 12
1063 2410 1137 2449 29:
1169 2412 1535 2456 praetostcretatam
1562 2418 1652 2441 cum

234 2457 347 2494 vellet
373 2460 518 2495 mittere
545 2473 748 2509 mappam,
778 2463 955 2511 praetori
982 2475 1168 2511 mappam
1193 2461 1355 2510 surripit
1369 2461 1646 2510 Hermogenes.

233 2514 405 2550 luvenal.
431 2515 503 2553 11:
532 2515 676 2552 interea
688 2511 979 2566 Megalesiacae
996 2516 1218 2566 spectacula
1233 2528 1413 2565 mappae.
1471 2528 1545 2555 nec
1561 2521 1651 2551 tan-

233 2575 318 2606 tum
336 2581 359 2607 a
376 2575 551 2619 praetore
570 2570 792 2611 mittebatur
810 2584 970 2622 mappa,
1015 2570 1086 2608 sed
1112 2569 1310 2607 interdum
1337 2571 1454 2608 etiam
1483 2582 1506 2606 a
1524 2568 1648 2617 dicta-

232 2629 328 2662 tore.
383 2625 468 2667 LiV.
490 2625 536 2664 8:
561 2632 735 2674 praetore
747 2627 868 2675 gravi
879 2625 1008 2663 morbo
1026 2626 1191 2670 detento,
1219 2625 1384 2662 dictator
1402 2627 1446 2662 in
1467 2623 1648 2675 Megale-

232 2678 469 2728 siacisladis
486 2692 671 2729 mappam
689 2681 804 2717 misit.
861 2687 898 2717 et
919 2694 942 2718 a
961 2682 1113 2718 liberto.
1166 2682 1326 2718 Sueton.
1343 2681 1386 2716 in
1398 2681 1552 2727 Nerone.
1570 2680 1646 2718 22:

231 2733 365 2785 aliquo
383 2731 516 2781 liberto
532 2735 700 2774 mittente
715 2748 918 2786 mappam,
946 2736 1050 2774 ande
1067 2737 1320 2786 magistratus
1340 2735 1473 2773 solent.
1534 2732 1646 2770 deni-

1700 1334 1702 1359 1

1701 1387 1702 1415 l
