1702 3060
282 161 378 209 434
554 157 559 162 “
684 163 870 206 NOTAE
901 161 960 205 1N
990 149 1201 204 mem
1231 162 1294 205 111

372 267 486 311 295.
541 269 584 304 in
592 269 746 319 fluctu]
776 269 882 319 prius
902 270 1154 318 emtflactus.
1212 271 1334 307 Rrrr.
1489 297 1492 302 .

392 325 486 364 300.
542 326 752 374 repositum
774 331 834 361 est
853 325 948 361 [εἰνὶ
967 325 1051 362 loco
1068 326 1190 371 astri,
1217 324 1324 377 quod
1343 323 1603 375 legebamuin
1619 337 1694 362 ms.

279 382 402 417 Rmz.

389 436 482 474 303.
537 446 674 469 annua
702 432 865 484 solatia]
895 433 950 470 sic
969 440 1081 471 vocat
1099 447 1259 471 munera
1277 433 1488 480 solemnia,
1517 444 1616 483 quae
1631 433 1695 468 in-

280 490 339 525 fra
366 501 405 524 v.
424 488 504 528 350
529 489 704 538 provisa,
731 490 850 538 vulgo
877 490 1116 537 provistbnes
1147 489 1347 536 dicuutur3
1376 494 1488 526 vocat
1514 489 1632 524 etiam
1655 500 1696 525 v.

281 543 362 585 347
381 549 527 592 pacta,
557 550 596 580 et
622 556 659 579 v.
681 541 761 583 349
793 545 910 580 dona.
968 544 1110 580 solatia
1134 546 1175 580 iu
1204 543 1278 580 hac
1307 543 1586 594 significatione
1616 554 1696 579 non

280 610 366 634 raro
393 599 561 647 reperias
587 600 705 634 etiam
723 599 764 633 in
783 599 865 634 iure
885 605 1014 635 nostro
1027 628 1037 646 ,
1069 606 1113 635 ut
1126 602 1167 636 in
1185 600 1214 635 l.
1237 601 1284 638 13
1304 596 1327 649 ξ
1353 602 1368 638 1
1386 610 1527 634 comm.
1541 595 1693 647 praed„

280 653 348 688 ubi
366 653 537 689 Alciatus
556 653 746 689 salariam
764 652 974 702 legendum
993 660 1114 703 putat,
1134 667 1156 690 a
1175 667 1250 704 quo
1269 653 1594 703 significationum
1615 650 1694 687 dif-

278 708 443 744 ferentia
470 721 540 743 uos
569 709 672 756 cogit
703 706 919 745 dissentire.
977 715 1016 744 et
1040 721 1109 759 pro
1137 709 1329 745 alimentis
1353 715 1392 744 et
1407 707 1558 745 salariis
1575 707 1694 743 etiam

277 763 456 812 usurpari
483 763 727 799 observatum
752 775 774 798 a
804 764 896 799 viris
917 762 1075 800 eruditis
1095 765 1136 799 in
1154 762 1238 800 cod.
1258 762 1412 800 Theod.
1432 764 1491 799 tit.
1514 759 1563 798 de
1579 762 1693 797 navi-

279 817 397 853 cular.
425 817 452 852 l.
482 820 557 858 32:
598 817 748 853 solatiis·
777 830 854 866 pro
885 818 1104 854 mercedula
1130 819 1340 868 praestiti-s.
1398 819 1453 854 ita
1483 814 1695 866 legendum.

278 884 432 922 quoque
450 873 489 907 iu
509 872 535 907 l.
554 874 578 911 6
598 873 627 908 C
646 871 732 908 eod.
753 878 781 908 t.
800 872 941 909 solatia
959 886 1205 910 arumnorum
1223 875 1264 909 in
1283 873 1311 909 l.
1331 885 1398 909 un.
1417 873 1462 908 C.
1481 870 1529 908 de
1548 883 1692 908 annon.

278 933 317 964 et
334 928 448 976 capit.
491 927 545 962 ita
564 926 774 976 legendum
791 939 945 978 quoque
966 934 1024 965 est
1041 929 1083 964 in
1102 929 1129 964 l.
1150 932 1175 969 6
1196 929 1239 964 C.
1257 926 1306 963 de
1324 926 1490 964 navicul-
1506 926 1535 962 l.
1560 929 1605 965 12
1628 938 1693 961 se-

277 981 448 1018 cundum
467 988 614 1018 veteres
631 984 792 1032 scriptos
809 981 922 1019 codd.
935 1011 946 1031 ,
974 989 1015 1019 et
1032 981 1118 1019 cod.
1137 981 1334 1020 Theodos.
1353 983 1395 1018 in
1410 982 1438 1018 l.
1454 983 1508 1022 32
1524 978 1612 1017 eod.
1630 981 1692 1016 tit.

274 1036 397 1073 err.

385 1088 480 1130 304.
537 1091 737 1139 geminum
764 1091 880 1140 plane
901 1091 941 1128 in
959 1089 1120 1128 modum
1136 1092 1302 1128 Romani
1324 1088 1430 1141 apud
1450 1086 1693 1126 Guntherum

274 1148 300 1187 3
330 1141 407 1186 351
436 1158 598 1181 munera
622 1152 784 1194 poscunt
815 1147 909 1195 imp.
936 1146 1174 1183 Friderioum
1200 1149 1246 1186 1:
1274 1147 1464 1196 lazgaque
1489 1144 1694 1180 Romanae

267 1199 472 1248 persolvas
498 1214 659 1235 munera
683 1199 803 1248 plebi.
863 1201 1003 1251 quibus
1035 1202 1103 1237 ille
1132 1215 1211 1238 non
1239 1203 1368 1238 minus
1387 1199 1558 1236 masculo
1575 1204 1690 1249 atque

274 1256 449 1291 animose
471 1254 668 1304 respondit
688 1267 806 1305 quam
826 1253 890 1291 hic
908 1257 1076 1293 Iustinus
1095 1258 1267 1292 Avarum
1289 1257 1431 1304 legato.
1484 1255 1608 1290 Rrrr.

383 1319 438 1356 ih.
495 1322 648 1370 sancte]
679 1318 752 1355 hoc
769 1327 826 1356 est
843 1320 1011 1367 firmiter,
1041 1328 1080 1357 et
1098 1322 1210 1372 quasi
1229 1333 1280 1357 ex
1295 1321 1490 1357 sanctione
1508 1316 1690 1355 foederis.

271 1375 362 1424 Ulp.
386 1376 427 1411 in
446 1376 492 1411 L.
524 1375 651 1411 Sacra
672 1375 758 1411 loca
782 1377 806 1414 9
834 1372 855 1425 ᾗ
885 1377 932 1412 de
956 1376 1143 1413 dlvisa‘one
1168 1389 1319 1412 rerum.-
1348 1375 1513 1412 dicimus
1534 1379 1690 1415 sancia,

271 1443 373 1479 qaae
392 1443 462 1466 nec
480 1432 593 1466 sacra
611 1444 682 1466 nee
695 1431 876 1480 prosimu
894 1437 1004 1476 stent,
1030 1431 1102 1470 sed
1119 1433 1318 1468 sanctione
1345 1429 1519 1480 quadam
1546 1428 1691 1475 constr-

269 1492 398 1521 mata.
450 1486 577 1522 Fooo.

379 1542 475 1580 307.
531 1542 675 1576 mirum
701 1540 837 1576 lectori
853 1552 931 1576 uon
948 1541 999 1576 sit
1015 1538 1120 1591 quod
1141 1540 1329 1590 Corippus
1350 1536 1424 1575 hoc
1443 1538 1528 1575 looo
1553 1537 1689 1587 plura-

269 1595 358 1630 liter
375 1595 575 1644 loquatur,
608 1608 696 1630 cum
715 1597 902 1644 superiori
922 1608 1036 1632 versu
1053 1597 1243 1646 singulari
1260 1606 1421 1630 numero
1441 1605 1532 1630 usus
1549 1592 1664 1627 fuerit
1675 1602 1689 1627 τ

269 1661 363 1685 nam
384 1656 421 1685 et
437 1651 568 1699 paullo
588 1652 763 1699 superius
785 1664 850 1686 vos
869 1651 985 1686 eliam
1005 1663 1158 1687 servare
1174 1651 1280 1686 decet
1296 1648 1460 1685 dixerat.
1516 1659 1643 1698 neque
1665 1659 1687 1682 a

267 1703 431 1740 barbaro
459 1706 587 1753 legato
614 1707 666 1740 ita
698 1711 833 1741 exacta
862 1705 1049 1755 loquendi
1077 1707 1172 1743 ratio
1203 1705 1374 1742 fortassis
1396 1700 1564 1752 petenda
1581 1707 1686 1746 erat3

269 1758 376 1808 quod
399 1760 585 1809 Corippus
607 1759 653 1795 de
672 1759 858 1796 industria
874 1759 1034 1810 quidem
1054 1767 1092 1796 et
1110 1761 1312 1797 artificiose
1329 1757 1403 1795 hoc
1420 1758 1505 1795 loco
1525 1768 1688 1807 expres-

266 1815 331 1850 sit.
360 1815 481 1850 Rurz.
536 1816 672 1850 malim
691 1816 948 1851 transmittite.
980 1817 1163 1853 DssMrs'r.

379 1882 472 1919 311.
530 1888 814 1916 sacrosanctum
838 1886 917 1915 erat
933 1881 1052 1929 legati
1073 1893 1231 1927 munus,
1260 1887 1304 1916 ut
1321 1891 1420 1930 quae
1437 1878 1582 1914 vellent
1598 1888 1687 1913 ora-

267 1940 369 1971 tores
395 1935 505 1970 missi
535 1933 662 1970 dicere
690 1941 866 1984 possent3
896 1947 1022 1985 neque
1043 1949 1108 1971 eos
1131 1936 1274 1971 violare
1292 1937 1375 1970 iure
1395 1933 1570 1982 gentium
1589 1931 1687 1967 lice-

264 1989 353 2036 bat,
382 1996 425 2025 ut
445 2002 467 2025 a
485 1989 532 2025 Ic
553 1989 752 2025 definitum
775 1997 845 2026 est.
902 1990 999 2026 Stat.
1022 1988 1149 2026 Theb.
1170 1993 1218 2030 2:
1249 1995 1428 2025 sanctum
1440 1986 1602 2036 populis
1612 1999 1687 2034 per

266 2044 424 2080 saecula
449 2057 586 2080 nomen
611 2044 783 2094 legatum
810 2044 962 2080 iszsiclicte
988 2046 1181 2095 tacitoque
1208 2043 1390 2080 inuadere
1404 2042 1518 2096 serf-o
1543 2047 1680 2090 parat.

266 2100 449 2136 Drm-sr.

378 2153 430 2190 ib.
492 2153 664 2190 officium
683 2154 801 2203 legati
821 2160 878 2190 est
897 2166 975 2189 nou
996 2153 1102 2190 abuti
1121 2167 1188 2190 sua
1209 2153 1383 2198 licentia,
1414 2151 1525 2202 quasi
1539 2149 1682 2187 ideireo

267 2209 363 2255 sibi,
388 2206 580 2259 quidquid
606 2209 742 2256 libeat,
777 2211 892 2245 etiam
920 2209 1033 2244 liceat
1060 2208 1262 2255 deceatve,
1292 2209 1382 2258 quia
1405 2208 1487 2242 iure
1507 2206 1683 2255 gentium

266 2264 315 2299 sit
337 2261 439 2313 ἱερός
457 2262 522 2301 καὶ
543 2261 696 2310 ἄσυλος.
752 2263 830 2300 vid.
851 2264 982 2300 Alber.
1003 2265 1165 2300 Gentilis
1184 2264 1231 2300 de
1247 2260 1517 2313 legationibus.
1559 2261 1679 2296 Rrr'r.

375 2327 469 2368 314.
525 2341 679 2365 carmen
707 2327 780 2365 hoc
798 2331 837 2365 in
857 2336 1007 2366 vetusto
1029 2328 1160 2365 codice
1179 2330 1232 2365 ita
1252 2327 1502 2378 depravatum
1521 2325 1681 2374 legeba-

264 2389 350 2419 tur:
379 2383 476 2418 scire
499 2382 601 2419 locos
621 2384 787 2421 humile-s·
806 2383 947 2435 quibas
966 2383 1127 2435 equibus
1146 2397 1215 2420 ora
1235 2381 1420 2432 superbis.
1477 2383 1598 2418 Rmz.

373 2449 467 2487 317.
522 2451 687 2485 ventosis
704 2451 846 2498 iessata
863 2450 1044 2499 superbia
1067 2449 1213 2500 verbi-5]
1244 2450 1298 2485 sic
1319 2448 1468 2484 Plinius
1490 2448 1533 2482 in
1551 2447 1680 2483 Pane-

264 2502 394 2552 gyrico
423 2500 471 2538 de
499 2504 701 2552 Aegyptiis
727 2505 843 2553 plane
874 2507 1075 2554 geminum
1095 2506 1135 2541 in
1152 2503 1315 2540 modum
1331 2515 1366 2539 c.
1386 2503 1437 2542 51
1467 2504 1514 2542 2:
1543 2513 1681 2551 «mper-

263 2556 392 2593 biebat
409 2564 565 2594 ventosa
587 2566 623 2593 et
638 2559 807 2595 insolens
825 2561 944 2595 natio.
1002 2562 1123 2597 Rl'r'r.

371 2625 464 2664 818.
521 2624 690 2673 ignavae
717 2626 854 2661 mentis
877 2625 1095 2675 clffbrme'a]
1132 2622 1175 2659 id
1205 2628 1283 2670 est,
1323 2621 1608 2660 deformitatem
1631 2633 1677 2656 ao

260 2677 541 2728 turpitudinem
566 2678 695 2728 prodit
723 2681 843 2716 animi
875 2680 1046 2717 fastuosa
1072 2680 1193 2716 oratio
1217 2685 1296 2715 tua.
1353 2677 1553 2715 oraculum
1571 2676 1677 2713 euim

259 2739 319 2770 est
334 2732 429 2770 ἰΙΙην1
448 2735 715 2771 Isocraticum:
745 2731 790 2775 to*
807 2734 960 2787 ἕτοιμον
977 2735 1034 2782 εἷς
1052 2732 1193 2787 λόγους
1209 2729 1329 2787 ἆργὸν
1345 2732 1402 2780 εἷς
1420 2729 1488 2779 nis
1500 2727 1675 2783 πρᾶξδις,
