1702 3060
386 127 600 179 IUSTI‘NI
633 132 874 178 MINORIS
907 129 1013 177 LIB.
1045 132 1120 178 IV.

134 240 222 298 ipse
245 252 378 285 autem
397 247 535 284 consul
554 258 663 284 sacro
681 243 904 283 diademate
921 245 1094 296 fulgens,

66 309 98 339 ¹⁸
136 321 296 352 ornatus
312 316 469 364 trabea,
497 315 744 366 gemmisque
771 320 955 365 ostroque
977 313 1140 359 nitebat,

38 377 107 424 265
135 395 202 420 ore
219 382 474 436 humerisque
492 390 651 434 patens;
691 388 730 419 et
747 381 846 419 sacri
865 381 1027 418 luminis
1050 382 1174 418 instar

133 451 243 487 illius
263 457 443 502 aspectus
460 463 638 502 gemmas
656 449 838 487 vincebat
858 455 897 485 et
915 461 1069 497 aurum,

134 518 324 568 angelicis
346 519 469 556 oculis
492 530 720 569 exaequans
742 515 872 554 sidera
896 515 1009 553 caeli.

133 587 297 637 configit
313 592 357 622 ut
376 597 507 622 sacrae
525 586 658 623 felicia
673 586 812 622 limina
829 591 981 635 portae,

131 655 286 691 tramite
311 666 388 706 qua
406 660 511 691 recto
536 652 712 691 mediam
732 652 797 690 via
818 651 925 689 ducit
945 653 987 689 in
1005 652 1158 700 urbem,

31 719 101 764 250
127 721 265 759 terruit
281 722 436 759 incessu
457 722 625 773 populos
638 750 648 769 ‚
680 721 883 772 oculisque
904 721 1059 759 refulsit

128 789 258 842 qualis
277 789 325 826 ab
348 791 493 827 Oceani
509 788 672 842 liquidis
693 789 754 826 sol
775 801 916 825 aureus
938 787 1057 826 undis

127 855 380 909 splendentes
399 858 521 894 mittit
538 856 688 904 radios,
719 857 939 908 rutilusque
956 868 1140 894 serenum

126 925 258 964 fundit
276 925 422 976 ubique
443 923 548 962 diem
569 924 842 976 mundumque
863 925 1065 961 illuminat
1083 937 1243 962 omnem

127 995 227 1032 lucis
246 992 395 1030 honore
416 1005 524 1030 suae.
580 995 665 1031 viso
689 1000 783 1030 tunc
802 993 962 1029 consule
983 992 1121 1042 plebes

23 1061 97 1104 255
125 1061 328 1113 plausibus
347 1059 564 1111 adsurgunt
581 1068 619 1098 et
638 1072 755 1098 voces
775 1061 937 1098 vocibus
959 1059 1124 1096 addunt.

125 1129 181 1166 sic
197 1129 297 1166 bene
319 1130 516 1180 quaesitas
534 1137 578 1166 ut
595 1130 716 1181 pullis
738 1130 915 1180 porrigat
936 1140 1057 1175 escas,

122 1197 231 1234 mitis
250 1195 419 1234 hirundo
443 1197 568 1234 redit:
598 1204 809 1248 postquam
830 1195 881 1233 ad
899 1209 970 1233 sua
992 1202 1094 1232 tecta
1115 1194 1286 1235 videnda

121 1264 277 1314 garrula
296 1278 368 1316 per
389 1266 544 1316 patulas
563 1266 684 1302 fuerit
707 1263 837 1301 delata
856 1265 1063 1312 fenestras,

120 1333 257 1370 matris
276 1334 317 1369 in
336 1332 551 1370 adventum
569 1332 663 1370 nido
683 1333 882 1383 consurgit
905 1332 953 1368 ab
971 1332 1079 1369 omni

0 1400 92 1442 '260
118 1400 231 1437 turba
250 1401 420 1454 loquax,
450 1402 705 1452 flagitantque
726 1401 855 1449 cibos,
890 1400 1072 1452 fidaeque
1093 1401 1268 1451 parenfis

119 1469 253 1506 oribus
274 1481 342 1505 ora
360 1474 524 1519 petunt,
555 1475 595 1505 et
612 1468 757 1519 apertis
777 1468 956 1506 faucibus
980 1468 1160 1506 adstant:

117 1537 189 1573 illa
210 1534 281 1573 sed
300 1535 536 1587 impendens
557 1535 700 1573 nidum
726 1537 990 1588 circumspicit
1010 1548 1182 1586 omnem,

119 1602 396 1656 distribuitque
417 1606 522 1655 pias,
553 1610 597 1640 ut
618 1611 779 1641 cunctos
795 1606 964 1653 nutriat,
997 1618 1121 1642 escas.

174 1671 370 1709 Sanxerat
386 1673 587 1723 Augustus
609 1671 782 1723 Sophiae
809 1674 1044 1723 cognomine
1064 1674 1272 1725 templum,

4 1738 87 1781 ⁸265
114 1740 338 1777 Romanum
358 1741 540 1791 princeps
565 1752 655 1776 cum
677 1740 918 1778 Iustinianus
943 1739 1106 1778 haberet

113 1807 348 1858 imperium,
381 1804 616 1859 Christoque
639 1809 776 1845 volens
800 1821 870 1846 sua
892 1816 983 1846 vota
1010 1809 1160 1848 dicarat

111 1887 225 1912 mens
242 1875 421 1924 Augusta
433 1903 443 1923 ‚
474 1888 584 1924 reor,
614 1877 696 1913 iam
713 1889 794 1913 non
814 1876 951 1927 ignara
970 1878 1114 1927 futur13

111 1947 180 1978 aut
199 1943 327 1992 magis
350 1942 532 1992 ignarum
549 1950 654 1981 recto
675 1942 771 1981 deus
793 1943 931 1981 ordine
951 1943 1068 1984 duxit

111 2015 202 2047 ante
219 2009 442 2046 futurorum
462 2023 563 2062 quae
583 2019 675 2050 sunt
698 2025 837 2050 arcana
854 2012 1050 2051 bonorum

4 2076 85 2120 270
109 2078 294 2128 auspiciis
314 2091 466 2115 sacrare
485 2081 576 2130 piis.
620 2079 834 2118 Theodora
855 2081 1017 2131 regebat

109 2151 286 2197 tempore
308 2157 386 2197 quo
408 2159 559 2184 sacram
577 2148 760 2187 fundavit
785 2147 963 2186 conditor
980 2162 1126 2199 arcem,

109 2219 150 2250 et
171 2211 344 2264 Sophiae
361 2227 508 2252 nomen
531 2215 710 2253 nondum
726 2218 928 2267 regnantis
948 2216 1095 2256 habere

109 2292 184 2318 arx
201 2282 359 2318 meruit.
417 2285 560 2334 sceptri
577 2284 734 2322 fuerant
757 2298 803 2322 ea
824 2287 936 2335 signa
955 2286 1094 2324 futuri.

106 2347 247 2399 ingens
261 2351 516 2401 mysterium,
547 2365 692 2404 magna
709 2352 815 2405 quod
834 2355 940 2391 mole
960 2355 1123 2404 latebat,

0 2412 82 2456 275
105 2416 325 2467 perfectum
345 2419 534 2470 patefecit
551 2433 675 2472 opus:
706 2423 772 2459 via
792 2421 925 2459 lucida
948 2424 1092 2471 nostris

106 2493 213 2521 nunc
227 2485 331 2523 facta
350 2494 409 2524 est
427 2489 574 2537 oculis3
604 2490 816 2527 manifesta
833 2491 922 2527 luce
938 2490 1121 2531 videmus

107 2549 206 2587 olim
223 2555 463 2604 promissum
483 2558 644 2595 caelesti
661 2570 827 2595 munere
846 2571 1014 2610 regnum

106 2617 256 2658 Iustino
274 2621 526 2676 Sophiaeque
545 2626 622 2676 piis
634 2655 644 2675 ,
673 2627 880 2679 patuitque
900 2626 1007 2680 quod
1026 2634 1117 2665 ante

33 2718 58 2744 .‘
108 2683 287 2725 clausum
305 2697 406 2739 erat,
441 2699 480 2730 et
498 2694 620 2731 nullis
641 2695 826 2732 velamen
846 2696 998 2734 visibus
1021 2697 1163 2734 obstat.

0 2747 79 2803 m
106 2765 191 2791 rem
210 2754 358 2807 Sophia
376 2757 538 2810 dignam
556 2768 660 2799 certo
676 2763 869 2814 sapientia
890 2765 1012 2802 fecit:

1382 131 1447 176 20
