1702 3060
251 127 315 172 68
680 141 686 147 ‘
853 128 1071 170 CORIPPI

251 234 332 275 315
361 235 469 272 fortis
488 240 526 271 et
544 233 699 285 irrupfls
717 234 920 272 truncabas
941 234 1096 285 agmina
1113 236 1245 274 castris
1276 243 1281 247 '

361 314 451 337 ense
472 301 600 349 gravi,
630 300 826 350 similique
845 300 946 338 viros
963 301 1103 338 virtute
1118 302 1296 349 necabam,

359 367 549 402 Germano
570 372 775 414 spargente
794 365 920 402 ferum
935 367 1158 418 victumque
1175 373 1395 417 tyrannum.
1442 376 1444 379 ’

360 437 398 466 te
418 431 535 467 cellas
552 432 683 469 Vatari
703 432 802 469 miro
820 433 1016 483 spectabat
1036 446 1179 481 amore,

360 501 397 530 te
416 497 575 533 Autenti
593 510 727 535 saevos
746 505 980 535 mactantem
996 498 1145 536 viderat
1165 498 1309 536 hostes.

252 561 331 600 320
413 562 527 599 Tunc
546 563 648 601 facta
669 571 726 601 est
742 572 895 602 nostrae
915 567 1066 616 requies
1082 566 1338 616 pinguissima
1353 572 1490 603 terrae.

359 638 438 663 non
453 628 624 678 bellum,
652 643 732 667 11011
748 629 892 681 praedo
911 644 1053 681 rapax,
1082 636 1161 669 non
1177 633 1292 669 miles
1309 646 1445 670 avarus

359 695 499 731 rustica
519 702 618 733 tecta
639 697 761 743 subit3
789 703 959 734 tentatur
973 698 1080 735 nulla
1098 699 1290 748 supellex.

361 761 491 797 omnia
510 761 628 810 plena
644 762 756 798 bonis
777 763 932 812 pluvie:
963 777 1043 813 pax
1059 770 1141 800 tuta
1158 771 1228 813 p'er
1245 763 1392 800 orbem.

360 832 451 862 tuuc
468 827 635 864 secunda
654 828 768 864 Ceres
780 856 790 875 ,
819 834 911 864 tunc
926 829 1050 865 laetus
1069 831 1277 879 pampinus
1295 832 1382 868 uvis

253 890 331 931 325
360 894 538 944 pictaque
559 895 797 943 gemmiferis
816 894 929 930 arbor
944 893 1172 944 splendebat
1190 895 1317 932 olivis.

359 959 472 995 miles
492 966 529 995 et
547 962 587 996 in
606 962 770 1010 propriis
788 960 954 996 laetatur
969 959 1126 997 sedibus
1142 961 1290 997 insons.

361 1025 483 1060 cultor
500 1026 542 1060 in
560 1029 665 1062 omni
681 1033 789 1076 parte
807 1038 895 1063 suas
915 1027 1089 1076 plantare
1105 1027 1280 1063 novellas

362 1097 561 1140 coeperatt,
591 1098 628 1127 et
647 1090 780 1128 ductos
799 1092 964 1141 iungens
985 1091 1034 1128 ad
1053 1098 1178 1128 aratra
1195 1093 1380 1129 iuvencos

361 1167 451 1192 arva
474 1158 624 1194 serebat
645 1171 785 1205 ovans,
814 1157 1066 1209 placidusque
1085 1171 1106 1194 a
1122 1164 1254 1194 monte
1272 1159 1446 1195 canebat.

254 1221 334 1260 330
362 1234 476 1259 ausus
496 1230 534 1260 et
552 1223 601 1261 ad
618 1225 753 1261 lunam
769 1225 894 1261 laetus
914 1230 1066 1261 cantare
1085 1226 1221 1261 viator.

360 1286 468 1326 dives
492 1303 610 1340 opum
631 1304 731 1340 pax,
760 1291 916 1340 pinguis
937 1297 1017 1326 erat
1033 1296 1236 1327 mercator.
1292 1290 1438 1342 ubique

363 1357 526 1406 quisque
544 1357 666 1403 canit3
694 1364 874 1393 resonant
891 1358 1034 1394 securis
1054 1357 1222 1393 carmina
1241 1357 1354 1393 terris

363 1419 490 1458 dulcia
506 1417 662 1472 ‘voxque
681 1422 791 1458 levis.
850 1421 1023 1471 gaudens
1041 1420 1133 1458 hinc
1152 1428 1279 1459 cantat
1297 1429 1433 1471 arator,

363 1484 455 1522 inde
474 1488 598 1524 viator
615 1501 747 1525 ovans.
802 1488 1024 1524 mulcebant
1043 1500 1133 1537 ergo
1151 1488 1342 1524 camenae

253 1550 332 1591 335
362 1559 399 1588 et
420 1554 535 1590 variis
555 1552 760 1590 homimun
782 1554 1006 1591 relevabant
1024 1559 1178 1603 pectora
1195 1555 1333 1593 Musis.

361 1618 518 1656 libertas
538 1621 618 1656 iam
635 1621 751 1670 plena
772 1620 868 1668 fuit,
898 1618 968 1657 sed
985 1626 1159 1670 tempore
1176 1633 1310 1670 parvo.

360 1684 493 1722 invida
513 1693 602 1722 sunt
615 1687 757 1723 misero
776 1686 945 1723 fatorum
963 1688 1127 1723 stamina
1142 1685 1302 1723 mundo.

362 1763 450 1798 cur,
479 1750 661 1788 Lachesis
673 1781 682 1799 ‚
711 1751 916 1789 homiuum
934 1753 1042 1789 tenui
1057 1752 1267 1803 pendentia
1281 1753 1347 1790 filo

363 1816 442 1852 fata
464 1824 599 1855 tenens
617 1819 754 1855 leviter
770 1812 913 1868 pellis?
968 1820 1048 1855 iam
1068 1820 1259 1868 rumpitur
1277 1819 1403 1867 orbis3

255 1880 335 1922 340
363 1883 526 1920 fortibus
548 1890 613 1920 aut
632 1886 729 1921 aeris
750 1885 892 1922 referes
913 1884 1083 1935 ferrique
1101 1886 1258 1932 catenis,

364 1956 500 1986 cuncta
520 1962 681 1987 movens
693 1980 702 1998 ,
732 1957 854 1987 terror
870 1957 1082 2000 premeret,
1111 1964 1190 1988 non
1210 1957 1403 2001 rumperet
1419 1952 1490 1989 ira.

416 2017 575 2066 Iamque
593 2029 711 2054 novas
728 2017 866 2053 melior
883 2024 1126 2066 reparaverat
1141 2018 1271 2054 Africa
1291 2020 1403 2065 vires,

363 2087 479 2132 atque
497 2080 701 2119 hominum
717 2089 868 2120 vastare
885 2095 1006 2132 genus
1027 2082 1294 2134 mundumque
1312 2085 1507 2123 labantem
1557 2109 1568 2114 -·

364 2155 554 2197 coeperat.
609 2146 670 2185 his
691 2150 830 2186 nostris
849 2150 1008 2186 veniens
1025 2149 1199 2186 fervebat
1217 2152 1257 2186 in
1278 2153 1369 2188 oris.

256 2209 334 2251 345
364 2225 563 2263 nunquam
586 2213 716 2251 audita
738 2215 813 2251 fuit
829 2217 963 2252 mortis
981 2221 1061 2251 tam
1079 2217 1198 2253 tristis
1215 2218 1358 2266 imago,

363 2291 442 2315 non
467 2280 568 2316 orbis
586 2282 756 2317 novitate
777 2281 883 2318 rudis
895 2310 906 2329 ‚
934 2295 1013 2318 nou
1028 2288 1201 2332 tempore
1217 2281 1403 2332 Pyrrhae.

365 2357 458 2381 nam
478 2347 638 2382 miseros
658 2349 838 2384 monstris
860 2348 1088 2385 conturbans
1106 2349 1233 2384 letifer
1252 2361 1374 2384 annus

365 2412 571 2448 miscuerat
592 2414 739 2462 superis
762 2426 920 2460 maues3
949 2426 1113 2464 seseque
1133 2413 1315 2450 videbant

366 2477 527 2513 vulnera
545 2476 685 2515 divinis
702 2477 881 2516 homines
899 2478 1073 2517 hausisse
1091 2481 1253 2529 sagittis,

257 2597 326 2631 318
348 2595 446 2630 cellas
464 2597 515 2639 T,
537 2596 645 2631 cultor
659 2597 701 2630 M
813 2598 880 2631 323
902 2597 1013 2641 pluuie
1030 2598 1078 2635 Τ,’
1097 2596 1226 2639 Libyae
1241 2596 1281 2630 M
1389 2599 1456 2633 333
1478 2609 1618 2642 moxque
1633 2598 1674 2631 Μ

260 2641 327 2676 334
349 2641 535 2675 mulcebunt
551 2642 583 2675 Τ
698 2641 764 2676 335
787 2642 873 2674 curis
890 2642 930 2676 M
1043 2642 1109 2675 339
1132 2646 1225 2673 tenes
1244 2643 1276 2674 Τ
1382 2643 1450 2678 340
1470 2644 1618 2678 referens
1633 2642 1674 2676 M

262 2686 327 2720 343
350 2686 511 2721 labentem
531 2687 562 2719 Τ
689 2686 756 2720 347
778 2697 843 2720 non
860 2687 892 2718 Τ
1019 2686 1085 2720 349
1108 2686 1238 2720 auxisse
1255 2687 1295 2720 Τ.
1530 2710 1534 2719 .
