1702 3060
261 122 355 167 306
520 122 701 166 NOTAE
731 122 790 166 m
823 121 1073 165 DEDICAT.
1105 121 1396 167 LIBRORUM

253 230 384 279 prisco
409 230 498 267 inde
511 229 657 279 favore
686 226 782 278 (leg.
800 226 963 278 pavore)
989 227 1106 266 arbor
1123 241 1268 267 numen
1284 228 1412 268 habet.
1469 229 1674 270 claudian.

260 285 308 322 de
326 292 437 334 raptu
455 288 480 325 3
496 296 507 320 z
535 282 625 319 inde
641 284 754 319 timor
770 296 988 333 numenque
1004 283 1099 321 loeo.
1157 285 1340 323 Dnmsr.

369 341 434 379 10.
491 339 572 375 sine
596 339 780 388 tempore]
813 346 872 376 est
889 339 989 375 citra
1006 339 1178 376 ordinem
1195 346 1437 391 temporum,
1475 346 1585 378 extra
1607 353 1679 382 au*

260 395 516 432 tumnitatem.
571 394 734 431 Bima.

371 450 435 488 12.
489 447 617 485 sidera
647 448 748 486 caeli
785 448 902 485 etiam
939 460 1137 487 sacrarum
1173 449 1390 487 litterarum
1427 455 1484 489 est
1511 447 1676 499 phrasis,

259 504 418 540 BAnru.

372 555 435 596 14.
492 558 726 606 comparatio
752 555 899 595 isthaec
926 558 1107 595 universa
1133 571 1186 595 ex
1207 556 1326 598 sac'ris
1343 560 1482 598 litteris
1505 565 1583 607 est,
1611 559 1678 600 ubi

261 612 503 662 omnipotens
529 611 684 648 florenti
707 613 842 650 vineae
872 619 938 650 aut
963 612 1075 651 horto
1106 613 1216 652 uberi
1245 622 1284 652 et
1301 616 1411 666 riguo
1429 627 1545 665 saepe
1562 627 1678 652 suum

259 668 448 717 populum
466 673 676 715 comparat.
730 670 892 706 ΒΑΜ-Η.
1678 690 1683 694 -

370 721 434 761 15.
490 721 634 771 sisae]
662 722 876 772 Virgiliana
894 721 1173 774 ἐπιθεραπεία,
1211 724 1297 766 Ecl.
1322 726 1346 765 1
1368 722 1444 765 24:
1473 726 1531 762 sie
1539 725 1680 774 parvis

260 789 482 825 componere
501 789 651 825 magna
674 775 858 814 solebam.
916 778 1035 816 RrrT.

370 833 436 872 18.
490 829 671 868 homines
696 833 894 869 arboribus
912 832 1127 882 comparari
1146 833 1329 871 solemne.
1362 840 1515 884 praeter
1529 834 1680 871 Aristo-.

258 885 377 922 telem
393 892 431 923 et
450 889 583 936 poetas
602 888 750 936 passim
768 888 871 924 infra
895 890 916 928 1
939 889 1034 926 229.
1074 887 1256 933 Quinctil.
1275 889 1327 927 1o
1355 888 1400 926 1:
1430 889 1608 926 Ennium
1626 890 1682 925 si—

259 948 325 976 ent
339 943 468 977 scic-ros
487 947 672 977 vetustate
689 941 797 978 lucos
812 942 1032 986 adoremus,
1061 943 1104 977 in
1124 941 1265 991 quibus
1275 941 1450 992 grandia
1469 950 1505 979 et
1517 945 1682 993 antiqua

259 994 396 1032 robora
432 997 514 1031 iam
550 1009 629 1032 non
663 1002 813 1033 tantam
843 995 988 1033 habent
1022 999 1186 1045 speeiem
1217 1003 1408 1047 quantam
1441 997 1678 1049 religionem.

258 1051 402 1090 Lucan.
424 1053 444 1091 1
467 1051 699 1100 Pompeium
717 1053 876 1102 quercui
893 1057 1089 1100 comparat
1101 1079 1111 1099 ,
1142 1065 1244 1101 qnae
1263 1052 1354 1088 licet
1370 1059 1427 1088 tot
1442 1054 1588 1090 circam
1610 1053 1682 1090 sil-

258 1118 330 1141 vae
333 1105 456 1152 firmo
476 1118 515 1140 se
533 1104 664 1140 robore
682 1106 842 1150 tollant,
870 1106 954 1142 sola
972 1113 1102 1142 tamen
1122 1106 1274 1143 colitur.
1334 1108 1517 1147 DEMPST.

367 1161 436 1198 20.
493 1160 711 1195 cummunis
729 1159 965 1210 benefac-tor]
995 1162 1051 1197 sic
1070 1160 1172 1197 iufra
1193 1164 1215 1203 1
1238 1163 1341 1202 213:
1369 1165 1562 1200 maximas
1580 1162 1683 1200 orbis

259 1213 473 1251 eommunis
487 1212 723 1263 benefactor,
756 1221 795 1251 et
812 1218 839 1255 2
861 1214 951 1256 145.
1008 1215 1297 1265 elegantissima
1314 1215 1550 1267 periphrasis
1572 1220 1682 1268 prin—

260 1269 356 1318 cipis
369 1296 379 1315 ,
410 1280 487 1319 qua
503 1269 538 1304 is
556 1269 616 1304 sui
633 1268 751 1304 officii
769 1268 1013 1307 admonetur.
1068 1269 1146 1307 huc
1173 1271 1340 1320 pertinet
1357 1271 1459 1310 illud
1481 1273 1682 1311 salvatoris

260 1324 381 1359 nostri
394 1350 404 1369 ‚
435 1321 540 1372 apud
554 1323 702 1359 Lucam
719 1325 774 1365 22
791 1324 868 1365 25:
896 1325 938 1364 οἵ
952 1319 1237 1373 ἐξουσιάζοντες
1253 1321 1385 1365 αὐτῶν
1408 1325 1507 1378 (τοῖν
1530 1327 1681 1380 ἐθνῶν)

261 1373 459 1431 εὐεργέται.
475 1379 696 1417 καλοῦνται.
750 1379 872 1417 ΒΙΤΤ.

370 1431 424 1468 ib.
482 1432 598 1468 herus
614 1445 683 1482 pro
701 1433 956 1482 imperatore,
987 1434 1168 1484 exemplo
1186 1434 1350 1471 Ausonii
1370 1434 1419 1472 de
1440 1437 1589 1475 Probo:
1618 1451 1683 1474 ex-

261 1488 379 1536 ceptis
401 1485 541 1532 tribas,
568 1487 683 1524 heras
698 1487 856 1524 heroum
870 1489 1076 1525 maximus.
1135 1490 1190 1525 ita
1209 1489 1421 1539 legendum
1436 1491 1541 1542 apud.
1555 1494 1684 1530 Auso-

261 1544 394 1578 nium:
421 1541 582 1579 heroem
603 1543 709 1579 enim
725 1543 843 1580 simul
863 1550 900 1580 et
917 1541 1056 1580 herum
1069 1572 1079 1591 ‚
1110 1544 1232 1582 tribus
1251 1547 1437 1596 exceptis,
1465 1548 1684 1584 maximum

262 1595 371 1633 dicit.
401 1596 507 1647 quod
522 1598 641 1646 vulgo
660 1604 718 1635 est
733 1605 932 1648 receptum
951 1605 989 1635 et
1008 1597 1129 1636 doctis
1148 1600 1366 1649 probatum,
1387 1614 1480 1639 sane
1499 1602 1684 1640 abnorme

262 1657 343 1698 est,
380 1659 575 1702 utcunque
597 1660 825 1701 excusetur,
853 1666 926 1691 nec
942 1655 1119 1691 Ausonii.
1147 1655 1310 1693 Bima.
1353 1656 1455 1706 jone
1472 1659 1602 1694 omnia
1621 1658 1684 1694 di-

263 1714 363 1742 tans.
425 1719 476 1743 ex
496 1707 662 1745 Psalmis
684 1715 742 1745 est
761 1715 1058 1759 transumptum.
1114 1711 1276 1748 BARTR.

371 1763 438 1802 22.
496 1762 647 1799 umbra.
707 1762 918 1800 delicatum
948 1766 1250 1815 receptaculum.
1304 1764 1531 1816 metaphora
1552 1779 1578 1803 a
1597 1769 1683 1804 via-

263 1815 409 1853 toribus
430 1814 557 1856 ducta.
613 1818 741 1854 Tacit.
761 1820 903 1855 Annal.
929 1819 1002 1860 14:
1043 1833 1112 1870 ego
1133 1821 1231 1871 qnid
1245 1821 1362 1861 alind
1378 1821 1559 1861 adhibere
1567 1824 1684 1872 potui

264 1883 383 1920 quam
396 1871 545 1916 studia,
573 1878 618 1908 ut
632 1873 688 1908 sie
709 1872 870 1910 dixerim
891 1874 1098 1924 (Seneca),
1127 1877 1169 1912 in
1190 1876 1329 1913 umbra
1346 1877 1524 1914 educata.
1583 1879 1683 1914 Am-

263 1926 385 1963 mian.
410 1926 440 1962 l.
467 1927 541 1967 16:
588 1926 825 1972 adolescens,
858 1929 1087 1977 primaevus
1117 1937 1162 1967 ut
1193 1931 1432 1968 Erechtheus
1466 1933 1509 1968 in
1536 1945 1683 1969 secessu

265 1981 487 2026 Minervae,
525 1994 570 2017 ex
584 1981 827 2019 Academiae
854 1985 992 2033 quietis
1009 1983 1266 2031 umbraculis,
1304 1999 1382 2023 non
1400 1999 1420 2023 e
1439 1986 1603 2024 militari
1621 1995 1684 2024 ta·-

266 2033 472 2072 bernaculo
492 2036 535 2072 in
545 2037 749 2085 pulverem
768 2039 965 2076 Martium
984 2045 1142 2077 tractus.
1201 2042 1356 2078 Petron.
1374 2041 1530 2079 Arbiter
1546 2044 1588 2079 in
1609 2043 1684 2080 Sa-

265 2091 410 2140 tyrion:
439 2091 612 2129 nondum
639 2091 876 2130 umbraticus
901 2094 1032 2131 doctor
1058 2096 1217 2145 ingenia
1243 2096 1449 2143 debuerat,-
1477 2095 1542 2135 adi
1561 2099 1684 2137 inter-

265 2151 407 2193 pretes.
463 2147 598 2184 Iuven.
616 2150 662 2187 7:
691 2148 760 2185 sed
772 2162 898 2198 genus
913 2151 1121 2199 ignavam,
1150 2151 1257 2200 qnod
1270 2158 1364 2189 tecto
1378 2152 1527 2203 gaudet
1545 2159 1580 2188 et
1595 2166 1684 2191 um-

267 2198 350 2235 bra.
411 2207 450 2237 et
470 2200 610 2238 eodem
623 2203 700 2239 loci
719 2210 827 2253 post:
865 2205 922 2241 ad
935 2219 1116 2255 pugnam
1131 2207 1200 2256 qui
1215 2206 1404 2245 rhetorica
1422 2207 1616 2247 deseendit
1630 2207 1682 2246 ab

265 2253 418 2291 umbra.
480 2257 690 2294 cultissime
708 2259 893 2308 Papinius
913 2261 1008 2297 silv.
1033 2260 1058 2300 5
1083 2263 1136 2300 2:
1167 2268 1210 2299 tn
1236 2275 1464 2312 quanquam
1490 2275 1570 2301 non
1591 2270 1683 2301 ante

254 2308 396 2357 jbrum
413 2309 589 2361 legesque
605 2326 756 2350 severas
768 2328 928 2364 passus,
961 2315 1032 2352 sed
1050 2317 1170 2353 tacita
1196 2317 1411 2356 studiorum
1439 2317 1614 2355 oecultzm
1639 2319 1683 2358 in

267 2363 418 2401 umbra.
477 2366 659 2404 Dnmrs’r.
1292 2403 1297 2407 >

374 2421 440 2460 23.
495 2433 566 2470 pro
583 2422 738 2471 pabula
757 2424 898 2475 aliquis
916 2425 1056 2463 sciolus
1074 2426 1118 2462 in
1133 2438 1194 2463 ms
1212 2423 1342 2462 codice
1363 2438 1416 2464 ex
1435 2427 1564 2464 littera
1587 2429 1680 2467 satis

266 2471 425 2525 quidem
444 2476 602 2525 antiqua
609 2478 759 2526 pocula
779 2487 1000 2529 reposuerat
1020 2492 1158 2531 supra:
1186 2487 1224 2517 at
1241 2480 1354 2518 nobis
1373 2483 1428 2519 ita
1446 2483 1580 2521 utfuit
1595 2495 1680 2520 car-

266 2539 358 2565 men
380 2527 455 2566 hoc
479 2533 605 2580 magis
630 2534 793 2570 retinere
820 2535 983 2584 placuit,
1023 2533 1128 2586 quod
1157 2548 1210 2572 ex
1227 2537 1407 2585 proxime
1428 2538 1680 2588 consequenti

265 2583 379 2620 facile
397 2584 614 2622 confirmari
629 2594 767 2637 potest.
825 2601 953 2640 neque
972 2596 1103 2626 tamen
1120 2592 1290 2628 carmina
1309 2590 1407 2629 haec
1424 2592 1556 2643 aliqua
1573 2591 1678 2630 diffi-

266 2639 406 2676 cultate
426 2647 575 2688 carent,
619 2649 710 2679 nata
725 2641 800 2679 hoc
817 2643 901 2681 loco
922 2651 960 2682 et
979 2645 1065 2682 aliis
1082 2645 1275 2698 plerisque
1295 2645 1412 2684 huius
1420 2643 1586 2698 poetae,
1627 2659 1679 2685 ex

266 2693 435 2744 quadam
462 2697 644 2736 orationis
675 2698 917 2748 perturbatae
944 2699 1203 2754 abruptaeque
1234 2702 1352 2740 simul
1380 2702 1565 2742 brevitate
1579 2730 1592 2751 ‚
1635 2708 1678 2740 ut
