1702 3060
602 182 924 227 PRAEFATIO.
1423 191 1500 221 xtx

36 295 86 334 lii
108 294 331 334 cassiodori
357 293 545 334 Consules
571 293 623 332 ad
649 308 801 332 annum
818 292 965 331 Christi
984 289 1066 333 410
1086 304 1127 342 p.
1153 287 1235 332 434
1254 288 1349 328 edit.
1372 291 1499 328 Fran-

37 363 180 402 eofurti
204 366 306 406 1601
333 365 390 403 sic
407 364 484 401 ait:
527 362 677 400 Baclae
695 363 739 399 in
762 360 999 398 bibliotheca
1015 361 1129 412 regia
1138 387 1156 406 ,
1185 357 1283 397 dum
1302 358 1388 396 illic
1407 372 1501 397 ora-

38 437 161 470 torem
182 431 294 469 Caes.
318 430 597 470 Maximiliani
617 430 732 482 apud
756 430 800 468 V
794 427 1014 467 ladislaum
1028 442 1162 480 regem
1180 442 1356 480 agerem,
1375 429 1501 465 mirae

37 501 248 540 vetustatis
268 500 508 550 Procopium
532 499 732 537 Graecum
747 497 892 548 reperi,
936 510 1053 548 quem
1072 495 1175 534 mihi
1188 509 1256 533 rex
1271 503 1409 534 mutuo
1430 496 1500 534 de-

38 567 127 617 dit,-
168 569 214 606 in
234 581 329 620 quo,
355 581 446 605 cum
465 567 682 619 confit-mm
700 579 791 603 cam
808 565 985 610 Latino,
1015 563 1144 601 multa
1163 563 1295 601 deesse
1313 562 1502 602 observa-

39 636 108 674 vi:
145 643 231 674 tam
258 635 366 672 lacer
388 642 427 672 et
450 649 618 673 mancus
647 635 756 672 venit
779 633 839 671 ad
863 646 1009 670 manas
1034 633 1258 683 interpretis
1266 647 1284 680 ,-
1325 632 1435 684 quod
1465 639 1503 670 et

31 690 174 742 crebro
194 703 448 741 lamentatur.

152 770 256 819 Quid
287 777 422 809 autem
447 776 581 808 actum
616 771 667 808 sit
703 768 753 808 de
787 770 856 808 illo
890 767 1024 807 codice
1055 767 1239 818 Corippi‚
1291 765 1501 820 hucusque

36 836 254 892 ignoratur.
311 846 452 878 notum
472 846 532 878 est
553 840 680 888 enim,
712 853 804 876 cum
823 839 1050 877 Solimanus
1071 838 1099 876 2
1117 837 1342 873 Turcarum
1368 835 1501 887 impe-

37 913 146 945 rator
177 919 214 945 a.
249 906 357 950 1526
384 914 511 945 totam
535 907 620 944 fere
650 907 898 958 Hungariam
928 906 1010 943 suis
1043 903 1164 939 armis
1195 903 1428 940 subiecisset
1461 909 1502 940 et

37 973 196 1014 Budam
226 977 553 1028 expugnavisset,
597 971 796 1009 celebrem
813 971 927 1008 illam
944 968 1250 1018 bibliothecam,
1291 982 1314 1006 a
1330 969 1501 1008 Matthia

38 1042 208 1082 corvino
229 1039 457 1091 Hungariae
486 1051 602 1090 rege,
643 1046 688 1078 ut
713 1040 796 1077 iam
823 1038 931 1087 dixi,
974 1036 1261 1086 coadunatam,
1304 1037 1502 1090 direptam

36 1109 160 1147 fuisse
178 1108 366 1160 varquue
387 1106 630 1145 distractam.
689 1106 784 1145 hinc
810 1107 919 1145 illius
951 1105 1106 1144 codices
1134 1106 1270 1157 plures
1290 1106 1334 1143 in
1352 1106 1500 1144 biblio-

35 1174 172 1214 thecas
197 1176 488 1227 migraverunt,
528 1183 573 1213 ut
597 1183 764 1214 testatur
785 1176 1022 1214 Lambecius
1048 1174 1430 1212 Commentariorum
1453 1175 1502 1212 de

38 1242 275 1282 bibliotheca
306 1243 602 1283 Vindobonensi
630 1244 732 1283 libro
760 1248 780 1286 1
806 1258 919 1282 nan.
947 1246 1001 1286 36
1030 1257 1070 1295 p.
1097 1243 1153 1286 70
1188 1241 1285 1280 edit.
1321 1243 1500 1291 Kollarii,

36 1312 108 1351 ubi
127 1302 176 1350 de
197 1313 246 1350 iis
266 1314 348 1364 agit
369 1313 439 1365 qui
458 1310 627 1350 eandem
644 1314 764 1352 variis
786 1313 1030 1366 temporibus
1052 1311 1299 1359 ditaverunt,
1332 1323 1384 1348 ex
1407 1311 1501 1363 qui-

35 1379 112 1419 bus
130 1393 233 1419 unus
253 1381 329 1418 fuit
346 1381 431 1431 ipse
451 1380 734 1431 Cuspinianus,
775 1382 926 1434 ailquot
954 1381 1076 1418 etiam
1104 1393 1157 1417 ex
1176 1378 1430 1417 Budeusibus
1449 1380 1501 1416 li-

35 1447 118 1487 bris
138 1461 161 1486 a
178 1462 221 1487 se
243 1449 477 1500 comparatis
491 1477 501 1496 ,
533 1447 630 1486 dum
646 1448 778 1486 eidem
797 1455 1013 1500 praeesset.
1072 1447 1256 1486 Struvius
1278 1460 1438 1500 quoque
1457 1448 1501 1484 in

37 1516 339 1555 Introdzcctione
368 1517 412 1552 in
438 1517 620 1552 notitiam
647 1517 705 1553 rei
725 1515 941 1553 litterariae
971 1522 1008 1552 et
1030 1529 1148 1553 usum
1172 1513 1502 1552 bibliothecarum

38 1597 74 1622 c.
92 1588 120 1628 2
145 1581 169 1636 §
191 1586 242 1626 18
269 1597 310 1636 p.
332 1585 385 1625 67
406 1589 446 1620 et
464 1596 548 1635 seq.
572 1582 665 1621 edit.
686 1584 864 1622 Ienensis
888 1584 982 1621 anni
1006 1586 1132 1631 1710,
1176 1581 1226 1620 de
1256 1581 1502 1634 dispersione

37 1650 300 1710 bibliothecae
326 1649 522 1689 Budensis
551 1652 651 1703 agit,
690 1659 729 1689 et
757 1652 855 1690 alios
885 1665 938 1689 ex
965 1650 1210 1689 Corvinianis
1233 1649 1434 1688 codicibus
1458 1650 1501 1687 in

40 1719 349 1771 Guelferbytana
378 1732 582 1772 unumque
611 1721 654 1757 in
683 1719 831 1757 Salana
856 1718 1097 1758 bibliotheca
1128 1720 1276 1758 servari
1302 1718 1499 1767 affirmat3

38 1789 110 1841 qui
136 1786 268 1825 subdit
298 1788 418 1825 etiam
446 1788 489 1825 in
516 1789 761 1840 privatorum
787 1787 1037 1827 bibliothecis
1071 1787 1234 1840 reperiri
1268 1785 1499 1825 huiusmodi

39 1852 208 1892 codices.
244 1866 361 1905 porro
382 1856 574 1908 Georgius
593 1858 742 1895 Remus
764 1865 904 1896 nactus
925 1864 984 1896 est
1006 1858 1049 1894 in
1069 1854 1311 1894 bibliotheca
1327 1853 1499 1907 Augusti

38 1923 203 1961 iunioris
231 1920 341 1961 ducis
367 1925 597 1977 Luneburgi
624 1924 822 1975 codicem,
863 1926 934 1980 qui
956 1925 1180 1963 continebat
1201 1938 1321 1976 opera
1344 1923 1494 1962 Barth.

38 1991 199 2038 antii,
232 2003 431 2044 quemque
449 2000 585 2031 auctor
604 1993 800 2031 obtulerat
821 1995 906 2046 regi
924 1993 1139 2043 Matthiae,
1180 2001 1225 2031 ut
1250 1999 1365 2045 putat
1388 1991 1498 2030 idem

41 2058 188 2109 editor,
229 2060 298 2112 qui
323 2061 394 2098 illa
423 2074 460 2099 a·
486 2063 590 2104 1621
621 2063 871 2100 Francofurti
889 2063 996 2115 typis
1017 2062 1228 2099 commisit.
1286 2061 1330 2098 iu
1351 2060 1499 2097 biblio-

41 2126 166 2166 thecis
200 2128 338 2166 Italiae
376 2142 534 2183 quoque
573 2131 756 2168 visuntur
792 2131 928 2182 plures
953 2143 1036 2168 mss
1065 2128 1286 2167 Budenses.
1347 2129 1498 2180 aliquot

39 2194 240 2248 possidere
264 2197 475 2235 Estensem
504 2197 783 2236 animadvertit
798 2197 1082 2237 Tiraboschius
1112 2199 1155 2234 iu
1177 2195 1349 2234 Historia
1368 2197 1497 2234 Litte-

40 2265 143 2302 raria
160 2265 297 2303 Italiae
322 2271 353 2303 t.
372 2267 398 2306 7
425 2279 466 2318 p.
485 2269 567 2308 230
595 2265 792 2304 secundae
820 2265 916 2304 edit.
933 2266 1183 2303 Mutinensis.
1241 2264 1500 2302 inveniuntur

39 2333 262 2372 Florentiae
300 2347 458 2388 quoque
492 2334 535 2372 in
568 2333 807 2373 bibliotheca
845 2336 1112 2372 Laurentiaua
1126 2364 1137 2383 ‚
1178 2339 1223 2371 ut
1254 2339 1392 2370 monet
1425 2345 1498 2370 nos

40 2401 259 2440 Bandinius
274 2403 318 2440 in
334 2403 442 2440 illius
463 2402 645 2455 catalogo
668 2403 846 2441 codicum
863 2403 1106 2440 Latinorum
1119 2409 1173 2439 to.
1199 2404 1219 2442 1
1241 2400 1316 2438 col.
1343 2399 1394 2441 14
1418 2398 1498 2442 142

41 2475 83 2507 et
100 2470 181 2511 696
209 2476 248 2508 et
273 2476 327 2508 to.
349 2473 377 2512 2
408 2471 484 2508 col.
508 2469 610 2520 846,
660 2478 829 2524 quatuor
859 2470 1013 2510 codices
1043 2469 1232 2522 exscripti
1259 2482 1296 2507 a.
1326 2467 1433 2510 1488
1458 2474 1498 2505 et

42 2538 224 2591 sequenti
248 2551 319 2590 pro
338 2537 506 2576 Matthia
532 2539 723 2577 Corvino:
765 2537 837 2577 sed
864 2539 895 2576 ii
920 2539 1087 2578 fortasse
1116 2538 1166 2576 ob
1195 2538 1279 2575 eius
1312 2543 1498 2584 mortem,

44 2616 145 2657 quae
167 2607 328 2657 contigit
348 2619 385 2644 a.
411 2606 517 2650 1490
535 2606 663 2659 pridie
683 2620 810 2646 nouas
825 2607 892 2645 vel
914 2609 939 2649 8
957 2606 1051 2655 idus⁴
1068 2606 1229 2659 Aprilis,
1260 2604 1386 2642 relicti
1405 2604 1498 2640 fue-

44 2678 134 2709 rant
149 2671 368 2712 Florentiae
388 2681 506 2730 atque
528 2688 551 2713 a
568 2677 702 2714 Leone
720 2677 768 2714 P.
792 2678 844 2718 10
862 2673 1072 2727 redempti.
1131 2673 1204 2712 sed
1226 2672 1404 2711 codicem
1426 2669 1501 2707 de-

43 2739 236 2791 scriptum
252 2740 402 2781 ibidem
419 2750 475 2782 to.
494 2746 522 2785 2
541 2745 615 2782 col.
639 2745 722 2787 759
748 2743 944 2796 prodiisse
974 2757 1026 2782 ex
1044 2741 1223 2781 Budensi
1243 2737 1499 2787 bibliotheca,

44 2812 211 2848 testatus
230 2815 290 2848 est
309 2811 377 2863 qui
394 2812 509 2850 illum
530 2819 679 2851 emerat
702 2813 830 2864 Cpoli.
887 2815 969 2851 imo
987 2812 1243 2851 Brassicanus
1272 2811 1314 2847 in
1339 2806 1501 2858 praefa-
