1702 3060
232 138 294 185 24

722 251 793 294 IN
838 253 1048 297 LIBRO
1094 245 1154 295 111

539 326 1080 365 CONTINENTUR
1134 329 1336 366 ΗΑΕα

341 415 378 450 1.
434 413 540 448 More
567 419 722 463 patrum
752 416 919 452 Iustinus
946 415 1062 453 funus
1090 413 1308 453 decedentis
1326 416 1506 452 avunculi
1525 415 1640 465 regiis

229 477 365 526 opibus
397 486 581 527 exornat,
613 478 796 531 chorique
818 483 1030 519 ministerio
1052 495 1276 532 supremum
1294 481 1481 520 honorem
1501 494 1640 520 conce-

230 543 383 580 lebrans
403 556 539 594 corpus
561 546 642 583 eius
662 559 800 584 aureae
819 546 978 585 tradidit
998 550 1230 598 sepulturae,
1649 555 1678 593 ⁵·

339 613 380 650 2.
434 612 527 647 Post
543 611 692 649 luctum
708 614 874 664 populus
894 616 1054 664 pristina
1074 617 1219 652 laetitia
1237 614 1485 661 iucundam,
1515 611 1641 651 hono-
1678 647 1681 653 ⁴

229 676 281 714 ris
299 675 501 714 frondibus
520 677 677 715 aedium
700 686 829 729 postes
853 688 1015 717 exornat
1037 683 1229 732 comitque
1249 682 1406 730 limina,
1435 688 1474 718 et
1491 683 1533 717 in
1554 682 1643 718 lau-

229 742 319 779 dem
335 744 472 779 Iustini
493 743 740 795 Sophiaeque
758 747 966 796 multiplici
985 748 1150 784 clamore
1169 749 1366 798 persultat.

1672 474 1679 497 ’1

337 811 377 848 3.
432 811 621 859 Egregios
650 818 854 860 apparatus
883 813 1095 862 imperialis
1124 816 1288 855 convivii
1313 819 1427 864 poeta
1451 813 1642 860 describit,

228 883 266 912 et
298 877 339 912 in
363 888 505 925 magno
533 875 759 912 deliciarum
787 878 885 914 luxu
907 879 1154 918 sobrietatem
1175 887 1213 916 et
1232 882 1458 931 temperiem
1482 881 1696 926 Iustini310

229 941 498 992 collaudatque
518 943 699 978 avunculi
720 942 1045 993 recordationem,
1074 958 1146 981 nec
1167 946 1267 982 inter
1287 947 1419 996 epulas
1439 945 1643 983 dilectione

231 1010 344 1047 solita
362 1010 505 1058 patitur
523 1008 711 1044 oblivisci.

341 1073 381 1114 4.
436 1075 494 1110 De
511 1076 837 1113 consummatione
858 1076 1044 1123 convivii3
1074 1083 1113 1113 et
1131 1090 1199 1127 pro
1220 1090 1260 1113 re
1279 1078 1435 1127 publica
1454 1089 1564 1113 curas
1582 1089 1645 1112 re-

229 1143 316 1192 giae
336 1140 630 1188 sollicitudi11353
660 1148 775 1192 atque
792 1145 930 1191 po'e'tae
947 1143 1124 1192 precibus
1144 1157 1213 1193 pro
1235 1145 1295 1181 sui
1313 1145 1493 1181 carminis
1513 1144 1646 1193 perfe-

229 1211 355 1246 ctione
375 1209 613 1258 Sapientiam
630 1208 883 1258 implorantis.
1657 1214 1696 1248 15

337 1276 376 1316 5.
431 1276 629 1310 Exornata
656 1276 830 1324 Augusta
849 1274 985 1310 domus
1002 1276 1170 1324 regentis
1187 1276 1414 1325 imperium3
1450 1282 1487 1311 et
1507 1276 1645 1312 coactis

227 1341 446 1392 proceribus
468 1341 592 1376 omnis
615 1339 708 1376 ordo
727 1341 927 1376 Palatinus
949 1354 1018 1390 per
1040 1341 1232 1388 officium,
1267 1341 1490 1392 cultumque
1513 1340 1645 1391 dispo—

225 1411 330 1443 nitur
355 1407 482 1453 urbist,
521 1407 771 1457 Romanaque
801 1407 973 1455 potentia
1001 1410 1146 1444 cunctis
1172 1409 1436 1457 praeeminere
1465 1409 1644 1458 gentibus

224 1472 478 1524 praedicatur.

311 1559 344 1592 4.
369 1559 486 1591 chorus
501 1569 562 1601 pro
579 1555 724 1598 collegiis
740 1555 946 1588 sacerdotum
962 1558 996 1588 et
1011 1555 1203 1590 clericorum
1217 1557 1360 1602 ponitur.
1394 1558 1560 1604 Corippus
1574 1559 1645 1604 ipse

224 1606 248 1639 3
263 1603 324 1637 42:
348 1603 522 1645 virgineus
542 1606 639 1636 sonat
659 1602 736 1637 inde
754 1601 881 1634 chorum.
927 1601 967 1632 B.

315 1650 347 1682 7.
371 1648 554 1689 Eleganter
569 1647 712 1689 frondes
733 1646 868 1678 lionoris
887 1645 1050 1697 appellat,
1073 1655 1156 1688 quae
1171 1657 1191 1677 a
1206 1645 1341 1690 depulso
1356 1647 1447 1680 luctu
1462 1649 1548 1682 festo
1563 1659 1645 1692 quo-

221 1694 295 1726 dam
318 1693 448 1736 publico
474 1692 506 1724 in
533 1693 686 1724 honorem
703 1690 858 1734 principis
873 1691 1008 1723 aedibus
1025 1689 1304 1733 praefigebantur.
1349 1691 1450 1726 multa
1465 1693 1507 1725 de
1522 1693 1571 1727 his
1585 1693 1645 1726 do-

224 1738 272 1772 cti
285 1762 295 1779 ‚
319 1743 354 1770 et
368 1747 428 1769 nos
443 1737 486 1768 ad
503 1736 671 1779 Virgilium
686 1741 721 1768 et
739 1734 967 1767 Claudianum.
1013 1735 1054 1769 B,

319 1784 371 1816 12.
398 1782 550 1815 oblivisci
569 1780 698 1824 passive
712 1779 862 1823 positum.
889 1779 1066 1822 Virgilius:
1089 1779 1193 1812 oblita
1210 1781 1294 1812 mihi
1308 1785 1357 1813 tot
1373 1782 1537 1815 carmina.
1558 1784 1647 1815 Βοὲ-

227 1828 315 1860 thius
334 1827 357 1859 4
387 1829 404 1860 1
431 1826 472 1858 de
497 1826 677 1858 consolat.:
701 1835 803 1866 eaque
827 1824 930 1866 mihi,
952 1825 1014 1857 etsi
1028 1825 1066 1856 ob
1082 1825 1229 1858 iniuriae
1244 1826 1387 1860 dolorem
1405 1838 1512 1870 nuper
1527 1827 1645 1867 oblita,

225 1884 291 1906 non
305 1877 418 1905 tamen
435 1872 579 1904 antehac
595 1881 729 1913 prorsus
742 1870 903 1912 ignorata
920 1869 1046 1901 dixisti.
1093 1870 1134 1903 B.

319 1917 371 1950 13.
395 1915 512 1948 Scribe
523 1916 622 1948 curis.
643 1913 724 1946 inibi
735 1924 864 1956 quoque
874 1914 983 1956 glossa
994 1919 1063 1946 est:
1079 1914 1240 1957 Sophiam
1253 1913 1335 1946 enim
1347 1915 1555 1961 deprecantis
1562 1918 1644 1958 pot-'—
1689 1910 1692 1915 ¹

227 1966 285 1995 tae
299 1961 475 2005 scripserat
485 1966 602 1992 auctor
613 1959 752 2004 priscus.
777 1958 865 2001 quod
878 1969 994 1990 nomen
1006 1958 1139 2000 reginae
1150 1959 1462 2003 interpretabundus
1471 1961 1646 1993 monachus

228 2007 441 2050 Sapientiam
449 2004 629 2045 substituit,
639 2003 716 2036 licet
724 2009 857 2036 auctore
867 2014 931 2036 non
942 2002 1034 2035 nimis
1041 2003 1155 2043 invito,
1166 2003 1261 2047 quiin
1271 2004 1389 2037 talibus
1400 2004 1477 2037 lusit
1485 2005 1594 2038 etiam.
1604 2006 1646 2040 Β.

319 2051 371 2084 16.
395 2049 614 2093 Transposita
629 2052 707 2082 sunt
720 2048 833 2080 verba.
880 2047 1004 2080 scribe:
1029 2054 1208 2081 exornatur
1223 2053 1373 2092 augusta
1389 2050 1505 2083 domus
1521 2051 1647 2083 coactis

223 2095 431 2140 proceribus,
455 2099 487 2131 et
509 2094 614 2126 omnis
638 2094 718 2126 ordo
740 2093 916 2136 palatinus
933 2097 992 2126 etc.
1039 2099 1179 2138 apparet
1194 2093 1246 2126 vel
1263 2105 1303 2128 ex
1322 2093 1432 2127 ultimo
1450 2095 1512 2127 hoc
1526 2105 1645 2140 super-

224 2141 335 2174 stitum
362 2139 470 2184 capite
494 2139 590 2172 stilus
612 2138 747 2170 hominis
771 2137 909 2178 eruditi,
933 2137 989 2181 qui
1005 2138 1081 2170 talis
1095 2137 1231 2180 singulis
1247 2138 1420 2181 phrasibus
1433 2138 1538 2171 videri
1552 2139 1646 2180 velit,

225 2185 290 2218 hoc
305 2188 356 2218 est
370 2185 444 2216 talis
459 2195 553 2227 quem
570 2184 656 2216 bona
670 2183 736 2215 fide
753 2181 1009 2215 Grammaticum
1024 2183 1191 2227 appellare
1208 2183 1323 2226 possis.
1355 2188 1455 2227 atque
1470 2184 1551 2216 haec
1566 2185 1644 2216 hac-

225 2235 341 2271 tenus,
365 2234 401 2261 ut
416 2228 485 2261 vita
501 2228 617 2261 saltem
631 2233 783 2260 servetur
798 2227 848 2260 his
865 2226 1026 2270 periochis
1037 2252 1047 2268 ‚
1071 2238 1155 2271 quae
1170 2228 1202 2260 in
1219 2228 1364 2265 secunda
1386 2228 1530 2265 editione
1545 2229 1645 2261 omis-

223 2286 284 2309 sae
300 2273 429 2307 tandem
446 2273 542 2317 plane
558 2273 767 2311 intercident,
790 2272 852 2304 nisi
868 2271 1093 2313 vindicentur,
1117 2273 1235 2315 dignae
1258 2277 1367 2307 tamen
1387 2273 1457 2306 vita
1472 2274 1571 2309 semel
1585 2274 1644 2307 ad-

226 2324 305 2364 epta
319 2319 430 2363 potius
447 2328 544 2360 quam
559 2317 724 2351 oblivione
741 2316 881 2349 feliciter
897 2321 973 2361 post
989 2317 1089 2350 multa
1105 2318 1233 2350 saecula
1249 2321 1446 2361 expugnata.
1491 2319 1534 2357 R,

318 2364 369 2397 19.
396 2363 469 2396 Etsi
483 2363 546 2395 hoc
560 2363 632 2397 loco
646 2362 815 2406 superiora
830 2373 901 2394 cum
913 2362 1121 2405 sequentibus
1132 2363 1164 2396 in
1177 2372 1224 2395 ms
1238 2362 1415 2405 exemplari
1426 2362 1644 2395 cohaerebant

223 2409 496 2451 continenterque
519 2407 713 2450 legebantur
724 2434 732 2444 ,
755 2406 959 2443 manifestum
978 2407 1093 2450 procul
1108 2407 1206 2440 dubio
1222 2412 1272 2439 est
1287 2406 1402 2439 deesse
1417 2406 1556 2440 medium
1572 2407 1644 2440 sere

223 2454 363 2487 indicem
387 2451 530 2496 capitum
553 2452 647 2484 huius
668 2451 759 2484 tertii
773 2452 847 2485 libri
862 2451 1088 2502 integrumque
1104 2452 1228 2494 quarti3
1251 2463 1346 2494 quem
1361 2458 1470 2484 tamen
1486 2452 1643 2494 exipsius

221 2498 361 2542 Corippi
386 2498 530 2540 margine
553 2496 684 2530 restitui
706 2496 833 2529 minime
847 2496 991 2540 placuit,
1013 2497 1100 2540 quod
1116 2496 1158 2529 ab
1176 2501 1311 2529 auctore
1326 2496 1459 2529 brevior
1477 2496 1642 2539 aliquanto

222 2543 392 2589 appositus
406 2542 451 2575 ibi
470 2541 580 2575 fuerit.
627 2541 704 2585 quin
728 2541 825 2576 etiam
846 2541 1035 2585 principium
1050 2541 1262 2585 praefationis
1278 2540 1413 2584 Corippi
1427 2541 1469 2573 ad
1484 2541 1642 2574 Iustinum

224 2591 408 2632 Augustum
431 2587 606 2620 manifesto
633 2587 738 2619 deest.
786 2585 878 2618 cuius
899 2586 1036 2618 iniuriae
1059 2597 1159 2621 causa
1181 2596 1244 2618 non
1271 2585 1424 2619 oscitanti
1439 2590 1494 2618 aut
1509 2586 1642 2621 indocto

225 2632 423 2677 descriptori
446 2631 623 2665 tribuenda
647 2631 798 2671 videtur,
823 2630 879 2673 qui
902 2630 1052 2662 fortassis
1073 2631 1239 2674 antiquius.
1259 2630 1534 2675 exemplarium,
1558 2631 1644 2664 unde

226 2678 456 2719 describebat,
477 2677 558 2712 folio
574 2688 639 2710 uno
654 2675 801 2710 mutilum
814 2674 879 2708 iam
892 2674 949 2708 illo
965 2679 1110 2719 tempore
1124 2680 1240 2709 nactus
1257 2676 1369 2713 fuerit.
1413 2676 1565 2714 Ruizius.
