1702 3060
236 150 298 198 84
834 147 1051 190 CORIPPI

345 268 487 312 quanta
506 262 632 296 forent
650 264 827 294 metuens
847 257 1032 294 convertit
1053 262 1162 306 terga
1181 262 1399 303 retrorsum,

347 326 444 362 fidus
463 327 603 376 quippe
622 326 721 372 suis,
753 331 790 361 et
804 325 927 361 multo
943 323 1110 374 pervigil
1128 329 1226 371 astu,

347 397 383 426 et
403 393 541 427 virtute
561 398 698 441 potens
716 393 849 428 Martis
869 390 1027 428 sufferre
1043 390 1207 427 labores.

346 456 415 494 sed
437 459 613 507 quotiens
635 457 789 509 dirupta
806 457 901 494 fides
914 487 924 505 ,
954 470 1025 493 nec
1043 457 1226 507 principis
1243 457 1347 492 ullus

235 522 315 563 415
345 525 435 559 vicit
456 522 579 560 honor
593 532 747 573 ‘mentes
768 527 848 561 iam
867 538 950 562 sese
971 522 1021 560 ad
1037 524 1140 560 bella
1158 529 1350 573 parantes,

346 588 439 625 dum
458 597 606 640 raptus,
638 590 732 627 dum
750 590 893 642 praeda
911 592 1038 641 placet
1050 620 1059 638 ‚
1090 589 1185 626 dum
1202 588 1374 639 praemia
1390 587 1503 624 miles

346 658 483 692 Martia
503 664 632 693 mente
654 660 759 708 cupit
775 660 914 694 nostris
937 659 1125 694 contraria
1143 658 1278 706 signis,

346 729 436 758 tunc
453 725 627 759 Romana
644 737 801 772 manus,
830 726 998 775 propriis·
1013 725 1216 761 conterrita
1235 721 1396 770 dextris,

346 795 452 838 terga
473 787 578 826 dedit
597 797 809 841 gentesque
831 791 932 828 feras
949 793 1085 827 vicisse
1104 790 1267 840 putavit.

238 854 318 894 420
345 867 423 890 non
442 861 571 891 tamen
590 854 650 892 his
668 857 805 906 longos
823 859 947 894 tenuit
962 857 1116 894 fortuna
1131 856 1286 892 labores

348 921 539 971 perfidiis,
574 922 644 959 sed
660 925 762 961 laeta
780 925 910 960 serens
927 924 1141 974 meliorque
1161 923 1305 959 revisit.

349 986 476 1036 diligit
498 989 565 1025 illa
586 1002 697 1026 suam
718 991 888 1027 fatorum
904 1002 1065 1025 munere
1086 990 1266 1025 Romam.
1312 1024 1317 1025 ⁷

349 1051 450 1090 hanc
468 1063 624 1106 propter
640 1057 784 1094 multos
802 1055 968 1107 perdens
990 1056 1147 1093 omnino
1167 1060 1350 1091 nocentes

351 1122 547 1169 contrivit,
577 1123 768 1174 rebusque
791 1122 899 1160 dedit
919 1135 989 1160 sua
1010 1121 1152 1172 gaudia
1176 1121 1332 1157 nostris.

241 1183 321 1226 425
350 1187 495 1236 profuit
512 1190 647 1226 insano
669 1203 813 1226 nomen
836 1189 931 1241 quid
951 1189 1051 1226 ferre
1070 1187 1227 1239 tyranni

352 1254 585 1303 Guntarich‚
615 1258 799 1293 Armenia
820 1259 938 1295 iacuit
957 1258 1024 1308 qui
1043 1268 1093 1292 ex
1115 1251 1232 1290 caede
1252 1247 1434 1289 volutus?

350 1332 479 1355 nonne
499 1323 634 1370 epulas
652 1325 753 1357 iuter
772 1322 836 1357 vel
856 1321 978 1357 festae
998 1322 1137 1371 pocula
1156 1331 1314 1355 mensae

355 1386 523 1422 exsolvit
542 1389 701 1424 meritas
719 1400 789 1438 pro
808 1387 928 1424 fracto
946 1386 1102 1423 foedere
1121 1384 1296 1436 poenas?

356 1450 451 1503 quid
468 1452 639 1489 Stutiam
657 1453 824 1489 referam
841 1453 1071 1503 profugum,
1099 1459 1157 1489 tot
1177 1453 1351 1502 partibus
1370 1449 1472 1489 orbis

243 1517 324 1559 430
353 1525 565 1566 errantem,
597 1517 691 1556 dum
707 1520 832 1557 multa
854 1521 978 1569 cupit,
1010 1518 1104 1555 dum
1121 1532 1220 1556 vana
1239 1520 1411 1570 requirit,

355 1599 500 1622 nomen
518 1583 661 1622 habere
681 1586 817 1623 volens
834 1587 976 1622 iniusto
994 1587 1117 1622 Marte
1135 1583 1321 1636 tyranni?

357 1663 456 1702 quas
476 1653 624 1702 Libyae
643 1651 791 1700 clades,
823 1666 919 1704 quos
939 1653 1118 1702 gentibus
1134 1652 1201 1688 isse
1218 1652 1368 1688 furores

355 1712 523 1755 addidit!
582 1726 648 1755 aut
667 1726 811 1769 quanto
827 1721 1037 1755 maculavit
1055 1719 1244 1767 sauguine
1262 1717 1430 1756 ferrum!

356 1782 503 1821 tardius
523 1785 591 1821 ille
615 1786 729 1833 licet,
760 1784 877 1835 digna
896 1784 966 1822 sed
984 1792 1106 1821 morte
1126 1792 1349 1835 peremptus

249 1849 327 1892 435
357 1852 559 1898 occubuit,
592 1853 816 1902 crimenque
836 1852 954 1888 simul
971 1863 1192 1902 poenasque
1213 1853 1433 1902 resumpsit.

358 1919 511 1955 cernitis
533 1931 645 1967 ergo,
675 1919 767 1964 viri,
799 1924 988 1969 quantum
1004 1918 1158 1953 fortuna
1177 1917 1326 1954 laboret

358 1986 596 2036 principibus
610 1997 764 2023 servare
783 1983 918 2032 fidem,
949 1991 1216 2035 quantumque
1235 1982 1405 2022 secundo

357 2052 481 2088 Marte
503 2058 611 2101 gerat
629 2058 755 2088 totum
773 2052 956 2088 Romanis
978 2050 1142 2088 subdere
1160 2049 1368 2091 mundum.

362 2131 454 2168 ergo
478 2120 599 2168 agite,
631 2125 669 2155 et
688 2119 783 2155 belli
800 2119 894 2155 socii
914 2119 1092 2170 civesque
1113 2116 1260 2166 fideles,

253 2182 333 2223 440
361 2183 521 2234 pandite
544 2187 708 2237 quisque
728 2198 818 2223 suas
837 2187 879 2222 in
900 2192 1030 2237 aperta
1050 2185 1221 2236 pericula
1240 2185 1355 2233 vires,

362 2252 539 2289 Romano
561 2251 608 2288 de
627 2266 736 2289 more
755 2253 831 2303 pii3
862 2259 1075 2304 gentesque
1093 2252 1286 2301 malignas

362 2319 542 2367 rumpite.
600 2327 832 2368 cognoscant
850 2319 987 2370 populi
1010 2331 1197 2369 regesque
1218 2317 1365 2354 subacti

366 2396 465 2434 quae
484 2385 597 2422 rebus
616 2387 738 2423 virtus
758 2393 795 2422 et
815 2399 914 2437 quae
935 2388 984 2424 sit
1003 2387 1124 2436 gloria
1142 2386 1183 2421 in
1206 2385 1338 2420 armis.

367 2453 510 2488 cernite
530 2452 601 2489 sub
622 2454 776 2504 quantis
799 2455 950 2490 iaceant
967 2466 1071 2489 nunc
1087 2453 1197 2502 signa
1214 2449 1382 2500 periclis,

259 2516 337 2558 445
368 2524 406 2554 et
425 2519 602 2568 vigilate,
632 2520 718 2557 viri.
775 2519 915 2556 mediis
930 2521 1096 2556 tentorIa
1110 2517 1254 2553 Maur-Is

260 2639 327 2674 419
349 2649 413 2682 que
428 2639 509 2673 add.
525 2639 567 2673 M
697 2639 761 2673 421
785 2637 934 2683 perfidus
963 2637 1023 2670 sed
1051 2637 1119 2670 leta
1151 2637 1200 2678 T,
1234 2635 1362 2681 perfida
1386 2633 1444 2670 sed
1467 2645 1506 2669 sc
1530 2633 1621 2668 laeta
1644 2632 1688 2666 M,

258 2686 483 2776 ἓῖἓέιῖἳετο
509 2685 556 2728 Τ,
584 2683 716 2718 numine
738 2684 779 2718 Μ
909 2682 976 2718 434
998 2687 1101 2717 marte
1114 2682 1292 2727 perhennis
1310 2682 1341 2715 Τ
1469 2678 1538 2716 444
1557 2678 1686 2714 iactant
