1702 3060
1674 420 1679 426 ·
1663 278 1689 406 <ist-:fik
1667 233 1687 266 :¹21

264 641 813 715 ΤΗΟΜΑΕ
903 627 1684 716 DEMPSTERt

497 776 1452 838 AMURESKIC.
1674 812 1685 832 ‚-

704 897 1242 946 PRAEFATIQ

351 1204 709 1247 NATALIBUS
747 1206 1122 1248 CLARISSIMO
1161 1206 1604 1248 ADOLESCENTI

503 1287 552 1323 D.
592 1285 837 1325 GASPAR
874 1288 951 1324 DE
987 1288 1065 1325 LA
1102 1289 1445 1325 TUILLERIE
1575 1282 1584 1289 ”

413 1385 579 1422 Thomas
606 1387 859 1436 Dempsteras
886 1400 912 1424 a
941 1387 1103 1425 Muresk
1134 1388 1272 1424 Scotus
1299 1388 1336 1424 I.
1373 1387 1455 1424 ST.
1492 1388 1544 1424 Pa

264 1488 421 1559 Multa
459 1522 568 1563 sunt,
607 1514 856 1553 Nobilissime
890 1515 1067 1564 Iuvenis,
1108 1529 1208 1568 quae
1251 1516 1345 1556 citra
1381 1521 1504 1557 solem
1542 1518 1687 1565 lucentq

262 1579 523 1632 lampyrides,
565 1593 659 1632 quas
691 1583 847 1619 Tullius
873 1582 1067 1619 nitedulas
1094 1590 1228 1631 vocat,
1268 1585 1311 1620 iu
1338 1584 1506 1621 tenebris
1528 1580 1689 1634 igniculi

264 1647 467 1685 videntur:
501 1653 539 1682 at
567 1645 636 1683 ubi
665 1644 798 1697 purior
830 1648 910 1685 dies
938 1645 1093 1695 illuxit,
1127 1647 1278 1686 decedit
1310 1651 1459 1700 fulgor,
1495 1657 1533 1687 et
1558 1652 1689 1707 asciti--¹

264 1712 364 1752 tium
397 1715 647 1764 fucatumque
688 1713 858 1751 nitorem
888 1712 970 1751 'veri
1002 1712 1161 1752 luminis
1192 1712 1376 1766 perfectio
1413 1713 1578 1754 discutit.
1634 1713 1688 1757 ita

263 1780 362 1818 haec
390 1777 672 1832 qualiacunque
699 1780 741 1816 in
769 1776 998 1830 Corippum,
1029 1779 1123 1817 dum
1140 1783 1302 1819 meliora
1322 1790 1586 1833 compareant,
1615 1796 1688 1834 pe·-

264 1847 436 1884 tentibus
463 1847 596 1882 amicis
623 1846 797 1882 emittere
822 1843 995 1894 decrevi,
1026 1844 1175 1885 utinam
1198 1846 1350 1887 meliori
1374 1846 1599 1886 eruditionis
1623 1863 1688 1886 so-

265 1911 370 1951 lidae
399 1914 484 1949 face
511 1909 621 1949 brevi
650 1912 871 1949 obruendax
901 1923 995 1949 nam
1015 1921 1060 1950 ut
1078 1915 1321 1965 Polygnotus
1340 1923 1412 1952 aab
1427 1916 1687 1967 Aglaophon,

264 1973 460 2017 delineabi
491 1985 643 2015 tantum
677 1978 861 2028 difficilia
898 1977 1029 2031 (Plin.
1059 1980 1111 2021 35
1142 1980 1210 2034 9).
1279 1980 1475 2019 Parrhasii
1501 1990 1591 2020 sunt
1622 1990 1688 2022 aut

265 2046 444 2096 Apelles,
474 2058 495 2080 a
522 2041 660 2095 quibus
686 2058 837 2082 summa
861 2059 1000 2084 manus
1020 2045 1165 2097 sperari
1184 2048 1334 2085 debeat.
1392 2059 1537 2087 errores
1557 2046 1687 2088 detexi

266 2113 403 2149 aetatis
425 2123 706 2161 operarumque
723 2109 894 2149 inscitias
907 2142 917 2160 ‚
956 2114 1127 2150 veritatis
1148 2116 1218 2151 vix
1238 2115 1418 2151 umbram
1437 2124 1685 2165 consecutus;

266 2177 373 2229 quod
400 2189 467 2213 cur
491 2173 642 2212 mireris
653 2175 672 2213 ’ἔ
712 2190 800 2213 cum
826 2191 848 2214 a
873 2175 1030 2229 triginta
1052 2187 1151 2217 retro
1171 2178 1282 2218 annis
1299 2195 1415 2219 nemo
1433 2183 1628 2220 luculento
1649 2190 1686 2222 et

266 2242 496 2294 dignissimo
514 2242 848 2281 lucubrationibus
869 2250 1005 2295 poetae
1022 2259 1183 2283 manum
1204 2246 1410 2285 athnovere
1428 2251 1469 2285 in
1487 2256 1544 2287 tot
1565 2249 1686 2289 doctis

266 2310 317 2348 sit
354 2323 484 2347 ausus.
541 2310 690 2358 primus
718 2310 887 2348 Michael
916 2313 1074 2348 Ruizius
1099 2314 1303 2363 Assagrius
1332 2314 1463 2352 blattis
1496 2314 1687 2368 tineisque

267 2374 557 2426 depugnantem
585 2390 605 2411 e
634 2376 792 2413 latebris
821 2384 859 2414 et
886 2378 962 2414 situ
987 2379 1175 2425 extraxit,
1210 2386 1248 2415 et
1269 2377 1415 2417 lacunis
1433 2382 1548 2419 foede
1564 2385 1687 2420 iuter*

266 2443 443 2494 polatum
458 2471 467 2488 ‚
513 2449 735 2492 corruptum
750 2471 760 2490 ‚
806 2442 947 2480 iniuria
985 2446 1186 2482 vetustatis
1226 2456 1400 2482 arrosum
1434 2447 1687 2501 sordibusque

267 2509 527 2560 squallentem
549 2509 590 2544 in
611 2509 742 2545 lucem
764 2508 894 2558 dedjt3
922 2523 1048 2562 neque
1071 2522 1123 2548 ex
1146 2512 1214 2548 illo
1234 2511 1437 2564 quisquam
1457 2515 1498 2550 in
1518 2517 1686 2566 Europa,

269 2574 376 2627 quod
403 2575 546 2622 sciam,
575 2576 698 2611 ullam
724 2575 842 2612 aliam
864 2578 1131 2615 membranam
1153 2577 1270 2626 vidit,
1299 2587 1342 2616 ut
1360 2581 1475 2630 plane
1493 2594 1561 2630 pro
1584 2581 1686 2617 affli-

270 2648 332 2679 cto
368 2654 412 2678 ac
452 2654 552 2692 pene
591 2642 828 2679 conclamato
857 2643 898 2679 iu
926 2643 1018 2680 fano
1044 2645 1266 2695 Aesculapii
1293 2646 1342 2683 sit
1367 2638 1685 2697 pernoctandum,

269 2719 347 2760 quo
374 2707 533 2745 tandem
566 2709 721 2746 sanitati
749 2709 923 2747 restituto
953 2722 1033 2747 non
1059 2722 1160 2749 unus
1188 2710 1392 2750 deberetur
1420 2713 1568 2762 gallus,
1605 2725 1685 2749 non
