1702 3060
456 117 808 164 IOHANNIDOS
842 119 948 164 LIB.
979 119 1035 165 H.

48 226 104 271 85
184 228 355 267 Nuntius
372 235 571 268 extremas
588 231 739 283 Libyae
754 237 1001 272 transvectus
1018 233 1062 271 iu
1081 246 1168 273 oras

131 303 322 335 convocat
341 296 555 337 indomitas
578 306 755 336 extrema
775 297 827 336 ad
844 301 994 351 proelia
1014 309 1166 353 gentes.

130 366 314 403 convenit
330 367 550 405 innumeris
566 380 772 420 nunquam
794 375 1000 419 superatus
1019 371 1198 422 Ilasguas

129 432 312 483 milibus,
346 441 385 472 et
405 441 534 473 totum
554 436 722 473 volitans
745 438 971 475 conterritat
991 439 1142 479 orbem.

131 501 390 552 cornipedum
408 515 549 541 saevus
569 503 714 541 laxatis
734 505 883 541 Austur
903 502 1070 544 habenis

45 567 102 610 90
127 568 276 606 viribus
294 568 401 608 hunc
419 572 594 623 sequitur
611 571 736 610 fidens
747 601 757 621 ,
789 579 828 610 et
845 572 958 610 fortis
978 575 1020 610 iu
1037 577 1156 614 armis

131 642 171 672 et
188 649 354 676 numero
373 646 583 690 superante
602 638 782 678 modum.
839 653 934 677 nam
953 641 1122 694 belliger
1143 646 1304 697 Austur,

130 703 318 744 sollicitus
341 705 480 745 dubias
501 709 650 759 campis
671 709 915 746 committere
936 722 1105 761 pugnas,

129 772 296 811 collocat
317 777 484 814 astrictis
501 789 637 813 muros
657 776 863 828 fossasque
883 778 1058 827 camelis,

129 846 248 892 atque
266 855 387 894 pecus
404 846 561 882 varium
578 843 701 880 densa
720 844 894 882 vallante
914 858 1058 884 corona

42 905 99 950 95
125 910 260 959 ponit,
291 919 336 949 ut
354 912 531 950 obicibus
549 917 771 963 pugnantes
793 912 970 962 implicet
990 912 1124 954 hostes

127 978 414 1032 ambiguosque
431 986 599 1032 premat.
658 993 817 1016 currens
842 986 936 1017 tuuc
956 993 1097 1019 saevus
1114 983 1293 1034 Ilasguns

128 1054 275 1084 mactat
292 1050 336 1085 in
353 1049 529 1099 augustis
547 1053 800 1099 prosternens
815 1048 974 1097 agmina
987 1052 1126 1100 muris,
1207 1034 1210 1035 ⁷

126 1121 167 1152 et
185 1128 344 1166 campos
362 1128 522 1153 securus
543 1114 626 1152 adit
638 1145 649 1164 ,
680 1117 934 1168 sequiturque
953 1119 1176 1172 premitque

126 1181 246 1220 caede
261 1196 384 1233 nova,
413 1186 681 1237 miserumque
699 1184 795 1221 furit
811 1190 985 1222 vastator
1002 1187 1043 1223 in
1063 1199 1224 1239 agmen.

7 1253 97 1294 {100
125 1258 184 1290 est
203 1253 303 1290 aries
322 1253 402 1291 illis
420 1252 575 1290 infandi
593 1250 778 1289 machina
795 1252 905 1301 belli,

124 1327 360 1373 comptaque
380 1319 580 1372 dispositis
598 1326 750 1370 ponunt
768 1321 938 1356 tentoria
957 1321 1095 1371 signis,

123 1385 283 1426 horrida
305 1402 403 1440 gens
425 1396 463 1426 et
483 1388 581 1426 dura
603 1389 698 1425 viris
718 1386 928 1439 audaxque
946 1387 1157 1439 triumphis

125 1456 366 1506 innumeris,
394 1457 507 1494 nulio
527 1456 644 1492 bellis
667 1468 766 1506 quae
787 1462 965 1506 tempore
987 1463 1114 1495 cessat

123 1523 270 1574 impia,
301 1523 485 1561 crudelis.
540 1523 671 1559 nullas
693 1524 807 1559 timet
825 1523 894 1559 ille
914 1523 1070 1562 ruinas:

17 1590 96 1634 105
125 1590 197 1629 sed
214 1592 327 1629 licuit
343 1593 522 1629 timuisse
539 1598 675 1628 tamen
687 1619 698 1639 ‚
727 1589 800 1628 sed
818 1591 904 1627 iure
922 1591 1070 1640 licebit,

122 1661 322 1711 paeniteat
337 1661 510 1698 saevisse
533 1658 614 1697 diu.
671 1671 767 1696 nam
786 1659 898 1696 fortis
920 1659 1099 1710 Ilasguas

123 1726 327 1780 quondam
344 1741 416 1779 per
431 1728 532 1766 latos
551 1732 768 1779 prostratus
785 1727 947 1764 vuhiere
969 1740 1131 1778 campos

122 1797 255 1834 iuncta
276 1809 393 1834 saeva
413 1794 542 1843 dedit,
571 1794 728 1846 praedis
747 1795 942 1847 bellisque
959 1797 1149 1846 pepercit.

121 1866 236 1902 lerna
254 1864 370 1902 ferox
386 1862 450 1902 his
471 1862 609 1901 ductor
627 1870 710 1901 erat
727 1864 940 1916 Gurzilque
958 1863 1156 1902 sacerdos.

13 1933 95 1976 110
122 1930 217 1975 huic
235 1933 411 1970 referunt
428 1938 565 1983 gentes
584 1938 696 1984 pater
713 1939 772 1970 est
790 1931 900 1984 quod
917 1933 1096 1983 corniger
1115 1934 1302 1984 Ammon,

121 2001 265 2039 bucula
282 2007 393 2039 torva
412 2013 569 2052 parens.
627 2007 736 2038 tauta
754 2007 814 2038 est
833 2002 987 2038 insania
1008 2002 1134 2038 caecis

121 2068 341 2118 mentibus,
371 2066 444 2106 ha!
475 2070 640 2106 miseras
657 2069 802 2106 fallunt
820 2069 876 2106 sic
891 2070 1058 2106 numina
1075 2067 1235 2121 gentes!

176 2137 306 2176 Ifurac
325 2137 480 2174 infestis
498 2139 607 2174 venit
625 2137 825 2175 consultus
843 2138 885 2173 in
905 2138 1039 2176 armis.

119 2203 188 2245 hic
206 2203 330 2257 pedes
346 2205 513 2257 insignis
537 2206 662 2256 clipeo
681 2206 849 2258 telisque
870 2206 1047 2254 resultat,

13 2273 93 2318 115
122 2280 162 2311 et
179 2286 368 2311 mucrone
387 2279 547 2324 potens,
577 2286 742 2311 saevum
762 2272 859 2311 dum
877 2272 1005 2310 tendit
1023 2275 1066 2311 in
1087 2271 1259 2313 hostem.

121 2343 372 2380 Macumiaua
388 2354 531 2378 manus
551 2340 692 2380 calidis
712 2340 915 2380 descendit
939 2342 988 2379 ab
1014 2343 1105 2390 oris,

120 2423 221 2463 quae
238 2409 413 2461 Tripolis
432 2407 586 2446 deserta
607 2410 719 2458 colit3
751 2409 1003 2463 Gadabisque
1021 2411 1199 2461 maligna

121 2478 243 2516 mittit
261 2477 310 2516 ab
329 2490 418 2515 arce
434 2478 559 2526 viros,
594 2483 634 2514 et
652 2479 780 2516 saevis
802 2479 1012 2517 moenibus
1030 2477 1195 2517 horrens

123 2544 296 2598 Digdiga
311 2547 452 2585 vicinis
470 2547 575 2585 acies
594 2544 703 2584 dedit
720 2546 900 2598 improba
918 2547 1028 2599 ripis.

1415 123 1483 168 47

14 2656 60 2693 89
83 2658 178 2690 astur
198 2656 232 2690 Τ
353 2658 399 2692 96
419 2658 659 2704 ambiguusque
675 2659 708 2693 Τ
836 2657 900 2693 105
924 2661 1054 2693 tantum
1072 2658 1105 2692 Τ
1232 2658 1315 2693 ibid.
1341 2667 1378 2690 se
1393 2656 1468 2691 ΜΤ

16 2703 83 2738 108
97 2702 214 2736 iuncta
233 2701 274 2743 Τ,
287 2701 424 2746 inguina
436 2704 480 2739 M
569 2705 635 2739 109
650 2705 743 2748 lerna
762 2704 796 2739 T
884 2705 948 2740 111
967 2703 1108 2739 buccula
1118 2704 1151 2739 Τ
1242 2705 1309 2739 113
1322 2702 1428 2737 isarae
1439 2702 1472 2736 Τ

16 2748 84 2784 116
104 2746 311 2783 mucamiana
327 2749 360 2782 Τ
472 2751 538 2786 117
560 2751 674 2795 quas?
789 2749 875 2785 ibid.
899 2750 1040 2796 trepulis
1060 2750 1093 2783 Τ
1197 2751 1265 2786 119
1287 2747 1407 2794 dicliga
1424 2746 1467 2782 Τ.

78 2812 210 2848 Merob.
239 2816 272 2847 et
303 2810 381 2846 Cor.
1166 2808 1193 2846 8
