1702 3060
415 104 475 148 IN
507 103 861 150 IOHANNIDOS
894 105 916 150 1
949 106 1153 150 NOTAE.
1416 107 1516 154 213

163 214 234 258 48.
290 214 400 266 Virg.
416 213 525 253 Aen.
548 217 574 257 8
598 215 705 257 557:
735 216 768 253 it
787 217 917 260 tc’mor.

161 271 232 314 48.
282 279 442 323 pectore
461 286 580 310 curas
595 274 705 323 Virg.
724 272 832 311 Aen.
857 275 880 314 1
901 275 1004 322 227,
1035 271 1062 315 4
1087 269 1192 323 248,
1225 273 1252 316 5
1271 275 1370 317 711-

158 327 229 370 54.
288 343 517 366 concurrere
533 331 641 379 Virg.
657 329 765 377 Aen.
793 332 815 371 1
838 329 920 372 493
943 337 982 367 et
1004 331 1057 369 10
1080 332 1122 370 8.

163 385 232 427 55.
289 399 340 423 an
371 385 567 437 ilfi-stas?
608 387 718 437 Virg.
746 386 856 423 Aen.
889 387 941 427 11
973 387 1081 428 899:
1122 387 1307 437 ingruere
1337 386 1512 438 infirmos

46 439 206 480 Itos-tes.-
249 443 321 480 alii
343 449 477 480 tamen
500 442 557 479 ibi
578 443 718 493 legunt
737 443 912 494 infestos.

157 501 227 540 60.
284 499 394 550 Virg.
421 500 567 550 Geor-g.
596 497 623 538 4
648 499 755 540 522:
785 499 1026 549 discerptum
1055 497 1158 536 latos·
1186 499 1367 536 invenem
1394 512 1512 550 spar-

45 569 130 592 sere
140 569 216 606 per
233 569 366 607 agros.
427 556 584 606 reposui
603 554 799 602 Nttzilnle,
826 562 871 592 ut
888 563 947 593 est
964 568 1064 592 mox
1082 556 1186 593 infra
1207 569 1245 592 v.
1257 556 1326 597 65.
1385 570 1431 592 ea
1453 563 1513 594 est

44 613 140 650 urbs
158 613 263 650 clara
281 614 592 664 Mesopotamiae
610 613 651 648 in
670 612 848 650 confiniis
865 614 1026 650 Persiae
1039 642 1050 662 ‚
1081 612 1180 650 alias
1197 619 1335 650 vocata
1353 611 1511 649 Nisibis·

43 670 110 706 vel
128 667 316 715 Nes—ibis,
345 676 389 706 ut
410 669 592 706 observat
612 669 805 706 cellarius
822 671 863 706 in
882 669 981 707 Not.
1003 668 1109 706 orbis
1122 670 1285 720 antiqui
1301 671 1326 709 3
1356 669 1407 708 15
1431 675 1460 706 t.
1483 671 1510 709 2

42 738 84 777 p.
103 726 185 768 734
213 723 309 763 edit.
335 726 447 776 Lips.
478 725 609 774 1705,
641 732 680 762 et
704 727 762 763 Le
784 727 913 772 Quien
930 727 973 763 in
1003 726 1161 763 Oriente
1183 726 1410 763 Christiano
1431 732 1461 762 t.
1482 727 1510 765 2

42 794 84 833 p.
109 781 253 823 995*
266 785 308 824 6.
366 795 458 819 cum
487 788 622 819 autem
649 783 844 833 posterior
865 781 931 819 hic
951 784 1120 834 scriptor
1138 790 1286 820 asserat
1307 780 1414 834 quod
1435 794 1509 819 no·-

42 851 134 876 men
151 840 235 876 eim
254 837 457 876 IIebraice
478 846 516 876 et
534 839 698 889 Syriace
709 839 1023 889 praesidiariam
1049 841 1259 876 stationem
1285 839 1507 890 signifieat,

40 893 200 933 videtur
225 895 418 947 Corippus
440 897 607 947 propius
626 898 839 934 accessisse
862 895 914 932 ad
937 897 1198 934 Orientalium
1214 897 1508 947 pronuntiatio-

39 964 136 989 nem
154 954 197 989 in
216 951 425 990 scribendo
448 951 591 990 eodem
609 954 786 990 nomine.
845 953 1039 989 Hebraico
1063 954 1212 990 etenim
1231 951 1376 988 Netzib
1398 950 1506 988 idem

0 1021 1 1026 ¹
41 1015 103 1046 est
131 1022 178 1046 ac
205 1009 342 1054 statio,
372 1009 638 1060 praesidium>
667 1014 818 1055 castra,
846 1010 889 1046 in
918 1009 1066 1046 Lexico
1088 1008 1294 1046 Hebraico
1321 1008 1507 1046 Zanolini

39 1077 82 1116 p.
107 1064 216 1113 2943
255 1066 390 1112 statio,
425 1067 652 1103 stationarii
680 1066 843 1111 milites,
874 1065 1124 1116 praesidium
1151 1065 1326 1102 militum
1352 1066 1396 1102 in
1426 1078 1506 1101 uno

39 1122 216 1173 quodam
233 1122 439 1172 peculiari
466 1122 548 1160 loro
570 1123 814 1172 positorum,
840 1123 882 1159 in
909 1123 1056 1159 Lexieo
1086 1122 1253 1174 linguae
1276 1121 1508 1158 Hehraieae

35 1180 118 1217 Iao.
149 1179 322 1216 Gussetii
349 1192 392 1230 p.
416 1180 523 1221 1005
549 1178 644 1216 edit.
670 1178 870 1216 secundae
894 1181 1007 1230 Lips.
1034 1178 1166 1227 17433
1198 1181 1295 1216 item
1325 1179 1443 1215 statio
1469 1186 1506 1215 et

31 1235 282 1287 praesidium
307 1235 484 1273 militum
508 1237 551 1272 in
577 1239 634 1274 Io.
655 1234 803 1274 Christ.
821 1235 952 1274 Clodii
974 1237 1120 1273 Lexico
1140 1235 1344 1273 Hebraico
1365 1235 1506 1272 selecto

37 1293 83 1331 in
110 1292 439 1344 Supplementum
467 1292 584 1330 lexici
615 1293 850 1330 Gussetiani
869 1295 980 1344 Lips.
1002 1291 1112 1334 1744
1138 1306 1181 1344 p.
1197 1291 1293 1333 343.
1351 1292 1434 1329 imo
1462 1292 1504 1328 in

34 1349 182 1388 Lexico
210 1349 475 1400 Heptaglotto
504 1350 668 1387 Castelli
706 1350 780 1387 ool.
809 1351 921 1391 2376
961 1347 1174 1387 Chaldaice
1203 1348 1388 1386 Netzibin
1426 1360 1502 1385 vo-

35 1412 148 1443 catur
167 1405 310 1443 eadem
329 1406 423 1444 urbs
440 1407 751 1458 Mesopotamiam
764 1435 775 1454 ‚
806 1412 926 1458 atque
945 1406 1113 1443 Arabice
1130 1403 1343 1445 Natzibin.
1404 1417 1502 1442 con-

34 1463 99 1500 fer
123 1464 244 1500 etiam
267 1464 410 1513 Giggei
444 1462 635 1499 The-saur.
659 1462 826 1514 linguae
848 1462 1051 1499 Arabicae
1071 1463 1154 1501 vol.
1175 1460 1201 1502 4
1226 1462 1301 1498 ool.
1324 1458 1428 1510 6463
1461 1467 1501 1499 et

34 1520 157 1570 Greg.
184 1518 487 1569 Abul-Pharag.
512 1519 626 1556 Hist.
658 1519 936 1570 dynastiarmm
967 1517 1063 1557 edit.
1094 1519 1143 1556 ab
1169 1517 1274 1555 Edu.
1300 1515 1500 1555 Pocockio

34 1577 216 1617 oxoniae
235 1578 343 1618 1663
365 1590 407 1627 p.
427 1579 509 1617 223
532 1582 569 1612 et
593 1576 708 1624 alibi,
737 1583 782 1613 ut
799 1589 851 1612 ex
870 1574 1020 1613 Indice.
1078 1576 1177 1613 item
1195 1577 1237 1612 in
1255 1572 1343 1612 Ioh.
1363 1574 1500 1612 Simo-

34 1634 97 1670 nis
122 1632 374 1670 Onomastico
401 1633 551 1670 Veteris
580 1633 819 1670 Testamenti
837 1633 943 1670 Sect.
962 1635 989 1673 2
1009 1646 1042 1670 c.
1060 1634 1086 1673 6
1106 1646 1148 1683 p.
1165 1632 1218 1674 64
1236 1630 1338 1668 haec
1351 1631 1500 1682 legun-

34 1696 121 1727 tur:
165 1688 339 1727 Netzibh
371 1690 488 1726 statio
518 1689 709 1735 militnm,
739 1689 1005 1740 praesidium,
1035 1688 1130 1725 urbs
1162 1689 1206 1726 in
1237 1687 1344 1725 tribu
1371 1688 1501 1733 Iuda,

34 1747 115 1784 Ios.
139 1746 192 1787 15
213 1745 284 1787 43.
324 1745 497 1783 eiusdem
513 1759 651 1783 sensus·
666 1753 721 1782 est
732 1746 1000 1798 profanorum
1020 1745 1195 1790 Nisibis,
1222 1744 1266 1782 id
1285 1751 1343 1782 est
1360 1745 1498 1782 Netzi-

32 1803 124 1852 bin,
153 1803 340 1840 elationes
367 1803 579 1848 militares,
599 1803 825 1853 praesidia:
854 1803 937 1839 vid.
974 1802 1134 1840 doctiss.
1168 1801 1412 1838 Selzzdtensii
1430 1802 1498 1838 in-

32 1859 109 1897 dex
135 1859 195 1901 ad
217 1861 343 1897 vitam
374 1859 566 1896 Saladini
588 1859 661 1897 sub
690 1873 783 1897 voce
811 1858 984 1897 Nisibis.
1044 1857 1094 1895 de
1129 1860 1181 1896 iis
1211 1871 1312 1910 quae
1342 1857 1496 1895 ibidem

33 1923 144 1968 gesta
166 1923 258 1953 sunt
279 1916 351 1954 sub
371 1917 588 1954 Iustiniano
605 1917 714 1954 iuvat
735 1915 871 1953 audire
892 1917 1131 1967 Procopium
1149 1916 1262 1952 Haec.
1285 1914 1389 1952 Arc.
1414 1928 1448 1952 c.
1466 1916 1496 1955 2

33 1979 74 2010 et
90 1973 140 2010 de
159 1972 260 2010 bello
278 1974 392 2010 Pers.
414 1975 441 2013 2
479 1974 545 2013 18.
602 1971 672 2010 hio
693 1980 830 2010 tamen
856 1972 1078 2011 Iohannem
1105 1973 1239 2024 potius
1266 1973 1416 2009 victum
1442 1968 1496 2008 ad

30 2030 188 2068 Nisibin
205 2043 326 2082 quam
342 2031 533 2067 victorem
549 2031 665 2068 nobis
684 2036 966 2082 repraesentat.
1005 2028 1077 2068 sed
1092 2028 1225 2066 eidem
1244 2027 1352 2066 cordi
1368 2029 1494 2065 fuisse

31 2099 79 2124 ea
102 2099 262 2124 narrare
294 2099 396 2138 qnae
423 2088 546 2137 gessit
571 2088 810 2135 Bfflisarius,
841 2088 954 2124 cuius
970 2099 992 2123 a
1011 2088 1172 2124 secretis
1191 2086 1322 2122 fuerat
1343 2086 1492 2136 quique

29 2150 210 2195 praeerat
229 2150 325 2180 tunc
342 2144 403 2180 illi
419 2142 685 2195 expeditioni,
716 2151 774 2181 est
794 2142 1028 2191 dicendum,
1058 2156 1136 2180 neo
1154 2143 1288 2180 onmia
1307 2142 1493 2192 singilla-

28 2202 104 2238 tim
134 2207 388 2252 prosecutum
420 2200 544 2237 fuisse
577 2214 679 2253 quae
713 2200 832 2238 duces
855 2200 1062 2237 inferiores
1080 2200 1382 2250 praestiterunt,
1411 2198 1493 2235 nisi

29 2258 159 2295 mavis
177 2263 216 2294 et
236 2255 303 2294 hic
323 2258 562 2307 Procopium
579 2259 760 2295 incusare
780 2256 829 2294 de
851 2256 929 2294 fide
950 2257 1100 2293 Graeca
1121 2256 1186 2292 vel
1206 2253 1256 2292 de
1275 2255 1490 2305 negligen-

29 2315 86 2351 tia
104 2315 146 2350 in
162 2312 337 2351 historiis
359 2315 440 2351 suis
458 2313 663 2362 texendis,
695 2321 738 2351 ut
754 2314 849 2351 fecit
867 2311 1113 2351 Oltroochius
1134 2313 1176 2349 in
1189 2313 1305 2348 Hist.
1322 2311 1486 2362 Ligust.

31 2369 216 2407 ecclesiae
234 2370 457 2408 Mediolan.
483 2383 524 2422 p.
543 2372 624 2412 296
644 2378 683 2408 et
698 2384 810 2423 seqq.
824 2399 834 2418 ,
860 2372 958 2407 item
978 2383 1019 2421 p.
1040 2368 1122 2411 304
1138 2374 1230 2406 nota
1243 2365 1299 2420 (*)
1311 2397 1321 2416 ‚
1351 2381 1391 2419 p.
1407 2369 1488 2408 308

32 2433 72 2463 et
89 2439 221 2479 seqq.‚
252 2434 291 2465 et
311 2441 351 2478 p.
368 2430 464 2469 329.
522 2440 596 2465 nos
620 2428 716 2466 alibi
743 2426 971 2465 videbimus
998 2439 1051 2470 ex
1076 2424 1156 2464 hoo
1170 2430 1354 2478 poemate
1371 2425 1488 2477 plura

31 2483 207 2534 suppleri
224 2497 339 2536 posse
358 2482 410 2520 ad
428 2486 612 2536 Prooopii
630 2483 829 2522 historias.

142 2542 210 2581 70.
265 2554 328 2578 ms
361 2540 571 2578 Theodosio
584 2542 744 2592 ypolin,
773 2539 845 2579 sed
864 2541 974 2592 prius
992 2553 1063 2592 pro
1084 2545 1284 2591 postrema
1303 2537 1435 2574 littera
1458 2550 1487 2573 n

31 2601 117 2633 erat
135 2609 189 2633 m.
246 2597 423 2636 imitatus
453 2605 512 2636 est
541 2599 734 2651 Corippus
767 2597 1050 2645 Claudianum,
1081 2595 1188 2647 apud
1215 2608 1336 2647 quem
1362 2593 1487 2631 Theo-

31 2652 167 2690 dosia-s·
194 2653 273 2690 vel,
293 2653 536 2693 Theudosius
564 2655 699 2707 (unde
724 2662 783 2693 est
816 2653 1131 2705 Theodosiopolis
1151 2653 1217 2690 vel
1245 2650 1486 2688 Theudosia-

26 2708 162 2761 polis)
193 2716 251 2747 est
271 2710 588 2765 quadrisyllabus
607 2715 802 2764 incipiens
824 2725 848 2750 a
869 2711 1120 2764 diphthongo
1149 2709 1253 2746 Theo
1266 2708 1332 2744 vel
1358 2705 1482 2742 ΊΥιειι.

31 2765 125 2804 vide
147 2766 356 2805 Claudiani
376 2769 544 2807 Carmen
561 2773 586 2812 3
611 2770 689 2820 52,
721 2771 772 2813 15
798 2771 903 2820 216,
932 2771 987 2811 22
1011 2768 1065 2810 52
1086 2773 1125 2805 et
1144 2765 1249 2814 422,
1279 2769 1318 2801 et
1338 2764 1391 2806 29
1417 2763 1487 2804 98·
