1702 3060
435 108 510 151 DE
543 106 890 151 MEROBAUDE
922 107 1110 151 PRAEF.
1463 121 1508 151 lx

160 221 221 258 De
252 220 379 272 pretio
417 218 702 258 anecdotorum
737 218 932 258 editorem
962 217 1092 257 dicere
1124 218 1390 271 periculostun
1423 226 1507 269 est;

50 302 179 343 neque
201 302 443 342 magnopere
470 295 605 326 metuo
635 302 708 337 ne,
735 288 802 326 vel
829 289 970 325 silente
996 301 1085 336 me,
1115 286 1376 325 Merobaudes
1392 300 1507 325 meus

50 357 364 397 contemnendus
390 362 506 410 poeta
534 355 662 395 videri
687 357 823 408 possit.
882 356 1009 393 multa
1038 356 1214 407 profecto
1236 355 1300 394 his
1320 357 1507 394 carmini-

49 426 125 465 bus
151 428 287 464 insunt
313 427 467 464 fortiter
493 426 684 476 cogitata,
714 425 885 476 plurima
915 424 1116 475 eleganter
1145 424 1273 462 dicta:
1303 439 1510 478 nunquam

50 496 216 547 ineptit3
250 508 359 543 raro,
385 492 429 531 id
445 491 555 546 quod
575 496 663 531 aevi
683 494 825 531 vitimn
844 499 924 540 est,
955 500 1096 530 tmnet.
1155 495 1206 530 sit
1222 495 1264 530 in
1285 492 1362 531 hoc
1385 507 1509 547 quae-

53 562 148 601 dam
169 562 327 602 editoris
347 561 627 616 φιλοστοργία.·
658 569 792 599 tamen
811 559 915 598 hanc
935 560 1287 613 reprehensionem
1311 576 1392 599 non
1411 562 1511 600 adeo

51 644 210 680 vereor,
243 637 288 668 ut
305 643 385 668 non
402 631 530 668 fatear
553 644 694 682 cupere
713 643 778 667 me
801 643 894 667 eum
915 629 1132 668 Claudiano
1147 660 1157 679 ,
1189 631 1253 667 cui
1275 631 1394 667 aetati
1417 643 1512 682 pro-

50 699 186 737 ximus
216 706 298 747 est,
333 701 487 750 poetica
517 713 672 752 quoque
695 697 813 735 laude
837 699 908 735 vix
925 698 1154 736 inferiorem
1179 699 1342 736 censeri.
1404 699 1513 736 scili-

51 763 134 816 cet,
170 765 216 804 id.
253 766 360 820 quod
389 769 656 819 inscriptionis
690 768 867 818 elogium
894 766 1117 818 praedicat,
1156 768 1363 818 ingenium
1395 769 1514 805 annis

49 837 198 888 pariter
222 848 268 872 ac
295 836 385 873 stilo
416 844 669 885 exercuerat,
707 838 797 888 plus
826 838 868 874 in
901 837 1036 874 castris
1068 849 1188 887 quam
1217 837 1259 872 in
1288 835 1516 874 scholarum

51 905 132 942 otio
161 911 354 943 versatus.
411 905 455 941 in
481 905 712 942 uuiversum
731 912 866 940 autem
885 902 962 940 hoc
982 901 1202 939 tenendum
1223 910 1302 951 est,
1331 905 1402 941 illo
1425 917 1515 942 sae-

52 971 142 1009 culo
158 985 235 1024 quo
257 972 361 1009 orbis
377 972 579 1008 Romanus
601 970 853 1019 concidebat,
884 971 1004 1022 longe
1025 971 1140 1022 plura
1159 971 1429 1024 amplioraque
1450 973 1515 1008 in-

53 1040 172 1091 genia
200 1040 374 1089 viguisse
403 1051 523 1091 quam
554 1040 602 1076 iis
630 1053 732 1092 quae
752 1041 935 1092 proxime
956 1047 1273 1091 praecesserant:
1314 1053 1516 1078 summum

53 1107 161 1145 enim
179 1104 413 1156 discrimen,
443 1120 521 1160 quo
540 1116 706 1159 urgente
725 1110 1037 1161 uniuscuiusque
1053 1110 1197 1160 privati
1215 1106 1389 1146 hominis
1410 1110 1517 1147 salus

52 1188 78 1213 a
94 1175 153 1212 rei
173 1175 356 1226 publicae
388 1175 514 1213 salute
541 1175 760 1228 pendebat,
792 1178 946 1215 animos
970 1191 1023 1215 ex
1045 1176 1197 1215 diutino
1226 1184 1384 1228 torpore
1406 1178 1517 1214 exci-

51 1250 155 1281 tatos
174 1244 402 1294 graviorum
421 1258 554 1283 rerum
574 1246 878 1297 cogitationibus
897 1246 1114 1298 implebat3
1145 1247 1250 1283 viros
1275 1253 1408 1283 autem
1428 1258 1517 1282 ma-

53 1324 154 1364 gnos
176 1313 220 1350 in
241 1311 385 1351 mediis
409 1315 596 1365 periculis
626 1314 998 1368 discriminibusque
1026 1321 1140 1352 natos
1173 1320 1212 1351 et
1235 1313 1384 1363 factos,
1414 1315 1519 1351 inter

53 1381 306 1433 antiquarum
331 1383 525 1421 virtutum
551 1385 685 1422 ruinas
708 1385 930 1422 eminentes
944 1414 954 1432 ,
987 1391 1026 1421 et
1048 1396 1217 1436 quorum
1232 1383 1439 1420 immensis
1455 1381 1519 1419 la-

52 1448 213 1487 boribus
231 1450 420 1503 reliquiae
437 1452 597 1503 ianerii
616 1453 925 1499 sustinebantur,
946 1453 1096 1489 sincere
1119 1459 1158 1488 et
1180 1464 1232 1487 ex
1253 1452 1385 1488 animo
1403 1464 1522 1502 prae-

55 1515 240 1556 dicabant
271 1517 661 1570 admirabanturque.
719 1520 866 1571 quippe
899 1520 1065 1556 Traiani
1097 1531 1195 1556 aevo
1227 1531 1358 1570 neque
1390 1517 1523 1555 clades

56 1592 242 1636 acceptae
270 1599 400 1637 neque
424 1587 529 1637 parti
555 1585 749 1637 triumphi
776 1585 1052 1624 condicionem
1079 1587 1272 1624 Italorum
1295 1586 1525 1623 mutabant:

55 1666 195 1691 verum
221 1665 246 1690 a
276 1655 422 1691 virtute
452 1661 492 1691 et
522 1654 712 1692 felicitate
741 1655 848 1692 Aetii
877 1655 1040 1706 eiusque
1069 1652 1281 1706 prudentia
1312 1652 1527 1705 pendebat,

55 1728 188 1760 utrum
205 1722 358 1759 Romae
376 1729 415 1759 et
433 1723 475 1759 in
492 1723 607 1761 Italia
627 1736 764 1762 secure
786 1718 1010 1771 viveretur,
1043 1735 1093 1759 an
1118 1723 1378 1760 barbarorum
1395 1724 1528 1760 saevi-

54 1791 112 1828 tia
137 1803 266 1843 usque
293 1791 338 1828 in
359 1791 643 1830 remotissimos
674 1791 841 1843 angulos
871 1799 1130 1843 grassaretur.
1188 1790 1308 1830 huius
1338 1793 1450 1841 aevi,
1486 1792 1528 1828 in

57 1871 136 1911 quo
157 1871 360 1896 armorum
378 1860 505 1911 gloria
521 1861 660 1899 Aetius
681 1862 766 1912 ipse
786 1874 831 1898 ac
849 1861 1099 1909 Bonifacius,
1129 1861 1328 1913 pauloque
1349 1861 1524 1898 iuniores
1549 1872 1584 1907 p.
1610 1861 1680 1898 XII

56 1927 300 1966 Maiorianus
329 1935 369 1966 et
397 1929 678 1979 Sebastianus,
710 1931 927 1979 florebant,
960 1931 1035 1967 viri
1055 1931 1124 1967 vix
1140 1930 1214 1967 ulli
1231 1931 1411 1981 priorum
1436 1943 1529 1967 sae-

58 1995 240 2033 culorum
273 1994 366 2033 duci
396 1997 584 2047 secundi3
613 2000 655 2036 in
685 2012 762 2052 quo
786 2012 868 2037 non
888 2001 1007 2051 pauci
1026 2013 1141 2037 senes
1162 2000 1394 2051 superstites
1418 2006 1531 2038 erant

59 2065 130 2116 qui
149 2062 416 2104 Claudianum
433 2065 659 2117 audissent,
689 2076 728 2106 et
743 2067 851 2122 quod
870 2070 919 2106 D.
941 2057 1213 2120 Augustinum
1232 2066 1530 2120 quodaimnodo

59 2132 136 2170 sibi
154 2133 326 2171 tribuere
351 2142 528 2187 poterat,
557 2135 677 2175 huius
690 2167 700 2186 ,
732 2139 921 2191 inquam,
951 2139 1040 2175 aevi
1060 2137 1219 2174 nulltun
1238 2144 1444 2188 supererat
1462 2138 1529 2173 in-

60 2202 170 2252 genii
186 2211 516 2253 monumentum3
544 2212 664 2258 atque
682 2207 769 2258 ipsa
785 2208 965 2258 ingentia
985 2206 1092 2243 Aetii
1111 2205 1216 2242 facta
1229 2233 1239 2252 ,
1264 2211 1422 2256 praeter
1436 2205 1529 2242 bre-

59 2270 267 2308 vissimam
291 2273 335 2308 in
363 2270 558 2311 chronicis
579 2277 849 2324 mentionem,
875 2275 1092 2312 memoriae
1110 2271 1321 2312 hominum
1338 2275 1422 2311 fere
1442 2289 1530 2311 ere-

59 2345 130 2391 pta
147 2339 322 2378 fuerunt.
360 2341 495 2394 itaque
514 2343 725 2394 singularis
741 2342 887 2382 horum
902 2344 1218 2394 fragmentorum
1240 2341 1310 2380 dos
1332 2350 1403 2392 est,
1424 2342 1534 2395 quod

62 2414 103 2446 et
132 2407 184 2446 ad
210 2422 344 2447 rerum
373 2417 577 2460 gestarum
605 2413 790 2449 notitiam
821 2410 1007 2449 nonnihil
1044 2412 1276 2459 conferunt,
1315 2418 1356 2448 et
1389 2424 1534 2449 aevmn

6 2466 10 2470 ’
62 2476 218 2528 ipsum,
250 2478 467 2531 qualesque
497 2480 568 2517 illo
596 2486 776 2532 tempore
807 2481 957 2518 fuerint
978 2481 1134 2518 litterae
1155 2478 1420 2533 hominesque
1442 2494 1535 2517 eru-

67 2541 159 2593 diti,
187 2552 280 2583 ante
302 2547 438 2585 oculos
462 2549 621 2586 sistunt.

176 2612 350 2654 Editoris
383 2616 581 2666 officium,
614 2619 658 2655 in
686 2615 919 2656 huiusmodi
948 2618 1127 2672 reliquiis
1158 2615 1412 2656 recensendis
1427 2646 1437 2665 ,
1474 2616 1539 2654 vel

66 2680 277 2732 praecipue
306 2685 408 2722 circa
430 2686 709 2737 supplementa
730 2699 917 2725 versuum
941 2693 1216 2725 truncatorum
1235 2687 1386 2724 versari
1404 2684 1538 2722 liben-

66 2753 128 2785 ter
159 2761 354 2802 agnosco3
389 2766 559 2807 eumque
597 2754 780 2804 demum,
812 2757 880 2808 qui
908 2768 955 2793 ea
985 2769 1086 2808 quae
1107 2756 1234 2794 fracta
1259 2761 1298 2793 et
1318 2754 1539 2792 deformata
