1702 3060
1651 0 1679 67 ἵ

261 77 359 125 284
755 81 1194 125 MAZZUGCHELLII
1658 73 1678 124 ἑ

369 187 462 231 334.
519 187 620 225 Hirt.
637 187 685 224 de
705 186 802 224 bello
818 186 1035 226 Alexandra
1060 202 1093 227 0.
1112 191 1137 229 8
1160 196 1198 227 et
1218 203 1299 243 seq.
1330 202 1446 244 aqua
1463 192 1618 239 dulciti,
1645 194 1682 241 ἢ

258 243 339 282 Cic.
361 248 385 285 6
406 246 449 279 in
473 245 628 281 Verrem
650 255 684 279 0.
705 243 780 283 53:
799 243 899 293 jon-s*
916 256 1044 294 aquae
1061 244 1200 282 dulcis.-

367 300 460 338 338.
516 311 595 334 sese
614 310 632 333 e
643 304 767 346 pastu
783 299 955 349 referunt
971 302 1078 350 Virg.
1093 300 1195 337 Aen.
1217 303 1243 341 7
1267 302 1362 342 700·
1390 308 1430 339 et
1443 301 1533 341 Ecl.
1551 303 1576 343 8
1605 301 1680 347 101

257 352 399 391 desinit
419 354 582 402 pariter:
613 353 772 403 n‘voque
784 355 945 402 fluenti.
1666 375 1681 403 (-

364 407 458 447 343.
516 407 756 458 unclisagos]
788 408 889 445 hanc
920 421 1059 446 vocem
1088 407 1138 446 ad
1161 410 1307 447 calcem
1326 411 1439 448 lexiei
1457 412 1518 449 sui
1538 413 1684 450 reiecti,

254 469 314 499 rat
343 463 603 510 Forcellinus,
633 465 701 514 qui
729 477 798 513 pro
828 463 966 502 eadem
983 466 1073 501 citat
1089 467 1311 515 Eugenium
1327 467 1587 515 Toletanum,
1617 464 1695 509 secl'

252 519 295 553 in
315 517 544 566 Appemlice
567 531 637 555 sua
660 520 790 555 retulit
811 521 1041 557 Furlanetus
1074 534 1124 556 ex
1148 520 1319 557 Palladii
1343 523 1620 573 epigrammate
1640 511 1689 569 d*

254 579 340 608 ortu
366 573 487 617 solis,
528 573 633 623 quod
657 575 800 623 legitur
834 577 874 611 iu
906 575 1148 626 Antlzologca
1174 578 1390 613 Burmanni
1416 584 1445 615 t.
1472 581 1499 618 2
1525 590 1565 628 p.
1593 574 1684 621 303.

254 629 374 664 etiam
396 629 637 665 Ricciolius
626 643 667 665 111
688 631 880 666 Prosodm
898 631 1110 681 reformata
1129 644 1198 681 plo
1219 631 1357 668 eadem
1384 645 1478 670 voce
1503 632 1688 671 retulerat·

254 695 293 721 v.
322 683 429 723 9538
457 685 607 720 Lucani
639 689 659 724 1
694 682 797 731 414,
838 687 912 722 sio:
952 686 1113 735 Tellzyos·
1143 687 1367 737 undivagae
1392 687 1598 725 lunaribus
1619 700 1687 724 ae-

256 744 357 774 stuet
389 738 505 774 horis‘.
567 736 638 775 sed
667 751 755 775 eam
780 740 988 776 lectionem
1015 743 1153 778 merito
1183 743 1404 792 improbant
1434 745 1576 791 critici,
1616 744 1686 780 etsi

258 794 471 842 reperiatur
498 794 540 830 in
565 806 643 830 uno
670 806 730 830 ms
760 793 891 831 codice
908 796 1118 843 Vossiano,
1149 809 1266 847 quem
1284 800 1375 834 citat
1391 798 1693 848 Oudendolpius

260 847 312 884 ad
341 861 431 884 eum
456 849 607 896 locum3
639 855 677 885 et
704 852 844 886 rectius
870 851 1007 900 legunt
1024 852 1133 887 unda
1148 853 1532 904 1agae.Corippus
1557 860 1687 890 autem

261 916 393 940 rursus
416 902 576 940 adhibet
599 903 766 940 eandem
784 918 921 943 vocem
935 906 1037 942 iufra
1056 910 1081 947 7
1109 905 1189 946 344
1213 913 1250 943 et
1271 906 1317 943 de
1335 907 1444 944 laud.
1475 912 1493 948 1
1524 911 1615 949 110.

372 957 568 1000 344-5.
624 961 666 996 111
699 962 874 1010 margine
911 959 1009 998 haec
1044 962 1248 1010 leguntur:
1298 969 1390 999 nota
1418 964 1534 1000 etiam
1561 964 1687 1000 varios

262 1013 393 1050 modos
418 1013 585 1051 bibendi.
645 1014 827 1051 videntur
858 1023 988 1052 autem
1020 1015 1143 1052 iidem
1170 1015 1365 1067 desumpti
1386 1029 1438 1054 ex
1455 1018 1554 1055 libro
1575 1019 1686 1055 Iudi-

261 1082 351 1104 cum
370 1071 396 1109 8
422 1073 469 1110 6:
488 1070 580 1119 suit
594 1070 726 1119 itaque
746 1084 928 1107 numerus
948 1084 1095 1116 eorum,
1122 1073 1191 1122 qui
1206 1085 1328 1108 manu
1344 1073 1401 1109 ad
1412 1086 1454 1109 o-s·
1464 1074 1687 1123 proiiciente

259 1122 438 1160 lambam
430 1131 509 1160 ant
529 1138 670 1174 aquae,
704 1127 861 1162 trecenti
886 1127 977 1163 m'ri:
1010 1127 1135 1162 omnis
1162 1134 1292 1163 autem
1311 1127 1463 1178 leliqua
1482 1128 1687 1167 multitudo

246 1179 356 1235 flexo
371 1179 523 1228 poplite
544 1178 705 1216 biberat.

369 1234 462 1274 346.
520 1236 613 1271 Hor.
641 1236 666 1274 3
700 1233 750 1276 15
793 1237 867 1276 16:
910 1249 979 1272 nee
1002 1237 1093 1286 poti
1115 1236 1289 1274 vetulam
1302 1238 1422 1288 fizece
1444 1245 1557 1276 tenus
1582 1237 1685 1275 cadi.

254 1290 361 1338 Virg.
381 1287 484 1325 Aen.
508 1288 533 1329 5
562 1293 587 1330 7
591 1287 665 1329 75
687 1296 872 1338 pateram
895 1297 1007 1327 tenet.

367 1344 460 1385 347.
520 1343 568 1380 de
602 1344 720 1380 verbo
758 1347 963 1394 impres-sat
992 1344 1081 1382 vide
1111 1358 1227 1396 supra
1259 1345 1308 1384 ad
1337 1346 1363 1388 5
1396 1350 1490 1388 872.
1545 1348 1687 1398 poteris

257 1401 376 1436 etiffln
394 1400 525 1449 legere
541 1400 636 1449 ipsis
654 1400 858 1448 impressat
876 1402 1005 1437 arenis
1021 1400 1181 1451 belliger
1197 1415 1282 1438 ora:
1311 1403 1354 1438 in
1375 1402 1506 1440 codice
1524 1405 1629 1440 euim
1647 1417 1702 1446 re,

254 1467 348 1492 vera
379 1430 457 1491 est0
465 1468 546 1491 ora.
610 1456 729 1490 etiam
747 1456 912 1492 verbum
929 1457 1222 1506 supetjbedant,
1249 1458 1283 1494 si
1303 1459 1469 1495 iunctim
1488 1459 1686 1507 scribatur,

256 1509 482 1546 addendum
501 1511 574 1546 erit
591 1510 732 1547 lexicis
751 1512 924 1548 Latinis:
954 1511 1025 1549 sed
1041 1511 1266 1549 disiunctim
1280 1513 1358 1550 feci
1378 1527 1493 1563 super
1499 1514 1686 1566 foedant,

255 1572 299 1603 ut
319 1573 376 1602 est
396 1568 438 1602 111
459 1565 621 1602 codice
611 1578 711 1615 ipso.

370 1624 463 1662 370.
523 1627 611 1657 ante
630 1620 772 1657 hiscem·
788 1619 954 1658 adiicere
975 1622 1119 1672 poteris
1139 1622 1181 1658 in
1199 1623 1336 1660 lexicis
1354 1623 1511 1674 linguae
1527 1625 1686 1662 Latinae

260 1677 380 1712 etiam
409 1675 592 1726 bisquini.
652 1674 727 1713 hac
750 1690 844 1714 voce
867 1690 960 1714 usus
982 1684 1040 1714 est
1061 1676 1145 1714 Ioh.
1164 1679 1212 1715 L.
1235 1677 1284 1715 de
1302 1680 1423 1716 Bonis
1451 1679 1611 1729 epistola
1640 1681 1687 1720 18

260 1732 318 1767 ad
341 1745 469 1782 regem
506 1733 707 1781 Ungariae
733 1739 778 1768 ut
801 1732 962 1769 tollatur
985 1732 1154 1770 schisma
1173 1746 1211 1770 v.
1232 1736 1308 1782 39,
1337 1734 1406 1770 ubi
1430 1736 1482 1771 ait
1503 1734 1686 1785 hisquinis

260 1786 411 1823 vicibus
430 1787 511 1822 iam
528 1786 590 1822 sol
607 1788 789 1837 varieque
807 1795 991 1838 vagatur.
1052 1787 1138 1825 Ioh.
1168 1801 1323 1840 quoque
1340 1790 1523 1840 Aloysius
1541 1789 1686 1826 Gnido-

259 1843 408 1890 bonus,
439 1841 487 1878 de
511 1854 587 1892 quo
608 1840 698 1878 vide
715 1844 756 1878 in
775 1843 904 1879 Praef.
925 1850 1056 1880 nostra
1069 1872 1080 1891 ‚
1109 1857 1148 1881 v.
1165 1846 1219 1885 29
1239 1846 1314 1881 ait:
1342 1857 1412 1881 nec
1430 1845 1525 1882 dum
1539 1844 1685 1895 bisqui—

260 1911 331 1936 nos
353 1905 462 1942 aetas
485 1904 555 1933 tua
575 1897 725 1933 viderat
742 1911 879 1933 annos.

370 1955 466 1994 390.
510 1952 767 2002 jbrtlasacta
785 1954 891 2002 Virg.
909 1951 1012 1988 Aen.
1036 1953 1059 1992 1
1086 1951 1182 1994 645.

368 2011 464 2050 391.
519 2007 622 2043 infra
641 2011 667 2048 7
693 2010 747 2047 20
770 2014 974 2044 occurrunt
992 2021 1090 2045 arva
1115 2009 1335 2044 Vincensia.

367 2063 588 2112 39401981'
607 2075 733 2111 opaca
751 2064 858 2113 Virg.
878 2062 981 2099 Aen.
1009 2065 1037 2103 2
1063 2063 1144 2103 725
1175 2069 1214 2099 et
1242 2065 1268 2104 6
1298 2065 1394 2104 683-

368 2118 465 2160 395.
523 2119 602 2154 Cic.
621 2131 697 2166 plo
725 2117 808 2168 lege
828 2132 875 2169 αδ
861 2131 962 2154 ‹r·.7ar
989 2120 1011 2157 1
1041 2119 1089 2158 8:
1118 2119 1257 2154 οἱνιιαε
1277 2118 1444 2155 sollicita
1458 2117 1684 2167 suspicione.

366 2176 463 2215 396.
520 2173 746 2222 mediosper
763 2174 888 2210 hostes
898 2175 1005 2223 Virg.
1014 2172 1116 2209 Aen.
1131 2176 1155 2214 3
1175 2176 1276 2221 283,
1307 2180 1345 2210 et
1363 2175 1414 2214 12
1438 2173 1519 2215 477
1537 2179 1575 2210 et
1593 2172 1686 2214 650-

366 2231 463 2269 397.
520 2230 626 2278 Virg.
647 2228 750 2265 Aen.
770 2232 797 2269 2
822 2231 897 2270 91:
926 2229 1040 2265 haud
1057 2230 1191 2278 igtwta
1213 2229 1361 2279 loquor.

366 2284 463 2325 417.
529 2284 738 2334 Tarincus]
773 2297 854 2320 11011
881 2284 998 2335 plane
1030 2285 1179 2320 clarum
1207 2292 1264 2322 est
1291 2283 1367 2322 1100
1391 2295 1535 2320 nomen
1556 2282 1598 2319 in
1621 2294 1686 2319 co-

256 2338 364 2387 dice,
393 2339 462 2376 ubi
483 2340 670 2389 scriptum
691 2338 847 2376 videtur
862 2341 993 2390 potius
1010 2340 1210 2376 tarino-ius.

367 2393 463 2435 432.
519 2395 627 2443 Virg.
646 2394 747 2431 Aen.
771 2396 795 2434 9
822 2397 925 2436 793:
955 2395 1041 2431 telis
1051 2395 1198 2444 premit
1211 2393 1387 2444 infinsis.

367 2449 463 2490 435.
521 2448 699 2486 ordinem
717 2448 859 2486 horum
874 2452 1080 2487 nominum
1094 2450 1319 2496 immutavi,
1351 2448 1443 2499 quia
1466 2446 1686 2496 Stephanus

259 2503 379 2542 habet
398 2506 568 2555 priorem
588 2504 782 2554 syllabam
799 2505 960 2542 brevem
979 2503 1084 2555 apud
1100 2505 1319 2541 Martialem
1335 2511 1374 2541 et
1391 2505 1616 2550 Aratorem,
1644 2507 1686 2538 ut

261 2566 410 2598 constat
433 2572 486 2597 ex
506 2559 699 2596 Prosodia
718 2560 931 2609 reformata
951 2560 1141 2597 Ricciolii.

373 2613 470 2657 437.
523 2615 601 2651 feci
634 2615 862 2665 Gregorius,
889 2621 934 2652 ut
964 2621 1025 2659 est¹
1047 2627 1163 2665 supra
1182 2613 1209 2654 4
1237 2611 1338 2664 487,
1366 2625 1447 2652 non
1477 2612 1683 2662 Georgius:

264 2683 359 2711 nam
375 2668 491 2709 huius
511 2672 638 2723 prima
653 2671 801 2723 passim
819 2669 923 2722 apud
941 2674 1076 2722 poetas
1099 2671 1321 2721 corripitur,
1350 2675 1394 2708 ut
1418 2666 1551 2708 videre
1568 2673 1625 2706 est
1642 2668 1683 2705 in
