1702 3060
457 78 808 125 IOHANNIDOS
841 78 948 122 LIB.
980 77 1080 122 VII.
1405 75 1500 122 157

154 194 278 232 Marte
300 191 373 230 sub
399 191 583 243 ancipiti3
612 204 733 244 quem
753 191 788 229 si
805 203 887 228 non
905 190 1065 229 laeserit
1080 186 1218 237 hostis,

153 273 296 297 nomen
322 261 394 297 erit
412 266 570 297 nostrae
584 272 817 298 mansurum
832 260 875 296 in
894 259 1051 297 saecula
1069 259 1215 295 famae.

152 334 335 364 cernatur
351 329 532 365 Romana
553 326 651 366 fides
672 329 876 379 virtusque
897 327 1103 379 laborque.

152 396 213 432 eia
234 395 361 445 agite,
391 409 415 433 ο
435 396 622 445 iuvenes,
651 403 761 434 tanto
780 396 823 432 iu
845 395 1074 433 discrimine
1098 394 1237 431 Martis

40 460 122 505 470
149 463 300 500 auxilio
321 464 492 501 relevate
513 464 666 513 virum,
703 471 919 515 gentesque
941 463 1132 514 superbas

151 530 328 580 deiicite,
358 538 398 569 et
417 537 588 580 vestros,
618 532 735 581 socii,
765 532 916 569 salvate
939 525 1149 568 clientes.”

205 599 271 637 Sic
298 601 376 647 ait3
407 606 446 637 et
467 601 587 637 motis
605 606 796 651 ruperunt
818 600 977 650 agmina
999 599 1138 650 signis.

149 673 258 718 terga
281 666 400 704 dabat
416 668 498 704 iam
514 667 592 705 fida
612 681 754 706 manus
775 669 977 706 Maurusia
996 667 1160 718 campis,

149 737 411 786 Languantan
431 737 514 772 iam
532 737 659 774 victor
680 744 777 775 erat.
834 734 1084 774 Putzintulus
1104 746 1183 770 una

39 803 120 847 475
149 805 373 856 Cusinaque
394 810 433 840 et
455 805 569 841 victis
592 804 756 842 cedebat
778 801 974 842 Geisirich
992 803 1127 840 armis.

150 873 365 923 respiciunt
382 872 511 909 subito
527 873 724 910 venientis
744 873 856 922 signa
873 870 1076 919 Iohannis,

146 940 450 992 percipiantque
470 941 644 988 animos,
675 947 714 977 et
731 940 868 976 melfia
889 940 989 976 colla
1009 943 1236 990 retorquent

148 1007 352 1059 alipedum
372 1008 540 1046 celeres:
569 1020 748 1059 pugnam
772 1008 916 1043 virtute
937 1013 1161 1056 reposcunt.

201 1077 306 1112 Acer
323 1077 364 1112 in
383 1075 570 1112 adversos
589 1075 747 1112 fervens
771 1074 1023 1111 Putzintulus
1044 1071 1179 1110 hostes

35 1141 118 1187 480
145 1150 236 1181 ante
259 1143 386 1191 volat,
416 1143 600 1195 rupitque
619 1143 740 1194 prior.
798 1148 894 1179 tunc
912 1143 1050 1179 sternit
1069 1144 1242 1179 Imastan

145 1212 308 1249 vulnere
331 1211 556 1248 confossiun
573 1209 727 1259 valido,
757 1211 982 1262 fortemque
1003 1210 1162 1247 Nifaten

147 1293 242 1317 ense
262 1279 372 1327 ferit,
401 1280 585 1331 nigrique
605 1285 711 1317 secat
729 1279 815 1316 fera
837 1279 938 1316 colla
962 1279 1174 1316 Mamonis.

147 1345 290 1384 dividit
308 1346 465 1386 adversi
486 1348 590 1385 ferro
613 1353 730 1398 caput
753 1347 892 1384 obvius
912 1347 995 1394 Irti‚

145 1416 307 1466 sanguis
326 1423 364 1453 et
381 1417 556 1453 immisto
575 1413 779 1466 perfundit
797 1415 977 1451 membra
999 1414 1173 1452 cerebro.

32 1481 115 1526 485
143 1486 349 1535 proximus
366 1484 512 1522 infensi
527 1484 692 1521 veniens
706 1495 778 1534 per
793 1489 929 1533 guttur
942 1485 1106 1520 Amanti

144 1551 379 1603 transadigit
398 1550 576 1590 validum
596 1552 706 1589 letali
726 1552 889 1589 vulnere
907 1552 1056 1588 telum:

143 1621 250 1658 vocis
272 1620 348 1656 iter
370 1620 531 1668 clausit3
562 1620 720 1658 fluitans
740 1633 854 1656 cruor
872 1618 966 1657 inde
986 1633 1058 1671 per
1078 1632 1143 1656 ora

145 1701 217 1739 per
236 1689 522 1741 geminumque
540 1690 660 1726 micat
676 1687 867 1726 subducta
889 1687 1051 1738 cuspide
1073 1688 1232 1725 vulnus.

142 1754 249 1793 hunc
267 1757 406 1808 procul
425 1756 630 1795 ardentem
649 1756 783 1795 media
803 1758 907 1794 inter
927 1757 1007 1793 tela
1027 1769 1190 1794 suorum

30 1824 114 1868 490
139 1825 342 1862 Ifuracum
364 1824 498 1862 videre
521 1824 664 1863 duces:
697 1831 792 1862 tunc
813 1825 972 1875 agmine
992 1825 1096 1862 facto

142 1905 324 1930 aversum
341 1894 490 1944 pariter
504 1893 655 1930 ferrum
671 1899 730 1930 tot
747 1893 860 1929 milia
880 1900 1065 1945 torquent

142 1962 310 2014 quisque
330 1973 460 1998 suum.
520 1961 647 2012 clipeo
666 1961 871 1998 venientes
891 1963 1055 2013 suscipit
1075 1960 1224 2000 hastas.

138 2029 303 2067 vulnera
325 2029 435 2066 nulla
454 2042 603 2080 pavens
621 2029 787 2066 loricam
807 2035 1024 2081 tempserat
1042 2031 1126 2080 ille,

139 2096 307 2134 confisus
327 2098 470 2134 virtute
491 2110 575 2134 sua.
634 2096 730 2134 dum
744 2097 884 2134 lancea
902 2100 1052 2135 circum

22 2162 110 2207 495
140 2163 262 2202 densa
280 2165 409 2213 volat,
435 2163 567 2201 dirum
586 2167 705 2203 sentit
723 2166 796 2203 sub
819 2173 978 2216 pectore
997 2167 1147 2203 ferrum

138 2230 222 2269 dux
242 2230 323 2269 heu
342 2235 642 2283 magnanimus,
670 2246 746 2270 nec
763 2233 910 2271 fractus
931 2235 1095 2271 vulnere
1113 2241 1224 2271 tanto

140 2301 196 2338 sic
220 2301 346 2338 socios
365 2299 544 2338 hortatur
564 2314 701 2338 ovans.
754 2296 966 2350 “victoria‚
982 2303 1117 2350 ccix-es,

138 2375 267 2406 vestra
285 2375 434 2406 manet.
493 2376 692 2420 pugnate,
722 2370 819 2417 viri,
851 2376 1069 2422 gentesque
1088 2369 1282 2409 nefandas

138 2435 288 2474 inferiis
307 2436 492 2474 mandate
512 2439 626 2475 meis.
686 2438 720 2474 si
740 2438 897 2475 vincitis
914 2436 1049 2476 hostes

28 2501 112 2544 600
141 2501 236 2541 dum
251 2503 365 2542 video
379 2535 390 2554 ,
423 2503 520 2542 dum
541 2507 657 2554 vivo,
686 2507 816 2557 magis
841 2506 1101 2559 gaudensque
1125 2521 1197 2559 per
1216 2508 1378 2545 umbras

137 2571 398 2622 Languentan
415 2581 554 2625 gentes
572 2575 742 2628 propriis
765 2574 910 2626 aptabo
932 2574 1163 2628 triumphis.

24 2711 94 2749 499
116 2712 166 2747 sic
178 2713 274 2759 apud
289 2714 338 2751 Μ.
