1702 3060
328 70 388 114 IN
414 69 766 114 IOHANNIDOS
800 70 866 114 VI
895 69 1096 113 NOTAE.
1381 70 1480 115 283

91 194 94 196 ’
129 181 226 224 220.
288 182 446 233 quique]
482 179 587 219 hanc
606 194 747 220 vocem
765 182 970 234 supplevi,
1011 180 1106 235 quia
1122 194 1258 220 versus
1277 179 1480 220 claudica-

43 244 100 282 nt.
158 239 324 276 sortasse
347 239 492 276 melius
512 245 595 276 erat
614 241 791 291 quisque.

53 293 94 340 3)»
128 295 224 337 225.
283 296 472 346 Virgilius
501 297 639 333 novies
670 296 810 347 incipit
841 308 1001 332 versum
1027 295 1076 332 ab
1101 293 1178 332 hae
1198 308 1294 333 voce
1317 297 1478 348 quippe.

35 364 98 394 vno
122 353 227 390 Aen.
253 354 308 394 12
335 352 418 393 422
445 354 593 403 pariter
611 353 772 403 incipit:
803 353 949 402 qnippe
972 352 1096 389 dolor.

60 423 62 426 ’
126 411 222 451 229.
280 422 490 460 secumque
509 408 663 446 ιοίιιίαι
683 410 792 459 Virg.
810 409 915 445 Aen.
941 407 968 448 4
996 410 1094 449 533.

129 467 226 508 235.
285 467 366 504 cic.
381 478 456 516 pro
483 464 568 516 lege
597 466 763 516 agvaria
782 478 814 502 c.
837 467 883 505 1·
914 472 1057 501 cautus
1075 466 1118 501 in
1130 465 1342 514 periculis,
1372 472 1412 503 et
1430 466 1490 504 ad

42 523 218 560 Minium
237 523 419 560 Ruit-em
438 525 463 563 3
485 536 548 572 ep.
565 523 661 560 ult.:
690 528 852 559 cautum
873 535 952 558 esse
971 523 1014 558 in
1031 520 1253 558 εει-ιόεηᾶο.

127 581 223 622 236.
281 577 396 617 Ovid.
418 591 463 614 ex
482 579 612 616 Ponto
632 577 658 619 4
686 582 713 620 7
742 580 767 618 9
784 600 834 605 ——
851 579 926 619 10.
960 579 1043 628 ipse
1064 592 1091 614 1
1084 578 1175 615 icles
1194 585 1357 615 onerata
1363 578 1488 628 stro-‘c

46 642 62 671 ι
83 635 210 673 ducat
225 635 349 686 Iazyx
363 648 440 686 per
459 635 610 672 medias
627 636 724 672 Islrh'
735 634 926 685 plaustra
947 634 1144 672 bubulcus
1165 648 1308 686 aquas.

125 693 221 734 241.
280 692 389 742 Virg.
410 690 514 728 Aen.
537 695 562 733 7
592 691 699 733 794:
731 693 898 742 agmina
921 691 1152 729 domamur.

124 748 322 792 253—5.
382 750 503 785 etiam
532 748 641 799 Vix-g.
675 750 805 799 iungit
826 749 946 786 simul
968 751 1088 800 figres
1110 750 1248 786 leones
1268 755 1307 784 et
1328 759 1481 799 angues

36 806 164 856 horg.
189 808 218 846 2
246 805 322 847 151
339 805 442 847 ——4.
500 818 572 856 pro
608 819 878 842 nmnsuescere
906 807 1032 842 activo
1062 805 1154 842 vide
1186 805 1290 842 infra
1318 818 1359 843 v.
1382 804 1480 854 484,

28 868 54 899 *t
72 868 116 899 ut
135 860 434 914 quadrisyllabo
459 860 551 898 vide
572 863 694 898 etiam
711 864 819 912 virg.
846 863 883 899 G
888 876 991 913 θοι-ἕ.
1013 863 1041 904 4
1070 860 1168 904 470.

123 920 219 959 258.
276 925 360 954 urle
381 932 484 955 ηονα
505 918 612 969 Virg.
634 919 739 956 Aen.
758 923 784 960 7
811 918 909 961 477.

123 974 220 1019 264·
280 975 415 1012 confer
437 978 464 1016 7
495 977 587 1016 124.

123 1034 220 1073 273.
278 1032 318 1068 iu
350 1030 539 1068 Numidia
564 1031 728 1068 australi
758 1029 856 1068 situs
884 1036 945 1068 est
971 1042 1089 1068 mons
1115 1029 1336 1075 Aurasius,
1366 1029 1479 1067 cuius

28 1087 166 1125 ncolae
187 1095 298 1125 erant
317 1089 446 1125 Mauri
467 1089 539 1126 sub
562 1090 740 1139 principe
759 1086 904 1135 lauda,
938 1085 987 1124 de
1011 1101 1090 1139 quo
1108 1089 1261 1124 mentio
1281 1087 1324 1123 fit
1347 1088 1390 1124 in
1413 1100 1480 1124 se-

27 1143 224 1196 mentibus
248 1145 450 1192 versibus,
480 1151 525 1181 ut
546 1144 762 1196 Procopius
791 1146 845 1181 ait
872 1145 920 1180 de
939 1143 1039 1180 bello
1066 1145 1200 1181 Vand.
1227 1147 1248 1184 1
1286 1145 1326 1184 8.
1384 1142 1479 1181 vide

14 1202 67 1238 ¹bi
83 1203 111 1242 2
139 1204 190 1242 12
207 1208 246 1238 et
261 1214 346 1253 seq.
359 1231 369 1250 ,
394 1201 464 1238 ubi
483 1202 597 1253 plura
613 1209 748 1238 narrat
765 1201 813 1238 ‹le
830 1200 953 1238 labda
982 1200 998 1252 (
1010 1202 1066 1238 sic
1083 1202 1191 1237 enim
1208 1199 1312 1236 illud
1329 1213 1481 1238 nomen

26 1259 128 1296 ‘ertit
148 1259 355 1296 Malu-etus
377 1271 431 1295 ex
452 1257 602 1295 Graeco
625 1253 801 1309 Ἰάβδας,
836 1256 945 1310 quod
967 1256 1078 1295 idem
1101 1264 1214 1295 sonat
1232 1270 1278 1293 ac
1298 1256 1479 1308 Iazcdas)

15 1315 186 1366 orincipe
211 1317 442 1352 Maurorum
469 1317 538 1367 qui
567 1315 650 1352 illic
677 1314 923 1351 habitabant.
983 1315 1120 1351 confer
1149 1315 1271 1351 etiam
1298 1313 1481 1351 eiusdem

15 1371 101 1408 =ibri
119 1374 146 1412 2
169 1383 201 1408 c.
226 1375 275 1413 19
297 1378 335 1408 et
355 1385 438 1423 seq.
468 1379 506 1409 et
536 1385 568 1408 c.
594 1372 671 1419 25,
701 1374 800 1409 item
826 1371 875 1407 de
891 1371 1102 1419 Aeclficizls
1127 1373 1154 1412 6
1180 1373 1228 1419 7,
1261 1377 1301 1407 et
1331 1371 1479 1408 Cellar.

0 1469 1 1475 ¹
22 1428 163 1478 Geogr.
184 1428 285 1466 Ant.
308 1426 335 1468 4
363 1427 389 1468 5
422 1440 462 1479 p.
483 1431 686 1476 186—7,
717 1430 786 1480 qui
812 1435 949 1464 tamen
980 1426 1153 1464 eundem
1182 1434 1362 1464 montem
1385 1427 1480 1466 Azo-

0 1486 194 1522 maedam
211 1491 326 1522 vocat
337 1513 347 1532 ,
382 1485 458 1522 etsi
475 1486 517 1522 iu
536 1497 607 1523 sua
625 1485 761 1522 tabula
781 1483 1047 1536 geographica
1068 1490 1200 1521 exstet
1217 1483 1434 1522 Aurasius.

119 1541 216 1583 277.
278 1541 454 1593 Iamlas]
494 1540 543 1579 de
574 1555 621 1579 eo
650 1541 742 1579 vide
768 1549 947 1579 nostram
974 1548 1112 1579 notam
1144 1540 1196 1578 ad
1221 1541 1292 1578 lib.
1324 1543 1349 1582 3
1382 1544 1480 1590 302,

0 1611 82 1635 cleo
108 1610 190 1634 nou
216 1599 455 1649 Procophun
482 1599 580 1636 locis
607 1612 736 1649 nuper
764 1600 911 1646 citatis,
949 1605 988 1635 et
1010 1598 1058 1635 de
1080 1597 1181 1635 hello
1206 1597 1328 1635 Goth.
1350 1596 1378 1638 4
1413 1600 1481 1639 17.

23 1655 74 1691 lic
91 1661 224 1691 narrat
247 1653 355 1706 quod
373 1657 492 1693 variis
514 1655 759 1708 diversisque
783 1654 927 1692 accidit
948 1655 1216 1706 temporibus:
1244 1668 1341 1691 nam
1357 1667 1478 1705 prae-

17 1718 164 1762 postere
195 1712 364 1748 Antalae
395 1710 642 1750 deditionem
672 1714 812 1761 refert,
847 1711 896 1749 de
924 1725 1003 1764 qua
1032 1710 1135 1748 nihil
1154 1713 1350 1763 reperitur
1369 1711 1479 1762 apud

0 1768 226 1819 ·Corippm11
247 1774 448 1816 nostrum,
482 1771 575 1821 quia
606 1770 774 1807 fortasse
806 1768 854 1806 de
884 1782 931 1806 ea
963 1770 1044 1820 egit
1070 1775 1227 1806 tauhun
1253 1770 1295 1805 in
1322 1768 1425 1805 libro
1447 1770 1476 1810 8

9 1825 125 1862 huius
150 1826 368 1875 poematis,
405 1826 474 1878 qui
504 1839 665 1878 prorsus
691 1828 834 1878 periit,
872 1839 963 1864 cum
992 1839 1075 1863 non
1106 1832 1238 1863 exstet
1262 1827 1306 1862 in
1334 1823 1474 1863 codice

0 1882 122 1920 »emico
138 1879 404 1919 Trivultiauo.

116 1939 213 1979 283.
269 1938 438 1976 Austur.
500 1951 619 1990 supra
638 1941 665 1980 2
692 1939 746 1979 89
767 1945 806 1976 et
824 1942 874 1981 91
897 1939 1066 1976 occurrit
1082 1939 1125 1975 in
1143 1952 1206 1976 ms
1228 1937 1306 1976 hoc
1322 1950 1473 1976 nomen

0 1994 64 2033 *sio
81 1994 228 2042 Astur,
257 1994 328 2033 sed
352 1993 506 2033 ibidem
524 2009 563 2033 v.
584 1997 667 2037 209
694 2002 733 2032 et
755 1994 860 2045 345,
888 2003 933 2033 ut
960 1995 1046 2044 hic,
1080 2003 1139 2033 est
1157 1996 1329 2034 Austur.
1391 1996 1472 2032 ibi-

5 2049 98 2091 dem
125 2051 177 2088 ad
205 2053 378 2103 priorem
407 2065 460 2089 ex
489 2053 618 2090 citatis
649 2053 830 2090 versibus
868 2054 1072 2091 confessus
1102 2066 1192 2090 sum
1221 2065 1287 2089 me
1315 2054 1471 2090 nescire

3 2109 92 2161 quis
109 2109 280 2159 populus
298 2109 456 2146 Africae
474 2110 525 2147 sit
539 2109 710 2148 Austur.
770 2111 907 2146 inveni
926 2117 1060 2147 autem
1076 2109 1147 2146 ubi
1164 2111 1319 2146 iaceant
1337 2109 1473 2158 campi

7 2164 291 2210 Mammenses,
315 2179 462 2217 nempe
486 2167 529 2203 in
559 2167 738 2204 confiniis
764 2165 1066 2203 mediterraneis
1088 2166 1272 2217 Byzacii,
1305 2173 1350 2203 ut
1372 2179 1471 2203 con—

0 2226 80 2261 unt
98 2235 150 2259 ex
169 2223 362 2273 Procopio
380 2223 429 2260 de
444 2222 584 2274 Aedis:
609 2226 634 2264 6
662 2226 711 2269 63
746 2223 797 2260 cf.
820 2223 868 2259 cle
888 2222 987 2259 bello
1015 2223 1148 2260 Vand.
1173 2225 1201 2263 2
1231 2226 1298 2264 11.

115 2280 210 2320 288.
268 2280 377 2330 Virg.
397 2278 501 2316 Aen.
529 2279 555 2320 4
586 2281 665 2321 188
694 2280 847 2316 famam
871 2286 986 2316 vocat
1014 2281 1211 2316 nuntiam.
1274 2279 1470 2330 Apuleius

4 2334 53 2372 de
71 2335 140 2372 deo
167 2336 277 2372 Soc-7·
307 2334 411 2373 dixit
435 2335 576 2373 efiam.
606 2349 702 2372 aves
717 2336 815 2372 ae'ra
831 2335 1036 2374 volitando
1052 2343 1080 2372 tt
1082 2350 1191 2373 anst
1183 2334 1387 2373 erberant.

116 2394 211 2434 318.
270 2391 378 2445 Virg.
395 2393 500 2431 Aen.
523 2392 548 2434 5
578 2390 685 2433 462·
719 2399 758 2429 et
784 2395 936 2431 saevire
962 2394 1109 2430 animis
1128 2392 1337 2430 Entellum
1358 2392 1474 2431 haud

1 2460 144 2498 passu-‘t
163 2448 326 2487 acerbis.-

117 2507 212 2546 820·
268 2518 309 2544 v·
336 2509 355 2548 1
388 2507 533 2548 339·-
544 2503 600 2546 40
619 2512 658 2543 et
678 2507 787 2558 Virg.
814 2506 959 2559 Georg.
985 2508 1010 2549 1
1037 2505 1136 2548 250.

115 2563 212 2602 322.
268 2563 371 2602 conf.
391 2561 506 2602 Ovid.
525 2563 627 2599 Met.
651 2565 676 2604 3
705 2565 774 2606 58.

116 2620 212 2658 323.
267 2620 512 2671 ignivomus]
543 2618 663 2657 huius
690 2622 799 2659 vocis
824 2619 988 2657 unicum
1009 2625 1069 2657 est
1089 2618 1325 2671 exemplum
1344 2617 1467 2654 etiam

6 2671 114 2725 apud>
136 2674 404 2714 Fomeuinum
427 2689 480 2715 ex
505 2678 702 2716 Lactantii
726 2678 794 2718 vel
820 2678 1006 2717 Venautii
1026 2678 1203 2715 earnu'ne
1224 2676 1274 2713 de
1292 2686 1466 2711 resurre-

3 2731 128 2769 ‹m'one
147 2730 308 2770 domini.
