1702 3060
439 101 794 148 IOHANNIDOS
825 104 931 148 LIB.
963 106 1022 148 V.

131 213 212 252 iam
228 226 439 266 properare
460 214 618 252 volent:
650 213 879 266 disperdent
896 221 1033 252 cuncta
1057 214 1229 268 rapinis,

132 288 249 334 atque
268 282 412 318 iterum
434 282 582 319 fessam
605 282 818 319 turbabunt
838 283 988 334 proelia
1011 289 1172 321 terram.

134 350 345 397 consulite,
388 356 428 387 et
446 348 586 387 dubios
605 350 758 386 animos
777 349 929 386 firmate
951 348 1178 389 docentes.''

20 415 103 460 '255
185 419 265 456 Vix
288 429 334 454 ea
356 415 492 454 ductor
510 418 586 454 ait:
615 417 772 467 populis
791 417 923 467 placet
941 418 1124 456 omuibus
1145 421 1202 457 ire

131 485 312 535 longius,
344 491 463 536 atque
479 485 587 535 ipsos
602 483 752 534 Libyae
770 481 934 520 sufferre
954 486 1105 523 calores

133 551 316 590 occiduos
339 566 381 590 se
399 565 514 604 posse
535 551 667 588 ferunt
683 562 695 597 3
727 551 920 601 promittit
939 558 978 588 et
996 553 1125 591 omnis

131 619 244 656 turba
265 631 406 656 manus
422 625 656 670 mentesque
676 617 802 665 feras,
831 631 1079 671 magnosque
1100 621 1254 661 labores

131 699 203 738 pro
218 688 343 738 patria
362 693 515 724 tentare
531 686 692 734 volunt,
723 692 939 740 gentesque
957 688 1125 726 rebelles

15 755 104 797 ⁴¹250
130 753 350 806 despiciunt
368 755 597 808 animosque
615 760 745 791 truces

185 823 333 860 Ductor
349 829 393 860 ut
410 830 558 860 erectas
576 821 679 858 acies
695 822 838 858 virtute
856 821 979 861 feroci

130 888 252 939 vidit,
283 897 323 928 et
337 889 555 942 intrepidas
577 902 662 927 sese
681 890 909 940 promittere
933 890 1070 939 bellis,

131 958 244 1008 signa
264 957 461 996 movenda
481 957 598 995 canit.
655 964 751 994 tunc
772 969 910 995 raucos
931 959 1096 995 buccina
1118 965 1254 997 cautus

133 1038 222 1063 aere
242 1026 387 1077 gemit3
419 1027 496 1063 ciet
513 1031 682 1063 armatas
699 1037 779 1062 vox
800 1037 918 1062 saeva
939 1032 1130 1065 catervas.

19 1093 104 1137 265
131 1093 367 1131 conveniunt
386 1100 548 1130 ciuictae
565 1093 733 1144 propriis
752 1105 773 1130 a
797 1090 956 1131 sedibus
978 1094 1064 1131 alae

132 1168 172 1198 et
190 1159 343 1212 pedites
359 1161 477 1210 iussi,
509 1161 749 1213 comitesque
772 1159 971 1213 ducesque
987 1162 1142 1211 Latini,

128 1229 401 1281 Massylasque
422 1226 583 1266 trahens
606 1230 710 1266 acies
729 1229 772 1265 in
791 1229 899 1266 bella
916 1229 1107 1279 magister

130 1298 275 1336 eusina
287 1325 298 1346 ‚
332 1297 522 1334 Romanis
539 1309 696 1348 semper
716 1295 929 1334 fidissimus
950 1298 1086 1334 armis.

129 1366 259 1418 pergit
276 1366 318 1402 in
337 1364 549 1402 australem
566 1363 706 1402 ductor
724 1365 961 1402 fortissimus
982 1377 1101 1401 axem
1113 1394 1124 1413 ,

1 1435 101 1478 3270
128 1446 206 1486 qua
227 1433 384 1471 fervens
401 1433 487 1470 loca
503 1433 608 1470 sicca
627 1431 712 1470 dies
733 1432 806 1470 sub
829 1431 957 1470 sidere
982 1434 1113 1470 cancri

130 1501 213 1539 sole
235 1507 393 1552 perusta
416 1505 525 1536 tenet
541 1501 734 1549 nimium,
768 1512 1004 1552 semperque
1020 1500 1202 1537 laborant

131 1581 223 1606 arva
244 1568 310 1605 siti
321 1565 593 1620 Zephyrisque
612 1574 758 1605 carent.
806 1580 980 1620 namque
998 1568 1155 1607 Africus
1173 1570 1257 1608 illie

131 1635 264 1673 omnia
285 1635 562 1673 fifflmnivomis
580 1637 752 1674 exsiccat
772 1649 862 1673 rura
883 1636 1084 1687 procellis.

128 1703 212 1740 illic
232 1709 271 1740 et
291 1704 427 1741 sitiens
451 1702 588 1742 calidis
611 1710 767 1741 exerrat
783 1705 912 1742 arenis

17 1770 101 1815 275
129 1771 227 1810 Afer
241 1769 407 1808 anhelus
420 1799 431 1819 ,
459 1771 595 1823 inops,
630 1772 788 1823 Stygias
810 1773 975 1809 rimatur
996 1779 1035 1810 et
1053 1771 1195 1811 undas.

184 1840 306 1876 Fama
322 1852 394 1890 per
413 1839 640 1877 innumeras
658 1852 846 1891 spargens
866 1842 1077 1891 praeconia
1098 1842 1256 1892 linguas

128 1914 219 1946 ante
238 1907 368 1955 volat,
396 1907 541 1944 fortem
561 1907 734 1945 referens
751 1921 960 1959 properare
978 1906 1198 1954 Iohannem

128 1989 219 2013 cum
237 1973 400 2012 ducibus
417 1975 580 2013 cunctis.
636 1976 790 2028 Abylae
803 1977 1018 2027 Tingensis
1035 1976 1086 2013 ad
1102 1990 1193 2015 arva

127 2044 306 2096 improba
322 2041 449 2080 tendit
462 2044 550 2080 iter.
609 2043 706 2082 fines
723 2045 806 2081 iam
823 2050 955 2095 raptor
972 2044 1134 2097 iniquus

17 2113 100 2156 280
125 2113 285 2164 Byzacii
303 2111 482 2149 vastabat
499 2124 636 2164 eques.
693 2113 749 2150 sic
767 2118 927 2163 pectora
948 2125 1083 2149 rumor

125 2180 296 2218 nominis
315 2180 508 2218 incutiens
527 2191 674 2230 magna
692 2180 837 2216 virtute
856 2178 1044 2218 Iohannis

126 2248 284 2285 terruit:
314 2248 542 2284 innumeras
561 2248 665 2284 acies
682 2253 774 2298 post
789 2254 900 2298 terga
918 2248 1090 2285 reflexit.

125 2315 208 2352 iam
222 2328 341 2366 super
358 2329 443 2353 esse
462 2321 624 2367 putant:
654 2316 731 2352 acti
749 2321 896 2352 terrore
914 2315 1095 2366 magistri

127 2385 283 2435 experti
300 2383 522 2435 trepidant3
551 2382 684 2421 vultus
702 2389 972 2420 memorantur
987 2383 1117 2421 acerbi

15 2447 98 2491 285
126 2451 316 2504 signaque
337 2459 475 2491 cuncta
494 2453 593 2500 viri3
623 2451 746 2488 siccas
767 2463 952 2502 superare
979 2451 1152 2492 Gadaias

1384 110 1478 165 113

14 2590 85 2627 257
107 2602 221 2630 omnes
236 2593 270 2628 '1'
391 2596 461 2632 260
477 2601 558 2642 post
574 2599 687 2630 truces
704 2596 737 2631 Τ
749 2595 840 2631 acies
856 2595 983 2631 uirtute
998 2596 1127 2643 feroci,
1150 2597 1194 2633 M
1205 2595 1332 2630 virtute
1348 2595 1487 2639 ferocis

11 2638 567 2738 wlalgi‘lzmgessgseffffiiuffi
580 2643 697 2723 {219⁰
749 2689 816 2725 279
824 2643 1056 2735 Ξίῗιιὸρξέῐιιῃαῗῗ*
1069 2645 1102 2679 Τ
1181 2643 1420 2726 &fae-:1¹33
1437 2622 1499 2723 ξ’

14 2728 99 2767 ibid.
121 2729 266 2766 acerbos
284 2732 323 2767 Τ.
