1702 3060
264 116 359 163 454
658 118 841 160 NOTAE
872 118 931 160 IN
963 117 1174 162 LIBRUM
1205 117 1268 160 lv
1642 0 1688 124 ἒ

264 238 374 263 mum
395 223 781 272 arcanafictzcrorum
799 223 982 261 bonorum
1001 223 1078 261 dici
1095 231 1189 274 puto
1200 253 1210 272 ‚
1241 236 1348 275 quae>
1364 224 1521 264 obscure
1542 232 1673 264 osten-

266 287 349 317 tant
367 293 436 316 seu
452 279 709 328 praefigurant
727 279 828 315 bona
847 280 989 316 futura.
1017 281 1145 316 Foco.
1199 292 1259 316 ms
1278 279 1398 316 ducit.

377 337 469 374 271.
528 332 574 368 de
606 331 720 368 huius
750 334 887 384 templi
915 341 1121 380 structura,
1151 334 1390 383 aliorumque
1418 345 1442 370 a
1465 335 1672 372 Iustiniano

271 394 552 436 susceptorum,
583 389 751 423 Zonaras
772 390 980 438 Procopius
1003 395 1041 424 et
1059 362 1138 424 alii.
1193 389 1375 425 Dssmrs'r.

380 439 472 480 274.
529 443 766 492 mysterium]
799 450 928 479 contra
948 443 1054 492 leges
1074 442 1299 492 prosodiae:
1327 443 1386 479 sic
1404 441 1568 486 idolum,
1596 455 1674 478 ere-

269 510 356 532 mus
369 524 381 539 ‚
423 496 579 532 ecclesia
589 523 606 541 ,
646 497 797 547 aliaque
836 499 1038 534 innumera
1075 496 1179 548 apud
1213 495 1466 535 prudentium
1496 503 1534 533 et
1567 497 1674 536 alios.

269 553 451 587 Dmirsr.

381 607 474 646 283.
530 607 564 642 si
580 604 674 642 fides
689 607 912 656 Anonymo,
941 606 1147 656 imperator
1162 606 1393 643 Iustinianus
1411 605 1584 642 absoluto
1601 605 1675 642 So-

270 659 385 710 phiae
407 661 551 709 templo
571 661 802 697 exclamavit
816 674 907 710 prae
925 660 1066 710 gaudio
1087 661 1305 697 exsultans:
1334 661 1412 696 vici
1427 667 1462 696 te
1476 659 1675 706 Salomon,-

271 721 541 764 praetereaque
566 729 585 750 e
606 716 760 764 regione
782 714 955 751 eiusdem
976 717 1112 765 templi
1132 715 1348 752 Salomonis
1367 721 1532 751 statuam
1548 715 1676 764 posuit

270 768 370 804 illud
399 770 691 818 contemplantis
718 777 755 806 et
779 782 898 820 genas
922 770 995 806 sibi
1022 771 1211 819 carpentis
1236 771 1346 822 quasi
1366 768 1511 807 doleret
1532 781 1574 806 se
1593 781 1675 806 esse

270 831 503 873 superatum.
560 825 687 860 Foco.

379 880 472 917 287.
534 878 842 928 Soplzianarum]
872 876 946 914 hoc
967 883 1024 913 est
1046 875 1200 913 aeditun
1214 905 1224 925 ,
1257 876 1304 914 de
1326 878 1463 928 quibus
1482 890 1596 928 saepe
1615 878 1677 914 lo-

273 939 443 982 quuntur
467 939 615 970 veteres
644 935 944 983 Byzantinarum
971 944 1099 968 rerum
1126 933 1350 985 scriptores,
1390 945 1478 969 cum
1503 933 1570 968 alii
1595 939 1679 969 tum

272 989 440 1023 Zonaras
461 989 601 1023 Annal.
627 988 677 1028 14
708 990 770 1026 10.
825 989 952 1024 Foco.

380 1043 472 1081 288.
522 1043 716 1090 principis
739 1048 791 1076 est
815 1042 910 1077 haee
936 1041 1032 1077 αιιῖα
1059 1041 1139 1090 dei]
1171 1053 1268 1091 quae
1291 1042 1369 1077 iam
1386 1039 1478 1077 inde
1495 1039 1546 1076 ad
1564 1040 1680 1076 smem

274 1109 395 1146 usque
414 1094 530 1132 huius
548 1097 637 1131 libri
657 1096 683 1135 4
702 1103 933 1145 sequuntur,
963 1097 1092 1131 nescio
1116 1109 1284 1146 quonam
1302 1096 1405 1131 malo
1426 1096 1505 1132 fato
1521 1097 1574 1131 ita
1591 1101 1681 1132 sunt

273 1151 467 1199 plerisque
496 1151 590 1186 locis
621 1151 861 1198 perturbata,
889 1163 967 1186 non
989 1151 1121 1199 paucis
1141 1151 1294 1196 mutila,
1323 1156 1366 1186 ut
1382 1150 1589 1186 consultius
1606 1161 1681 1186 no-

272 1205 333 1240 bis
358 1206 473 1239 fuerit
497 1205 624 1239 omnia
649 1204 749 1250 fere,
779 1212 821 1240 ut
851 1205 990 1240 melius
1019 1205 1100 1239 fieri
1123 1206 1265 1253 potuit,
1294 1205 1427 1241 lectori
1457 1217 1682 1254 repraesen-

273 1265 368 1304 tare,
387 1271 503 1308 quam
521 1258 613 1295 dum
631 1257 768 1293 eadem
785 1257 1002 1294 incredibili
1022 1259 1142 1293 animi
1155 1259 1274 1294 nostri
1290 1259 1529 1295 contentione
1548 1271 1682 1294 emen-

274 1312 365 1350 dare
385 1312 596 1358 studemus,
617 1313 787 1349 fortassis
808 1314 1040 1362 corruptiora
1062 1311 1188 1348 adhuc
1209 1313 1332 1348 multo
1351 1311 1523 1359 reddere,
1544 1325 1682 1363 quem-

273 1366 485 1405 admodum
502 1367 694 1418 aliquibus
712 1368 799 1416 plus
816 1369 938 1406 nimio
957 1380 1025 1403 suo
1040 1368 1196 1416 iugenio
1212 1366 1487 1406 confidentibus
1500 1366 1682 1404 accidisse

274 1424 316 1459 in
337 1423 471 1458 alienis
493 1422 688 1458 laboribus
710 1429 948 1472 compertum
965 1428 1035 1459 est.
1064 1421 1134 1458 sed
1149 1427 1279 1460 tamen
1297 1434 1368 1457 nec
1387 1423 1542 1459 omnino
1563 1422 1683 1458 absti-

274 1489 366 1515 nere
397 1479 613 1526 potuimus,
642 1478 735 1526 quin
767 1479 850 1526 pari
876 1476 1097 1526 diligentia,
1126 1477 1263 1527 quain
1278 1476 1535 1528 superioribus
1551 1489 1683 1513 sumus

273 1533 355 1578 usi,
386 1533 516 1582 aliqua
535 1535 664 1567 minus
683 1530 856 1570 difficilia
875 1533 1166 1580 castigaremus,
1196 1531 1375 1582 reliquIS,
1406 1543 1504 1582 quae
1527 1533 1684 1569 omnino

275 1588 511 1623 curationem
528 1587 679 1625 nullam
699 1585 925 1632 admittunt,
956 1587 1144 1622 asteriscis
1162 1587 1412 1638 suprapositis
1433 1586 1543 1636 quasi
1562 1587 1685 1636 apici-

273 1641 346 1676 bus
361 1639 571 1690 insignitis.
599 1642 717 1679 Rmz.
772 1641 999 1678 maluissem
1026 1641 1178 1690 legere,
1207 1646 1249 1678 ut
1271 1653 1332 1678 ms
1351 1639 1492 1677 codicis
1513 1641 1687 1690 vestigiis

273 1697 443 1744 pressius
470 1694 735 1734 inhaererem:
761 1696 951 1744 principis
967 1695 1062 1731 haec
1077 1701 1193 1744 atque
1208 1695 1303 1730 aula
1318 1695 1396 1740 dec)-
1424 1701 1489 1731 aut
1505 1695 1603 1732 forte
1622 1707 1686 1733 re-

275 1751 395 1785 ctius:
417 1751 610 1800 principis
631 1750 760 1795 aede-5,
790 1749 886 1789 aula
914 1750 987 1787 dei.
1019 1751 1145 1792 Foco.
1199 1750 1367 1802 pressius
1385 1747 1560 1803 inhaeret
1581 1747 1687 1801 quod

273 1806 354 1839 iam
372 1807 584 1853 repositum
604 1811 674 1842 est.

384 1871 479 1910 290.
536 1869 643 1919 inde]
682 1868 738 1905 ila·
768 1869 893 1906 fuerat
927 1870 968 1907 iu
1003 1867 1170 1907 editione
1203 1869 1344 1920 priore.
1399 1867 1552 1919 reposui
1579 1868 1687 1906 inde..

275 1924 459 1961 DEMPST.
516 1937 620 1960 error
646 1931 759 1960 natus
791 1937 842 1960 ex
866 1925 980 1961 notis.
1037 1927 1054 1959 i
1069 1931 1274 1974 utrumque
1296 1937 1410 1973 saepe
1430 1923 1595 1960 librariis
1615 1930 1688 1971 est,-

278 1985 315 2015 et
337 1977 393 2014 ibi
418 1985 454 2015 et
475 1978 575 2014 inde.
610 1980 729 2015 Rrr’r.
785 1979 974 2016 Meursius
992 1979 1066 2014 loc.
1086 1980 1148 2018 cit.
1168 1977 1271 2015 hunc
1287 1991 1441 2015 versum
1457 1979 1498 2014 in
1518 1975 1687 2018 editione

274 2034 403 2069 Ruizii
421 2034 600 2070 luxatum
618 2046 701 2069 esse
721 2039 868 2080 censet,
903 2040 940 2070 et
957 2033 1054 2083 legit
1072 2033 1127 2069 ibi
1143 2046 1310 2083 namque
1321 2032 1526 2082 probatur.
1556 2033 1689 2071 Foco.

386 2101 480 2139 292.
538 2099 710 2135 restituta
727 2099 1032 2148 interpunctione
1053 2100 1181 2147 omnia
1201 2100 1358 2135 clarent.
1412 2098 1539 2135 FOGG.

384 2165 476 2204 293.
533 2166 729 2215 praeclara
763 2163 1001 2201 Christianae
1031 2170 1069 2200 et
1097 2162 1334 2200 orthodoxae
1365 2162 1456 2199 fidei
1484 2161 1686 2210 confessio,

277 2218 536 2266 compluribus
566 2220 740 2256 versibus
767 2220 965 2269 exposita,
993 2218 1044 2255 ad
1070 2231 1248 2256 normam
1270 2218 1437 2271 symboli
1463 2218 1622 2254 Nicaeni
1647 2224 1686 2254 et

278 2270 616 2310 Chalcedonensis.
671 2276 791 2312 Rl'r'r.

384 2335 477 2381 294.
534 2351 669 2375 sensus
693 2345 750 2375 est
769 2339 1035 2389 perturbatior.
1091 2339 1267 2389 paullum
1286 2343 1433 2374 mutata
1450 2336 1615 2373 lectione
1630 2335 1686 2373 sic

277 2393 597 2440 transposuerim:
625 2394 783 2442 spiritus
811 2399 847 2429 et
872 2401 1030 2430 sanctus
1055 2393 1242 2436 subsistit,
1271 2393 1426 2429 numine
1429 2390 1583 2441 fulget,
1613 2397 1687 2427 tres

275 2451 367 2480 sant
381 2458 587 2494 personae,
617 2447 836 2486 substantia
856 2449 1022 2487 creditur
1042 2462 1140 2493 una,
1168 2454 1284 2499 utque
1294 2453 1410 2497 pater
1426 2446 1520 2483 deus
1537 2452 1592 2482 est
1611 2451 1681 2482 etc.

274 2501 430 2536 Voncx.

382 2564 476 2606 295.
533 2567 690 2603 nomina
695 2567 771 2616 fiel
766 2569 880 2617 gent]
913 2568 1003 2618 quia
1022 2568 1204 2604 nimirum
1221 2567 1305 2617 ipsa
1318 2565 1475 2603 nomina
1494 2570 1684 2606 ostentant

277 2617 494 2658 divinarum
525 2634 776 2672 personalum
803 2624 904 2659 inter
930 2636 972 2659 se
1003 2622 1286 2660 distinctionem
1315 2634 1358 2657 ac
1385 2621 1611 2659 relationem
1643 2620 1683 2655 iu
