1702 3060
463 87 538 132 DE
572 89 846 134 LAUDIBUS
879 89 1101 135 IUSTINI.
1405 89 1501 138 421

48 191 166 235 ovid,
185 196 348 235 Metam.
373 197 398 238 6
420 198 503 238 fab.
529 200 548 239 1
579 197 628 236 de
647 197 830 238 Arachne
858 201 1050 238 textrIce:
1092 193 1264 239 stamina
1293 200 1504 240 barbarica

47 253 254 304 suspendit
271 253 445 292 candida
465 254 557 292 tela.
599 258 681 294 scio
704 255 810 307 apud
829 258 991 295 Festum
1011 257 1082 294 lib.
1102 260 1128 297 2
1148 258 1294 309 opponi
1314 256 1502 296 barbaros

45 307 143 347 solis
163 309 346 355 Graecis,
386 309 494 362 quod
525 309 627 350 dixit
657 314 777 350 etiam
793 312 1030 352 Plutarchus
1059 315 1101 350 in
1123 315 1344 352 Coriolano.
1401 316 1500 352 Dio-

45 363 185 403 medes
204 366 494 405 Grammaticus
518 367 624 418 apud
643 368 862 420 Gyraldum
880 368 975 407 dial.
997 368 1037 409 4.
1069 383 1186 421 supra
1203 372 1245 407 in
1264 371 1429 421 praefat.
1448 370 1503 412 40

46 418 220 460 hae-bara
238 436 382 474 regna,
419 429 459 460 et
485 423 556 461 lib.
590 427 611 464 1
641 427 696 466 62
730 423 903 464 barbara
934 425 1056 472 bella,
1096 434 1135 466 et
1160 429 1242 468 279
1274 426 1502 477 barbaricas

37 475 278 529 phalanges.
329 479 518 517 Dtursr.

157 533 253 575 124.
280 546 375 572 nam
389 542 527 586 quarto
539 535 745 573 consulatu
755 538 977 585 Iustiniani,
998 539 1066 590 qui
1080 539 1156 576 fuit
1176 551 1301 576 annus
1320 536 1498 576 eiusdem

36 589 202 640 *imperii
216 596 264 628 et
279 592 522 642 principatus
539 592 745 642 neptunus,
775 594 920 631 natalis
942 601 1074 631 autem
1095 594 1246 632 domini
1265 596 1389 632 nostri
1407 597 1497 632 Iesu

40 643 191 683 christi
207 645 303 694 584,
335 645 529 698 Carthago
554 646 603 684 de
624 647 813 686 Vandalis
834 657 990 700 recepta
1013 657 1052 687 et
1067 652 1202 689 Africa
1220 653 1399 689 Romano
1417 652 1497 688 im-

41 702 166 753 perio·
185 700 343 740 redacta
382 710 442 741 est
473 717 545 754 per
572 704 831 754 Belisarium‚
875 708 945 758 qui
973 707 1206 746 Gilimerem
1228 707 1496 745 Vaudalorum

39 770 179 808 ⁴regem
198 760 400 810 captivum
418 759 576 810 Cpolim
591 760 633 796 in
649 760 896 812 triumphum
912 761 1095 802 adduxit.
1153 771 1330 803 auctores
1348 762 1495 802 lohan·

36 826 112 852 nes
127 815 316 862 Zonaras,
338 815 479 853 comes
497 816 750 854 Marcellinus
770 825 808 854 et
827 819 909 855 alii.
938 820 1062 857 Rmz.

151 869 206 908 ib.
267 871 484 909 Belsssarius
500 878 640 924 quarto
658 874 866 913 Iustiniani
884 876 1100 924 consulatu,
1134 877 1200 928 qui
1220 878 1261 914 in
1281 878 1494 928 septimum

39 938 189 964 annum
209 927 367 978 imperii
388 929 511 979 ipsius
528 927 680 976 incidit,
702 930 892 968 Gilimere
911 937 1045 979 strato,
1066 939 1222 983 recepta
1241 932 1491 984 Carthagine,

38 983 216 1020 Africam
235 982 425 1021 Vandalis
451 982 679 1035 ademptam
705 987 874 1022 restituit
900 988 1101 1024 Romanae
1131 987 1291 1027 dicioni.
1348 992 1491 1027 Zonar.

20 1044 69 1076 ἰ
90 1041 116 1080 3
143 1039 288 1076 Annal.
320 1037 556 1090 Chrouolog.
593 1040 662 1076 alii
692 1041 826 1089 aliter,
869 1049 929 1079 sat
959 1044 1055 1080 scio.
1083 1045 1271 1082 Dnmsr.
1327 1044 1492 1096 pulchre

37 1095 243 1132 consulem
260 1108 331 1146 pro
351 1096 558 1133 consulatu
574 1097 781 1134 Iustiniani
802 1096 918 1135 dixit.
977 1106 1161 1150 quartum
1180 1107 1313 1137 autem
1333 1102 1493 1139 consule

36 1152 254 1189 Iustiniano
273 1151 489 1190 Belisarius
510 1152 708 1201 Africam,
750 1152 914 1191 devictis
936 1154 1144 1203 Vandalis,
1180 1158 1327 1206 recepit
1340 1186 1350 1204 ,
1381 1164 1493 1207 post—

31 1219 158 1260 quam
174 1208 363 1245 immanis
378 1208 450 1245 illa
466 1221 564 1258 gens
583 1214 688 1246 totos
707 1210 760 1249 97
780 1222 904 1247 annos
928 1222 1016 1246 eam
1036 1217 1230 1248 tenuerat.
1264 1211 1488 1262 triumphus

34 1270 144 1302 actus
162 1264 447 1313 nobilissimus,
477 1265 677 1301 Gelimere
697 1277 790 1315 rege
810 1266 968 1316 Cpolim
987 1265 1117 1305 ducto.
1174 1266 1266 1305 vide
1291 1269 1488 1307 Victorem

30 1321 360 1368 Tunnunensem,
391 1319 628 1368 cedrenum,
658 1321 771 1359 alios.
831 1323 996 1360 BAnTn.

148 1375 243 1417 125.
300 1378 434 1428 terret]
472 1379 644 1429 pessime
673 1378 744 1414 sic.
802 1379 954 1416 restitui
986 1385 1137 1426 tereret,
1179 1385 1313 1430 aperto
1344 1392 1487 1418 sensu:

30 1444 127 1470 nam
144 1431 434 1483 triumphantes
451 1445 566 1470 curru
583 1433 823 1483 Capitolium
841 1433 1118 1472 ascendebant.
1151 1436 1293 1472 Caesar
1315 1434 1364 1472 de
1386 1436 1484 1472 Gal-

27 1489 80 1526 lis
100 1487 350 1540 triumphans
378 1490 558 1527 ascendit
584 1488 766 1540 (Sueton.
796 1503 831 1527 c.
856 1491 928 1541 37)
964 1491 1205 1541 Capitolium
1231 1491 1290 1528 ad
1313 1490 1481 1529 lumina.

29 1546 182 1582 Lucan.
199 1545 248 1585 8:
286 1558 357 1581 neo
381 1552 438 1582 ter
461 1545 661 1595 Capitolia
683 1559 804 1582 curm
821 1547 1011 1583 invectus.
1071 1546 1181 1584 idem
1204 1550 1252 1588 9:
1284 1561 1406 1598 quam
1429 1555 1486 1584 ter

33 1600 235 1651 Capitolia
262 1614 382 1638 curru
408 1602 611 1638 scandere.
643 1623 646 1626 -
683 1600 821 1638 Sidon.
850 1602 1026 1653 Apolliu.
1058 1615 1177 1640 carm.
1206 1602 1254 1643 5:
1290 1609 1325 1639 et
1345 1616 1484 1653 regum

27 1658 222 1707 aspicient
244 1657 442 1708 Capitolia
449 1657 578 1708 sidua
598 1664 771 1695 catenas.
814 1659 1002 1709 Apollon.
1022 1659 1240 1696 Collatinus
1258 1657 1306 1695 de
1325 1658 1482 1696 excidio

26 1714 295 1765 Hierosolym.
314 1714 384 1750 lib.
405 1717 454 1754 2:
503 1713 700 1763 Capitolia
725 1714 890 1750 scandes
917 1716 1058 1760 victor,
1095 1722 1133 1750 et
1151 1714 1386 1765 Augustum
1409 1728 1482 1751 no-

27 1782 118 1807 men
132 1769 338 1821 sedemque
355 1769 513 1806 tenebis.
547 1769 753 1807 Claudian.
774 1769 823 1806 de
842 1772 867 1810 6
885 1772 988 1807 Hou.
1009 1771 1158 1808 consul.
1180 1777 1217 1807 et
1235 1771 1330 1807 alibi
1348 1781 1481 1821 saepe:

24 1827 185 1877 iamque
191 1825 450 1876 parabantur
458 1839 630 1877 pompae
646 1826 863 1864 simulacra
867 1826 1059 1879 suturae,
1087 1827 1251 1877 Tarpeio
1265 1826 1482 1877 spectanda

25 1882 126 1921 Iovi.
187 1883 375 1921 Dmxrs‘r.

139 1941 231 1980 126.
279 1938 478 1989 fabulam
502 1951 659 1975 mensae
679 1939 801 1976 fuisse
828 1939 884 1976 ait
900 1939 1051 1977 Iustino
1070 1945 1109 1975 et
1130 1936 1304 1989 Sophiae
1324 1951 1385 1975 res
1407 1950 1480 1988 ge-

23 2001 106 2032 stas
125 1996 334 2033 Iustiniani
346 2025 356 2044 ,
387 1993 568 2032 alludens
587 2008 742 2031 morem
756 1997 993 2043 Romanum,
1026 1996 1095 2046 qui
1110 1996 1253 2044 scripta
1275 2000 1479 2030 auctorum

25 2058 66 2088 et
93 2049 278 2089 historias
308 2058 592 2090 consueverant
622 2064 740 2102 super
766 2064 947 2089 mensam
976 2050 1127 2088 audire.
1187 2049 1235 2087 de
1258 2051 1421 2085 Homeri
1439 2056 1479 2085 et

23 2107 181 2157 Virgilii
209 2109 404 2159 poematis
432 2114 572 2144 notum
603 2114 662 2144 est
683 2121 736 2144 ex
754 2109 890 2145 Persio
910 2115 949 2144 et
967 2107 1159 2144 Iuvenali.
1220 2103 1269 2142 de
1291 2106 1477 2142 Cicerone

23 2169 65 2200 et
83 2163 227 2202 Publio
259 2162 365 2214 apud
391 2164 622 2200 Petronitun
648 2163 853 2200 Arbitrum
882 2163 1066 2213 exempla
1097 2168 1202 2199 sunt.
1262 2161 1341 2197 alia
1371 2159 1478 2211 apud

23 2221 232 2270 scriptores
252 2218 438 2257 historiae
457 2220 682 2268 Augustae,
720 2220 839 2256 etiam
860 2219 991 2258 Caroli
1007 2219 1157 2269 Magni.
1185 2218 1351 2254 ΒΑΗ-ΓΗ.
1395 2216 1475 2267 sa-

25 2274 142 2327 bula]
173 2289 316 2324 sermo,
347 2275 625 2312 confabulatio.
682 2276 807 2312 Rrr'r.

139 2334 232 2375 127.
289 2331 503 2382 honorum]
534 2329 785 2368 honoratum.
825 2331 882 2368 sic
906 2330 1002 2368 alibi
1018 2329 1209 2380 Corippus
1229 2327 1333 2365 dixit
1350 2327 1474 2364 hono*

25 2401 113 2426 ram
130 2387 275 2436 lueem;
309 2394 349 2426 et
373 2387 400 2428 4
428 2389 502 2428 86:
542 2387 742 2439 quidquid
758 2387 872 2432 latet,
909 2393 1034 2424 exstat
1050 2385 1260 2432 honoriam
1298 2391 1337 2421 et
1365 2385 1471 2424 332:

21 2445 128 2483 senio
149 2444 308 2483 honoro.
368 2445 494 2481 Rrrr.
1007 2475 1010 2478 .

137 2503 230 2542 129.
284 2501 474 2552 frequens
490 2499 560 2536 illa
577 2499 692 2536 bonis
710 2499 963 2550 scriptoribus
980 2498 1126 2536 locutio
1139 2526 1150 2547 ‚
1188 2497 1294 2534 viros
1310 2493 1474 2531 celebris

20 2557 151 2594 famae
171 2563 260 2608 post
281 2556 433 2594 obitum
449 2556 583 2593 vivere
604 2556 647 2591 iu
669 2556 802 2593 oribus
821 2556 1017 2603 virorum,
1055 2552 1133 2591 hoc
1154 2560 1212 2590 est
1227 2554 1270 2589 in
1290 2548 1469 2587 cordato-

21 2625 110 2650 rum
127 2611 338 2651 homiuum
353 2611 538 2650 laudibus
558 2618 749 2662 perpetuo
770 2625 836 2649 eos
859 2610 1264 2648 commemorantium.
1294 2606 1468 2644 Ennius:

20 2680 136 2707 nemo
153 2683 214 2706 me
232 2669 408 2706 lacrimis
425 2668 595 2714 decoret,
615 2681 739 2719 neque
745 2668 904 2719 funera
911 2668 1061 2717 fletum
1065 2666 1194 2716 faxit.
1232 2661 1324 2699 eze-r?
1353 2659 1470 2697 volito

20 2727 136 2763 vivus
158 2739 232 2776 per
260 2738 331 2763 ora
351 2726 494 2764 virum.
558 2723 723 2766 Ovidius
747 2725 904 2776 epilogo
923 2721 1340 2763 Trausmutationum:
1371 2728 1472 2768 qua-
