1702 3060
481 85 833 130 IOHANNIDOS
865 86 972 130 Lm.
1000 87 1076 131 111.

55 196 137 240 850
164 203 250 235 tum
269 196 398 234 varias
418 203 548 248 pestes
565 210 644 234 una
662 209 898 247 consurgere
909 203 1014 235 terra

165 270 424 316 aspectusque
445 265 563 302 feros.
620 265 700 302 iam
720 264 856 302 nullus
875 272 1003 302 terror
1018 264 1166 302 acerbis

165 331 378 379 mortibus3
406 329 503 369 haut
521 332 600 370 leto
618 339 798 369 metuens
817 344 889 370 sua
906 333 1059 370 lumina
1079 333 1236 381 clausit,

166 404 274 436 aetas
293 400 328 437 si
350 411 427 451 qua
447 401 538 437 ruit.
595 399 767 435 lacrimis
787 399 963 449 privatur
983 402 1128 437 amaris

163 463 384 503 humanum
406 479 552 518 genus,
583 472 622 502 et
641 466 867 518 plangentia
886 466 1039 504 lumina
1061 481 1148 504 non·
1163 474 1272 513 suut,.

0 567 1 572 ,
53 531 136 575 355
164 531 260 570 dum
274 533 351 571 sibi
367 535 534 586 quisque
555 534 682 571 timet.
737 533 858 570 nullis
875 539 962 571 tum
979 533 1157 572 redditur
1175 534 1302 572 ullum

163 601 312 639 funeris
331 601 587 654 obsequium3
617 601 748 639 sonuit
769 613 850 639 non
869 602 999 639 luctus
1021 602 1068 639 in
1085 602 1204 650 urba3

159 681 239 706 non
254 681 418 719 sponsus
439 682 626 724 sponsam
646 668 752 704 flevit
764 697 774 716 ‚
804 681 886 706 non
902 675 1024 720 nupta
1042 671 1257 716 marituni3,

158 735 268 772 nulla
285 748 428 787 parens
450 741 588 773 natm-u
609 734 734 773 doluit
756 737 889 774 native
907 743 1126 787 parentem.

159 816 182 841 o
197 803 302 840 male
321 802 438 841 eorda
456 816 602 842 novam
617 815 815 854 nusquam
830 803 1059 855 plangentia
1078 803 1269 843 mortem!

48 871 130 913 360
155 871 350 908 iustitium
367 871 532 918 meruit,
562 868 634 908 sed
650 870 773 907 nullis
792 871 944 908 lumina
965 874 1079 909 tectis

160 937 366 975 effundunt
385 938 591 975 lacrimas:
617 938 708 976 vilis
725 950 834 975 mors
852 939 1039 977 omuibus
1053 939 1140 976 illa..

157 1007 239 1044 iam
256 1005 414 1056 Libycis
431 1017 577 1042 vacuae
595 1004 799 1041 cessabant
820 1005 971 1043 civibus
987 1006 1119 1042 urbes.

158 1086 266 1111 rarus
288 1079 326 1110 et
342 1073 385 1110 in
402 1072 540 1110 multis
559 1071 743 1110 domibus
759 1073 831 1110 vix
847 1086 949 1112 unus
967 1065 1161 1111 oberrans.

158 1138 314 1178 divitias
331 1139 451 1190 longa
470 1140 682 1192 quaerebat
698 1141 769 1177 lite
785 1142 972 1192 parentis,

43 1205 126 1249 365
154 1207 372 1245 immeritus
388 1209 470 1245 iam
486 1207 628 1258 plenus
646 1220 787 1258 opum,
816 1209 887 1259 qui
906 1208 1018 1246 mille
1041 1216 1255 1259 parentulis

153 1273 268 1312 heres
289 1281 390 1312 erat:
419 1287 501 1312 non
520 1281 640 1312 notus
660 1275 748 1313 avis.
765 1276 999 1326 patrimonia
1013 1304 1023 1324 ‚
1053 1275 1217 1323 fructus,

154 1348 359 1392 argentum
377 1349 584 1394 vestesque
602 1343 723 1380 simul
742 1343 967 1394 flavumque
984 1343 1195 1379 metallum

153 1409 335 1458 abstulit,
366 1416 405 1448 et
421 1411 541 1447 tantis
561 1410 742 1460 implevit
758 1408 919 1460 praedia
940 1409 1056 1446 rebus

151 1479 361 1514 insaturus.
420 1478 576 1527 maguis
597 1477 795 1513 cumulata
815 1483 874 1514 est
891 1489 980 1514 arca
1000 1476 1167 1523 sacellis,

41 1547 122 1587 370
151 1551 189 1582 et
207 1551 341 1582 tamen
360 1542 475 1581 ardor
491 1546 610 1595 inops
622 1557 826 1596 nimquam
847 1546 1014 1582 satiatur
1033 1546 1178 1581 avaris-.

152 1613 343 1662 coniugiis
363 1612 517 1649 caluere
537 1613 671 1661 novis,
701 1611 919 1664 viduasque
938 1619 1119 1663 potentes

152 1681 346 1731 accipiunt
357 1690 370 1716 :
396 1679 518 1717 nullis
536 1680 645 1730 virgo
663 1682 839 1732 quaesita
855 1682 1020 1718 maritis.

153 1748 328 1798 coniugis
349 1747 398 1785 ob
413 1760 599 1785 nummos
618 1747 795 1785 defuncti
814 1750 1016 1799 quaeritur
1034 1760 1155 1784 uxor:

150 1815 366 1865 virginibus
386 1814 458 1852 dos
475 1828 597 1867 parva
617 1814 749 1864 datur,
779 1817 813 1852 si
831 1822 1008 1866 tempore
1025 1813 1111 1852 diro

37 1882 118 1925 375
146 1883 256 1919 nulla
274 1883 475 1920 maritales
495 1884 644 1920 curavit
661 1881 825 1920 reddere
841 1883 985 1922 luctus.

204 1951 306 1988 Hinc
323 1951 407 1989 fera
426 1957 565 1988 cuncta
584 1957 740 2002 patent,
771 1957 809 1988 et
826 1953 958 1989 tristes
977 1964 1136 2002 surgere
1158 1951 1253 1987 lites

147 2019 355 2069 incipiunt.
409 2020 534 2056 saevit
553 2025 636 2056 toto
656 2017 851 2056 discordia
866 2017 1031 2067 mundo,

146 2087 272 2137 iurgia
290 2099 408 2124 saeva
425 2099 603 2124 movens.
660 2088 786 2137 pietas
808 2087 968 2123 omnino
988 2087 1147 2123 recessit
1162 2098 1178 2132 3.

146 2155 335 2192 iustitiam
352 2155 486 2192 nullus
507 2161 738 2205 compuncta
755 2160 887 2190 mente
907 2161 1077 2192 secutus.

35 2222 116 2263 380
142 2219 235 2259 inde
257 2228 315 2259 est
332 2220 438 2273 quod
457 2223 632 2270 miseris,
664 2223 723 2259 ira
745 2221 939 2270 dictante,
966 2221 1124 2272 flagella

145 2291 393 2340 omnipotens
411 2290 588 2339 genitor,
619 2288 742 2326 dilato
758 2296 937 2340 tempore
957 2290 1082 2338 nullo,

146 2354 319 2404 addidit,
353 2363 392 2393 et
409 2357 500 2393 lites
522 2358 670 2394 cunctis
692 2359 814 2394 iratus
835 2355 996 2393 ademit.

148 2425 263 2473 erigit
279 2437 300 2460 a
316 2425 460 2461 nostris
477 2431 705 2461 nascentem
722 2424 866 2461 finibus
879 2422 1047 2460 hostem.

146 2488 211 2527 liic
230 2491 360 2529 fratris
381 2498 550 2529 mortem
571 2505 757 2530 concussa
778 2499 910 2529 mente
934 2490 1112 2529 dolebat:

1437 86 1502 133 69

36 2610 106 2644 352
128 2610 287 2646 murt-ibus
313 2617 372 2646 aut
402 2613 435 2646 Τ
593 2613 662 2650 355
685 2614 794 2648 nunus
822 2618 856 2648 et
885 2613 998 2648 reddit
1029 2614 1062 2647 '1'
1222 2614 1290 2647 363
1315 2610 1418 2655 prelia
1451 2611 1483 2642 Τ

37 2654 106 2689 370
125 2654 221 2700 inops
236 2657 286 2700 T,
307 2668 406 2702 opum
420 2659 460 2692 Μ
585 2660 654 2696 373
676 2660 835 2694 defuncta
853 2660 885 2694 Τ
1007 2660 1077 2694 376
1099 2658 1152 2692 hic
1169 2659 1201 2692 Τ

39 2699 126 2744 gello
146 2700 178 2735 Τ
308 2703 376 2738 382
396 2704 532 2739 adauxit
545 2705 585 2739 M
721 2706 789 2741 383
810 2705 922 2751 eriget
937 2706 976 2740 Τ.

1315 2659 1384 2693 380
1407 2656 1478 2689 sra—
