1702 3060
608 59 930 105 PRAEFATIO.
1365 72 1498 106 xxx1x

3 183 7 191 ¹
58 171 138 216 dibi
163 177 266 220 erat,
299 175 344 209 ut
372 182 491 222 supra
518 169 735 209 innuimus.
791 171 954 223 insuper
974 182 1028 209 ex
1046 182 1146 209 mox
1163 169 1293 208 allatis
1313 170 1497 223 Procopii

53 239 168 282 <aubis
187 245 298 291 patet
317 236 537 276 Iohannem
554 252 635 277 non
652 239 850 276 traie01sse
873 241 918 277 in’
943 238 1187 288 Sardiniam,
1217 245 1263 276 ut
1285 239 1339 276 ait
1357 240 1495 278 Mura-

57 307 160 349 orim
187 307 275 345 loco
304 308 444 356 citato,
474 305 545 344 sed
576 297 744 344 classen:
765 313 922 343 tantum
939 308 1035 345 illuc
1057 308 1214 345 misisse
1241 313 1378 344 contra·
1395 307 1494 345 Got-

0 391 4 400 ·
54 373 140 417 hos.
195 373 296 412 haec
320 382 452 412 autem
473 376 592 412 etiam
610 373 786 417 indicant
803 374 958 412 bellum
973 382 1107 413 contra
1125 377 1285 414 Mauros
1303 376 1386 414 iam
1400 389 1496 427 per-

52 445 184 480 ’ectum
202 443 354 492 fuisse„
375 449 420 480 ut
438 449 547 493 patet
566 455 724 495 quoque
745 455 797 479 ex
814 443 933 493 paulo
954 456 1074 494 supra
1095 445 1211 482 citato
1234 458 1267 481 c.
1290 446 1340 485 17
1359 444 1453 483 Libri
1468 443 1495 485 4

50 512 228 563 3mcopii.
284 510 379 549 hinc
416 512 536 548 etiam
569 509 824 550 statuendum
854 512 928 548 erit
955 511 1108 548 bellum
1139 509 1216 549 hoc
1243 512 1492 562 Africanum,

47 578 144 630 plo&
171 579 310 619 cecinit
335 580 524 630 Corippus
551 586 705 627 noster,
746 577 935 617 accidisse
965 591 1067 617 anno
1095 580 1246 617 circiter
1275 578 1382 627 550,
1411 591 1494 618 non

45 656 135 684 remo-
157 659 259 685 anno
285 644 385 696 547,
424 654 468 684 ut
494 648 624 684 innuit
652 648 863 684 Moreessus
877 676 888 695 ‚
925 661 1000 684 nec
1022 648 1149 685 multo
1175 648 1309 684 minus
1335 661 1442 684 anno
1465 649 1492 688 8

43 716 188 765 'asperii
218 715 461 761 Iustiniani,
500 714 544 752 id
571 722 629 752 est
657 728 760 752 anno
792 714 899 752 dom.
929 714 1030 764 534,
1073 722 1119 753 ut
1143 715 1245 752 falso
1274 715 1493 752 coniecerat

42 783 244 834 logginius
262 783 308 819 in·
323 782 575 832 praefatione·
589 781 640 819 ad
661 796 778 820 suum
800 783 1015 834 Corippum
1031 797 1071 834 p.
1098 785 1159 824 19.
1213 787 1365 818 constat
1384 781 1491 818 enim

38 862 81 891 ex
97 851 246 902 pluries
267 851 383 887 citato
403 850 585 900 Procopii
606 851 693 888 loco
707 881 716 899 ‚
749 864 871 903 quem
888 852 1106 901 Fogginius
1133 851 1219 901 ipse
1241 849 1363 885 etiam
1384 855 1491 886 attu-

36 922 145 965 erat,
173 923 263 967 post
291 923 518 954 revocatum
546 931 597 954 ex
618 919 752 954 Africa
771 920 1020 950 Artabanum
1040 915 1136 950 illuc
1154 916 1324 951 missum
1339 914 1489 953 Iohan-

34 997 130 1026 1em.
187 997 326 1035 porro,
356 991 400 1018 ut
422 979 574 1016 ibidem
599 981 654 1016 ait
679 981 918 1031 Procopius,
957 987 1048 1031 post
1078 980 1242 1019 caedem
1270 983 1488 1022 Guntarioh

31 1053 191 1103 yrauni,
213 1060 336 1100 quam
354 1045 542 1085 accidisse
561 1047 732 1084 affirmat
748 1047 857 1086 idem
875 1047 1085 1087 historicus
1105 1051 1226 1101 paulo
1244 1063 1363 1101 supra
1383 1064 1486 1090 anno

30 1117 176 1168 inperii
191 1116 399 1153 Iustiniani
423 1118 473 1157 19
486 1145 497 1164 ,
516 1103 675 1153 'Christi
694 1130 840 1167 nempe
861 1115 958 1157 545.
1018 1118 1138 1154 etiam
1159 1117 1266 1169 apud
1283 1120 1485 1157 Marcelli-

27 1197 121 1223 Jum
145 1185 339 1223 Comitem
367 1184 412 1222 in
448 1182 639 1221 Chronico
667 1186 760 1223 satis
789 1186 892 1222 clare
916 1183 1173 1236 distinguitur
1192 1185 1389 1226 Iohannes
1407 1201 1484 1226 no-

25 1259 98 1296 ster
125 1252 174 1290 ab
205 1252 350 1300 altero,
382 1264 473 1288 cum
500 1249 600 1288 haec
626 1252 702 1290 iHe‘
726 1252 998 1290 adnotaverit:
1030 1254 1122 1291 Ind.
1150 1255 1199 1292 X
1224 1257 1277 1293 P.
1311 1257 1354 1294 C.
1391 1257 1484 1294 Ba-

22 1319 100 1358 sila·
125 1334 231 1358 anno
256 1323 286 1362 6
328 1319 398 1373 (id
426 1327 486 1358 est
517 1318 663 1359 Christi
688 1320 798 1372 547)
845 1321 1044 1359 Iohannes
1078 1323 1269 1374 magister
1306 1324 1482 1362 militam

21 1387 36 1442 ζ
44 1402 190 1440 nempe
219 1389 288 1426 ille
319 1401 440 1440 quem
461 1390 677 1440 Procopius
699 1388 795 1426 dicit
815 1390 1003 1428 vitaliani
1022 1404 1075 1427 ex
1093 1404 1224 1428 sorore
1244 1390 1398 1443 nepos)
1426 1393 1485 1431 ad

8 1458 181 1503 *Italiam
196 1463 387 1508 properat
406 1485 415 1493 .
433 1484 442 1494 .
460 1484 468 1493 .
486 1485 494 1493 .
517 1455 750 1493 Artabanes
775 1484 783 1493 .
801 1484 810 1493 .
828 1484 837 1493 .
855 1485 862 1493 .
891 1457 1117 1494 Guntart’clt
1136 1458 1297 1504 occulit,
1326 1459 1481 1498 Iohan-

16 1539 105 1563 nem
131 1526 236 1562 idem
273 1525 450 1562 Stotzam
484 1525 678 1562 iuniorem
705 1525 883 1561 vinctum
909 1526 1140 1562 transmittit
1163 1526 1222 1562 ad
1231 1527 1474 1577 principem.

14 1599 102 1643 post
126 1592 355 1643 aliquantos
374 1593 457 1629 dies
478 1594 647 1629 mittitur
671 1593 714 1629 ιἠ,
735 1590 929 1643 Asi-icam
949 1592 1150 1630 Iohannes
1181 1591 1274 1646 (hic
1296 1600 1356 1631 est
1377 1600 1477 1646 po'e-

12 1661 128 1698 matis
159 1661 285 1698 nostri
315 1658 484 1711 heros),
526 1667 563 1696 et
588 1658 821 1697 Artabanes
851 1668 1034 1698 evocatas
1050 1661 1304 1711 praesentale
1323 1665 1478 1714 accepit

7 1729 294 1780 magisterium.
357 1727 450 1766 Ind.
471 1728 547 1765 XI
566 1729 616 1765 P.
645 1728 688 1765 C.
721 1728 874 1766 Basilii
888 1731 914 1769 7
945 1727 1117 1781 (Christi
1135 1727 1243 1780 548)
1275 1729 1475 1769 Iohannes

10 1797 198 1848 magister
236 1795 410 1838 militum
451 1795 546 1847 (ille
586 1810 731 1848 nempe
769 1797 956 1835 vitaliani
991 1810 1043 1834 ex
1075 1809 1207 1835 sorore
1236 1798 1388 1850 nepos)
1429 1802 1472 1838 in

15 1865 278 1916 Campaniam
288 1864 493 1915 praedans
517 1864 700 1911 Gottlzos‚
731 1865 944 1902 nonnullos
959 1864 1104 1902 liberat
1120 1872 1328 1911 senatores.
1379 1874 1470 1905 tan-

9 1931 102 1981 dem
123 1933 216 1971 Ind.
241 1933 361 1971 XIV
380 1934 432 1970 P.
467 1933 510 1970 C.
544 1933 698 1970 Basilia·
724 1936 776 1974 10
807 1932 980 1985 (Christi
1002 1930 1110 1983 550)
1139 1932 1203 1970 his
1231 1935 1470 1985 temporibus

7 2002 49 2039 in
74 2000 227 2053 Africa
254 2002 400 2038 Il‘Iauri
416 2014 494 2052 per
520 2001 741 2039 Iohannem
756 2003 980 2053 patric-ium
1009 2000 1217 2053 (nostrum
1237 2016 1370 2042 rursus
1390 2002 1467 2042 he-

6 2067 142 2121 roem)
183 2069 321 2107 domiti
346 2077 452 2114 sunt.
526 2083 628 2122 quae
664 2077 800 2107 tamen
837 2068 903 2107 hic
939 2076 1073 2107 narrat
1104 2071 1357 2109 Marcellinus
1390 2073 1464 2110 sub

6 2148 108 2179 anno
127 2135 232 2186 547,
261 2150 343 2176 non
367 2140 501 2176 onmia
526 2138 751 2176 acciderunt
771 2137 913 2176 eodem
930 2150 1056 2175 anno:
1085 2151 1180 2174 nam
1201 2151 1253 2176 ex
1271 2141 1464 2191 Procopio

4 2202 175 2246 vidimus
194 2217 296 2244 anno
313 2205 396 2247 545
417 2206 634 2244 Guntarich
657 2209 831 2244 occisum
850 2207 972 2244 fuisse
1004 2207 1052 2242 ab
1072 2207 1290 2255 Artabane,
1323 2214 1361 2244 et
1382 2221 1463 2245 non

3 2271 111 2323 prius
138 2270 361 2312 Iohannem
389 2276 557 2313 missum
587 2276 710 2313 fuisse
737 2288 859 2327 quam
889 2274 1107 2311 Artabanes
1131 2273 1225 2311 inde
1256 2282 1462 2312 revocatus

4 2346 119 2390 eqset.
175 2353 307 2394 neque
337 2343 452 2381 nobis
482 2350 634 2382 constat
664 2342 805 2381 eodem
825 2355 928 2380 anno
952 2343 1017 2380 vel
1034 2343 1215 2394 sequenti
1232 2349 1460 2381 revocatum

2 2402 243 2450 Artabanem
268 2417 387 2463 atque
407 2412 469 2449 illi
490 2411 701 2450 suffectum
720 2410 938 2449 Iohannem
956 2411 1090 2448 statim
1105 2409 1243 2448 fuisse.
1301 2411 1383 2448 imo
1405 2423 1458 2447 ex

3 2486 119 2526 Supm
139 2488 165 2513 a
178 2490 243 2516 me
263 2479 393 2518 allatis
412 2479 568 2519 videtur
585 2482 718 2531 potius
737 2478 857 2517 hujus
877 2476 1080 2529 expeditio
1101 2477 1145 2513 in
1164 2478 1342 2515 Africam
1361 2492 1457 2516 cou-

3 2543 136 2593 tigisse
160 2546 262 2584 circa
278 2559 428 2586 annum
441 2547 496 2589 24
515 2549 580 2585 vel
596 2548 649 2590 25
669 2550 826 2599 imperii
845 2547 1064 2594 Iustiniani,
1094 2543 1138 2582 id
1157 2552 1216 2583 est
1237 2559 1339 2583 anno
1359 2544 1457 2587 550.

115 2611 216 2651 Cum
242 2621 375 2653 autem
402 2629 466 2655 res
494 2623 623 2667 gestas
651 2618 694 2654 in
724 2617 855 2655 Africa
882 2615 955 2652 sub
983 2615 1200 2652 Ius‘tiniano
1217 2626 1301 2650 non
1319 2625 1457 2650 omnes

0 2685 231 2731 persecutus
244 2682 296 2720 sit
312 2683 527 2734 Procopius
539 2713 550 2733 ,
581 2686 650 2737 qui
675 2685 759 2722 fere
780 2697 846 2722 eas
865 2690 1022 2722 tautum
1042 2682 1162 2735 refert
1182 2694 1284 2735 quae
1310 2679 1362 2718 ad
1381 2692 1456 2717 ex-
