1702 3060
254 173 361 204 tvm
849 162 1080 206 FOGGINI

363 273 496 322 Itaque
514 278 598 308 tum
619 282 707 307 eum
727 268 832 320 apud
849 282 913 306 me
936 271 1116 308 constitui
1136 273 1348 323 Corippum
1366 287 1490 312 novae
1510 277 1673 326 Appen&

253 336 350 385 dici,
379 350 496 388 quam
523 338 727 384 curabam,
757 337 934 386 Corporis
964 335 1147 375 historiae
1169 341 1408 394 Byzantinae
1429 341 1674 394 intersererq

249 416 300 441 ne
330 403 495 452 amplius
530 403 577 439 ab
609 416 653 440 eo
687 404 854 454 Corpore
881 410 1086 452 vagaretur
1115 403 1350 453 disiunctus,
1379 407 1556 456 inprimis
1576 406 1674 456 opus¹

248 467 347 505 mihi
363 468 438 504 fuit
454 474 498 504 ut
519 470 601 506 eius
618 475 773 506 textum
791 470 875 519 ipse
894 468 1174 520 distinguerem
1194 479 1232 508 et
1258 471 1530 520 emendare1n3
1563 480 1601 508 et
1623 486 1673 511 nu

249 535 336 586 quis
358 533 504 586 aliquid
524 533 771 583 desideraret,
801 537 996 574 variorum
1013 538 1114 574 notis
1133 536 1301 575 eundem
1323 539 1520 586 exornavi,
1549 537 1673 582 Ruizii

250 603 440 652 primum,
483 600 624 638 deinde
650 615 742 639 vero
773 604 1014 653 Dempsteri,
1055 603 1236 652 Gasparis
1266 601 1436 650 Barthii,
1475 604 1673 654 utriusque

247 667 497 706 Rittershusii
519 681 563 705 ao
581 666 770 716 Vouckii3
798 682 871 705 nec
894 671 1178 719 praeteriissem
1198 682 1220 705 a
1242 670 1399 706 Goetzio
1423 668 1673 706 subintrodu-

248 741 348 782 ctas,
378 737 412 772 si
441 734 538 786 quid
566 735 762 781 valerent,
793 742 831 771 et
860 749 955 787 quas
983 737 1082 774 forte
1107 734 1226 772 habet
1246 736 1431 782 Riviuus,
1462 734 1674 774 dummodo

249 800 432 838 editionis
458 802 505 837 ab
531 814 576 837 eo
598 801 795 836 confectae
818 803 1043 853 exemplum
1061 801 1221 853 aliquod
1238 802 1374 853 quovis
1391 804 1517 852 pretio
1540 801 1674 852 acqui-

249 880 333 905 rere
358 868 584 916 potuissem.
641 873 793 914 praeter
818 868 983 904 aliormn
1008 875 1120 904 notas
1149 868 1312 917 apposui
1335 868 1453 905 etiam
1471 881 1604 915 meas,
1632 869 1676 906 in

251 933 392 983 quibus
419 931 534 968 facile
562 931 733 980 profecto
764 929 864 968 mihi
891 932 1029 968 fuisset
1045 932 1168 969 multo
1191 933 1322 981 plures
1342 940 1380 970 et
1395 935 1519 972 multo
1542 934 1675 983 copio-

254 1000 375 1035 siores
392 996 616 1034 eruditionis
637 998 858 1047 manipulos
879 1011 1103 1035 coacervare
1116 1027 1126 1045 ‚
1156 997 1225 1034 ubi
1250 995 1298 1034 de
1320 998 1435 1036 rebus
1454 1006 1539 1036 tum
1558 999 1677 1036 sacris

254 1072 294 1101 et
323 1064 522 1111 civilibus,
552 1070 637 1101 tum
662 1064 895 1100 militaribus
921 1071 958 1100 et
983 1065 1118 1102 aulicis
1147 1066 1347 1113 Augustae
1374 1064 1480 1102 urbis
1499 1064 1675 1114 Cpoleos,

252 1144 419 1183 quarum
442 1132 629 1180 Corippus
652 1133 849 1178 meminit,
879 1143 1099 1167 sermonem
1121 1131 1320 1170 instituere
1341 1130 1568 1180 placuisset:
1606 1127 1677 1170 sed

253 1200 316 1234 cui
345 1211 425 1234 non
451 1197 551 1234 dicta
577 1210 819 1234 summorum
845 1198 1017 1235 virorum
1038 1211 1176 1247 opera,
1205 1199 1268 1234 Du
1283 1198 1431 1234 Fresnii
1449 1196 1676 1246 praesertim

252 1272 291 1301 et
317 1263 527 1311 Bandurii,
557 1265 598 1302 iu
627 1264 767 1314 quibus
798 1263 983 1315 quicquid
1012 1262 1063 1300 ad
1092 1278 1157 1301 eas
1179 1265 1347 1314 pertinet
1370 1263 1675 1302 luculentissime

250 1332 473 1381 expositum
489 1330 800 1381 illustratumque
821 1329 1034 1380 reperitur?
1093 1343 1181 1367 cum
1198 1338 1327 1368 autem
1342 1329 1427 1368 Ioh.
1445 1331 1564 1367 Henr.
1582 1329 1677 1364 Lei-‚-

250 1397 328 1434 chii
351 1405 387 1433 et
411 1396 493 1433 Ioh.
512 1399 589 1432 Iac.
611 1395 760 1433 Reiskii
779 1396 907 1434 studio
931 1410 1028 1434 mox
1052 1399 1171 1433 etiam
1196 1399 1238 1434 in
1262 1396 1438 1435 medium
1463 1393 1679 1446 prodierint

247 1465 490 1500 Constantini
510 1461 870 1512 Porphyrogenneti
888 1465 983 1512 imp.
1007 1465 1199 1511 Cpolitani
1222 1464 1269 1500 de
1293 1463 1522 1500 Cer-emonii&
1539 1460 1676 1498 Aulae

248 1530 496 1579 Byzantinae
523 1528 613 1563 libri
642 1526 739 1574 duo,
771 1529 840 1565 le
859 1528 975 1576 plane
998 1527 1145 1579 aliquid
1164 1541 1267 1568 nunc
1292 1536 1466 1578 superest
1483 1526 1587 1579 quod
1605 1526 1676 1562 de-⁴

249 1595 419 1633 siderare
450 1595 535 1645 quis
573 1595 695 1643 possit
725 1592 776 1629 ad
804 1607 932 1630 mores
969 1593 1251 1644 dignoscendos
1285 1595 1396 1630 aulae
1425 1594 1679 1646 Byzantinae.

248 1661 323 1699 hos
351 1663 469 1710 igitur
497 1661 658 1710 quisque
684 1672 755 1709 per
785 1672 826 1695 se
860 1661 1059 1697 consulere
1089 1662 1230 1710 poterit
1256 1662 1424 1697 Graecae
1453 1657 1678 1700 eruditionis

250 1727 465 1774 thesauros,
495 1727 528 1765 si
549 1727 585 1762 ei
606 1739 701 1776 opus
719 1726 866 1764 libebit.
924 1729 1015 1763 satis
1034 1726 1133 1764 mihi
1153 1741 1238 1765 esse
1258 1728 1365 1768 volui
1381 1733 1437 1773 ut,
1467 1738 1565 1776 quae
1583 1737 1676 1760 oon-

251 1793 430 1833 ientaudo
461 1795 608 1844 primus
642 1794 683 1828 in
710 1799 820 1829 textu
851 1793 1007 1843 Corippi
1034 1795 1120 1830 loca
1149 1794 1353 1831 emendavi
1377 1799 1491 1843 atque
1513 1791 1676 1838 restitui,

252 1863 294 1899 in
325 1863 426 1898 notis
455 1861 553 1897 meis
582 1859 872 1908 confirmarem,
902 1859 1094 1911 quaedam
1113 1862 1203 1899 licet
1222 1863 1340 1901 etiam
1361 1857 1585 1900 eruditionis
1609 1869 1675 1893 ca·-

253 1930 336 1980 pita
364 1927 561 1964 interdtun
589 1927 771 1963 extulerit
796 1940 950 1964 currens
968 1928 1152 1965 calamus.
1209 1941 1322 1978 porro
1339 1926 1448 1964 haesi
1465 1924 1676 1969 dubiusan

254 1993 501 2033 solummodo
531 2001 685 2030 textum
711 1994 867 2043 Corippi
898 1993 1148 2032 emendatum
1174 1993 1329 2042 darem,
1359 2006 1408 2030 an
1427 1993 1555 2043 potius
1574 2003 1677 2041 qua·

252 2061 334 2099 lem
358 2062 538 2107 Ruizius,
567 2066 610 2096 ut
643 2059 716 2095 sibi
745 2061 873 2096 vismn
901 2067 980 2109 est,
1011 2075 1062 2098 ex
1088 2075 1149 2100 ms
1179 2060 1310 2098 codice
1331 2061 1435 2111 typis
1459 2059 1673 2109 expressit:

252 2127 324 2166 sed
343 2127 503 2165 tandem
519 2125 562 2162 id
580 2127 729 2163 consilii
748 2126 982 2176 captandum
998 2130 1130 2165 censui
1146 2135 1189 2164 ut
1203 2134 1439 2178 praestarem
1453 2132 1676 2176 utrumque,

253 2194 356 2232 unde
378 2196 463 2246 quis
487 2194 608 2243 possit
630 2206 681 2231 ex
698 2194 899 2244 utriusque
918 2200 1049 2232 textus
1078 2195 1302 2242 collatione,
1333 2200 1370 2231 et
1391 2206 1443 2230 ex
1462 2191 1674 2232 rationibus

252 2275 352 2313 quae
370 2262 412 2297 in
431 2259 590 2296 adiectis
609 2260 804 2299 variorum
819 2261 921 2297 notis
939 2267 1205 2311 proponuntur
1219 2289 1229 2309 ,
1267 2273 1355 2298 eam
1382 2260 1590 2298 lectionem
1609 2270 1673 2296 se-

250 2329 320 2380 qui
349 2341 447 2379 quae
474 2327 548 2364 sibi
574 2328 726 2377 placeat
747 2328 887 2376 magis.
942 2329 1137 2365 variorum
1157 2327 1395 2369 eruditorum
1411 2333 1525 2364 notae
1547 2325 1674 2362 Ruizii

253 2401 405 2431 textum
425 2395 646 2444 respiciunt,
675 2407 786 2431 meae
807 2400 959 2430 textum
977 2406 1093 2445 quem
1114 2393 1364 2431 emendatum
1379 2393 1571 2442 inscripsi,
1601 2392 1673 2428 etsi

249 2464 374 2500 sentio
405 2460 532 2499 adhuc
550 2462 675 2499 multa
697 2461 832 2499 adesse
853 2473 952 2512 quae
973 2467 1040 2498 aut
1058 2460 1247 2498 secundas
1267 2473 1378 2497 curas
1397 2466 1463 2496 aut
1481 2458 1672 2509 peritioris

251 2528 392 2566 medici
422 2541 561 2565 manus
590 2534 837 2578 exspectant,
868 2534 910 2564 ut
933 2533 1138 2574 sanenturr,
1167 2539 1332 2577 quorum
1351 2526 1480 2576 aliqua
1496 2537 1583 2561 cum
1604 2537 1672 2574 per

252 2603 404 2646 tempus
430 2596 690 2633 subsenserim
703 2624 713 2642 ,
742 2596 784 2634 in
811 2595 912 2631 notis
928 2593 1020 2631 inde
1038 2594 1307 2632 reconcinnare
1325 2605 1403 2630 non
1418 2591 1670 2642 praetermisi,

252 2662 292 2698 in
313 2662 450 2712 quibus
472 2663 589 2699 etiam
608 2660 886 2713 typographica
911 2659 1104 2712 quaedam
1123 2666 1246 2696 errata
1267 2660 1430 2697 correxi.
1486 2659 1671 2710 quoniam

252 2741 342 2766 vero
358 2727 456 2767 haec
475 2729 630 2781 Corippi
651 2730 846 2779 carmina,
875 2728 1079 2782 quinquies
1100 2727 1190 2766 licet
1209 2727 1311 2779 typis
1334 2727 1544 2778 impressa,
1573 2723 1670 2763 adeo
