<?xml version="1.0" encoding="UTF-8"?>
<!DOCTYPE html PUBLIC "-//W3C//DTD XHTML 1.0 Transitional//EN"
    "http://www.w3.org/TR/xhtml1/DTD/xhtml1-transitional.dtd">
<html xmlns="http://www.w3.org/1999/xhtml" xml:lang="en" lang="en">
 <head>
  <title>
</title>
<meta http-equiv="Content-Type" content="text/html;charset=utf-8" />
  <meta name='ocr-system' content='tesseract 3.04.00' />
  <meta name='ocr-capabilities' content='ocr_page ocr_carea ocr_par ocr_line ocrx_word'/>
</head>
<body>
  <div class='ocr_page' id='page_1' title='image "./corpusscriptorum35niebuoft_0014.png"; bbox 0 0 1650 3054; ppageno 0'>
   <div class='ocr_carea' id='block_1_1' title="bbox 215 654 1488 874">
    <p class='ocr_par' dir='ltr' id='par_1_1' title="bbox 215 654 1488 874">
     <span class='ocr_line' id='line_1_1' title="bbox 521 654 1201 723; baseline -0.001 -2"><span class='ocrx_word' id='word_1_1' title='bbox 521 655 583 721; x_wconf 90' lang='lat' dir='ltr'>N</span> <span class='ocrx_word' id='word_1_2' title='bbox 611 656 639 722; x_wconf 96' lang='lat' dir='ltr'>I</span> <span class='ocrx_word' id='word_1_3' title='bbox 667 655 720 722; x_wconf 89' lang='lat' dir='ltr'><strong>E</strong></span> <span class='ocrx_word' id='word_1_4' title='bbox 750 655 806 721; x_wconf 83' lang='lat' dir='ltr'><strong>B</strong></span> <span class='ocrx_word' id='word_1_5' title='bbox 837 655 901 723; x_wconf 92' lang='lat' dir='ltr'><strong>U</strong></span> <span class='ocrx_word' id='word_1_6' title='bbox 933 655 997 720; x_wconf 92' lang='lat' dir='ltr'><strong>H</strong></span> <span class='ocrx_word' id='word_1_7' title='bbox 1025 655 1085 720; x_wconf 80' lang='lat' dir='ltr'>R</span> <span class='ocrx_word' id='word_1_8' title='bbox 1115 655 1143 720; x_wconf 97' lang='lat' dir='ltr'>l</span> <span class='ocrx_word' id='word_1_9' title='bbox 1172 654 1201 720; x_wconf 93' lang='lat' dir='ltr'>I</span> 
     </span>
     <span class='ocr_line' id='line_1_2' title="bbox 215 795 1488 874; baseline -0.001 -21"><span class='ocrx_word' id='word_1_10' title='bbox 215 799 317 853; x_wconf 90' lang='lat' dir='ltr'>DE</span> <span class='ocrx_word' id='word_1_11' title='bbox 357 798 466 853; x_wconf 90' lang='lat' dir='ltr'>FL.</span> <span class='ocrx_word' id='word_1_12' title='bbox 506 797 989 854; x_wconf 88' lang='lat' dir='ltr'><strong>MEROBAUDE</strong></span> <span class='ocrx_word' id='word_1_13' title='bbox 1030 795 1488 874; x_wconf 86' lang='lat' dir='ltr'><strong>PRAEFATIO.</strong></span> 
     </span>
    </p>
   </div>
   <div class='ocr_carea' id='block_1_2' title="bbox 4 1092 1566 2766">
    <p class='ocr_par' dir='ltr' id='par_1_2' title="bbox 27 1092 1566 2153">
     <span class='ocr_line' id='line_1_3' title="bbox 27 1092 1565 1174; baseline -0.001 -17"><span class='ocrx_word' id='word_1_14' title='bbox 27 1134 61 1168; x_wconf 85' lang='lat' dir='ltr'>p.</span> <span class='ocrx_word' id='word_1_15' title='bbox 85 1123 117 1156; x_wconf 89' lang='lat' dir='ltr'>V</span> <span class='ocrx_word' id='word_1_16' title='bbox 137 1092 252 1158; x_wconf 80' lang='lat' dir='ltr'>luter</span> <span class='ocrx_word' id='word_1_17' title='bbox 283 1119 433 1158; x_wconf 83' lang='lat' dir='ltr'>codices</span> <span class='ocrx_word' id='word_1_18' title='bbox 461 1121 717 1160; x_wconf 83' lang='lat' dir='ltr'>bibliothecae</span> <span class='ocrx_word' id='word_1_19' title='bbox 744 1124 1009 1174; x_wconf 86' lang='lat' dir='ltr'>Saugalleusis</span> <span class='ocrx_word' id='word_1_20' title='bbox 1039 1124 1169 1173; x_wconf 87' lang='lat' dir='ltr'>plures</span> <span class='ocrx_word' id='word_1_21' title='bbox 1191 1128 1342 1159; x_wconf 85' lang='lat' dir='ltr'>exstare</span> <span class='ocrx_word' id='word_1_22' title='bbox 1362 1121 1565 1170; x_wconf 83' lang='lat' dir='ltr'>rescriptos</span> 
     </span>
     <span class='ocr_line' id='line_1_4' title="bbox 137 1187 1566 1238; baseline -0.001 -15"><span class='ocrx_word' id='word_1_23' title='bbox 137 1189 337 1238; x_wconf 84' lang='lat' dir='ltr'>quaerenti</span> <span class='ocrx_word' id='word_1_24' title='bbox 361 1187 460 1224; x_wconf 88' lang='lat' dir='ltr'>mihi</span> <span class='ocrx_word' id='word_1_25' title='bbox 488 1191 632 1226; x_wconf 88' lang='lat' dir='ltr'>Arxius</span> <span class='ocrx_word' id='word_1_26' title='bbox 658 1204 695 1227; x_wconf 84' lang='lat' dir='ltr'>v.</span> <span class='ocrx_word' id='word_1_27' title='bbox 727 1191 775 1227; x_wconf 87' lang='lat' dir='ltr'>cl.</span> <span class='ocrx_word' id='word_1_28' title='bbox 807 1190 1014 1237; x_wconf 84' lang='lat' dir='ltr'>indicavit3</span> <span class='ocrx_word' id='word_1_29' title='bbox 1046 1203 1089 1226; x_wconf 90' lang='lat' dir='ltr'>ac</span> <span class='ocrx_word' id='word_1_30' title='bbox 1115 1202 1211 1225; x_wconf 86' lang='lat' dir='ltr'>mox</span> <span class='ocrx_word' id='word_1_31' title='bbox 1232 1200 1366 1225; x_wconf 87' lang='lat' dir='ltr'>omnes</span> <span class='ocrx_word' id='word_1_32' title='bbox 1388 1187 1566 1223; x_wconf 87' lang='lat' dir='ltr'>collectos</span> 
     </span>
     <span class='ocr_line' id='line_1_5' title="bbox 136 1252 1566 1303; baseline -0.001 -14"><span class='ocrx_word' id='word_1_33' title='bbox 136 1252 188 1289; x_wconf 88' lang='lat' dir='ltr'>ad</span> <span class='ocrx_word' id='word_1_34' title='bbox 214 1254 501 1303; x_wconf 86' lang='lat' dir='ltr'>inspiciendum</span> <span class='ocrx_word' id='word_1_35' title='bbox 523 1256 674 1292; x_wconf 86' lang='lat' dir='ltr'>obtulit.</span> <span class='ocrx_word' id='word_1_36' title='bbox 734 1257 878 1292; x_wconf 83' lang='lat' dir='ltr'>etenim</span> <span class='ocrx_word' id='word_1_37' title='bbox 898 1258 978 1292; x_wconf 88' lang='lat' dir='ltr'>iam</span> <span class='ocrx_word' id='word_1_38' title='bbox 999 1255 1146 1292; x_wconf 88' lang='lat' dir='ltr'><strong>dudum</strong></span> <span class='ocrx_word' id='word_1_39' title='bbox 1167 1261 1341 1291; x_wconf 87' lang='lat' dir='ltr'>accurate</span> <span class='ocrx_word' id='word_1_40' title='bbox 1363 1253 1566 1290; x_wconf 83' lang='lat' dir='ltr'>examina-</span> 
     </span>
     <span class='ocr_line' id='line_1_6' title="bbox 135 1320 1564 1373; baseline -0.001 -18"><span class='ocrx_word' id='word_1_41' title='bbox 135 1320 185 1355; x_wconf 86' lang='lat' dir='ltr'>tis</span> <span class='ocrx_word' id='word_1_42' title='bbox 215 1320 378 1369; x_wconf 84' lang='lat' dir='ltr'>singulis</span> <span class='ocrx_word' id='word_1_43' title='bbox 408 1320 628 1368; x_wconf 83' lang='lat' dir='ltr'><strong>codicibus,</strong></span> <span class='ocrx_word' id='word_1_44' title='bbox 658 1323 780 1358; x_wconf 89' lang='lat' dir='ltr'><strong>sicubi</strong></span> <span class='ocrx_word' id='word_1_45' title='bbox 814 1321 963 1373; x_wconf 89' lang='lat' dir='ltr'>aliquid</span> <span class='ocrx_word' id='word_1_46' title='bbox 991 1321 1107 1358; x_wconf 88' lang='lat' dir='ltr'>huius</span> <span class='ocrx_word' id='word_1_47' title='bbox 1136 1322 1288 1371; x_wconf 84' lang='lat' dir='ltr'>generis</span> <span class='ocrx_word' id='word_1_48' title='bbox 1316 1321 1564 1370; x_wconf 80' lang='lat' dir='ltr'>conspiceret,</span> 
     </span>
     <span class='ocr_line' id='line_1_7' title="bbox 134 1383 1566 1438; baseline 0 -18"><span class='ocrx_word' id='word_1_49' title='bbox 134 1397 215 1421; x_wconf 88' lang='lat' dir='ltr'>non</span> <span class='ocrx_word' id='word_1_50' title='bbox 245 1386 374 1422; x_wconf 89' lang='lat' dir='ltr'>solum</span> <span class='ocrx_word' id='word_1_51' title='bbox 401 1385 443 1422; x_wconf 90' lang='lat' dir='ltr'>id</span> <span class='ocrx_word' id='word_1_52' title='bbox 469 1400 547 1422; x_wconf 87' lang='lat' dir='ltr'>non</span> <span class='ocrx_word' id='word_1_53' title='bbox 577 1388 867 1424; x_wconf 82' lang='lat' dir='ltr'>inobservatum</span> <span class='ocrx_word' id='word_1_54' title='bbox 893 1389 1140 1438; x_wconf 83' lang='lat' dir='ltr'>neglexerat,</span> <span class='ocrx_word' id='word_1_55' title='bbox 1170 1400 1306 1424; x_wconf 81' lang='lat' dir='ltr'>verum</span> <span class='ocrx_word' id='word_1_56' title='bbox 1326 1387 1464 1432; x_wconf 86' lang='lat' dir='ltr'>etiam,</span> <span class='ocrx_word' id='word_1_57' title='bbox 1494 1383 1566 1421; x_wconf 89' lang='lat' dir='ltr'>ad·-</span> 
     </span>
     <span class='ocr_line' id='line_1_8' title="bbox 133 1449 1566 1504; baseline 0 -17"><span class='ocrx_word' id='word_1_58' title='bbox 133 1449 258 1488; x_wconf 81' lang='lat' dir='ltr'>hibito</span> <span class='ocrx_word' id='word_1_59' title='bbox 279 1451 563 1488; x_wconf 88' lang='lat' dir='ltr'>medicamento</span> <span class='ocrx_word' id='word_1_60' title='bbox 588 1453 853 1489; x_wconf 86' lang='lat' dir='ltr'>efficacissimo</span> <span class='ocrx_word' id='word_1_61' title='bbox 867 1482 877 1500; x_wconf 88' lang='lat'>‚</span> <span class='ocrx_word' id='word_1_62' title='bbox 911 1453 1007 1504; x_wconf 87' lang='lat' dir='ltr'>quid</span> <span class='ocrx_word' id='word_1_63' title='bbox 1027 1455 1120 1489; x_wconf 88' lang='lat' dir='ltr'>olim</span> <span class='ocrx_word' id='word_1_64' title='bbox 1141 1455 1326 1503; x_wconf 88' lang='lat' dir='ltr'>scriptum</span> <span class='ocrx_word' id='word_1_65' title='bbox 1345 1453 1483 1490; x_wconf 80' lang='lat' dir='ltr'>fuisset</span> <span class='ocrx_word' id='word_1_66' title='bbox 1501 1452 1566 1487; x_wconf 88' lang='lat' dir='ltr'>in-</span> 
     </span>
     <span class='ocr_line' id='line_1_9' title="bbox 133 1517 1565 1569; baseline 0.001 -16"><span class='ocrx_word' id='word_1_67' title='bbox 133 1518 414 1567; x_wconf 71' lang='lat' dir='ltr'>vestigaverat,</span> <span class='ocrx_word' id='word_1_68' title='bbox 444 1520 575 1568; x_wconf 86' lang='lat' dir='ltr'>itaque</span> <span class='ocrx_word' id='word_1_69' title='bbox 594 1519 712 1568; x_wconf 82' lang='lat' dir='ltr'>probe</span> <span class='ocrx_word' id='word_1_70' title='bbox 734 1525 984 1567; x_wconf 80' lang='lat' dir='ltr'>cognoverat,</span> <span class='ocrx_word' id='word_1_71' title='bbox 1014 1517 1190 1569; x_wconf 85' lang='lat' dir='ltr'><strong>mihique</strong></span> <span class='ocrx_word' id='word_1_72' title='bbox 1208 1517 1414 1565; x_wconf 83' lang='lat' dir='ltr'>indicavit,</span> <span class='ocrx_word' id='word_1_73' title='bbox 1442 1519 1483 1554; x_wconf 86' lang='lat' dir='ltr'>in</span> <span class='ocrx_word' id='word_1_74' title='bbox 1501 1530 1565 1554; x_wconf 86' lang='lat' dir='ltr'>re-</span> 
     </span>
     <span class='ocr_line' id='line_1_10' title="bbox 134 1582 1566 1633; baseline 0.001 -15"><span class='ocrx_word' id='word_1_75' title='bbox 134 1583 252 1633; x_wconf 91' lang='lat' dir='ltr'>liquis</span> <span class='ocrx_word' id='word_1_76' title='bbox 274 1582 433 1633; x_wconf 87' lang='lat' dir='ltr'>quidem</span> <span class='ocrx_word' id='word_1_77' title='bbox 451 1583 648 1620; x_wconf 87' lang='lat' dir='ltr'>codicibus</span> <span class='ocrx_word' id='word_1_78' title='bbox 670 1591 735 1620; x_wconf 84' lang='lat' dir='ltr'>aut</span> <span class='ocrx_word' id='word_1_79' title='bbox 753 1585 940 1621; x_wconf 88' lang='lat' dir='ltr'>librorum</span> <span class='ocrx_word' id='word_1_80' title='bbox 957 1597 1153 1621; x_wconf 86' lang='lat' dir='ltr'>sacrorum</span> <span class='ocrx_word' id='word_1_81' title='bbox 1171 1590 1238 1620; x_wconf 90' lang='lat' dir='ltr'>aut</span> <span class='ocrx_word' id='word_1_82' title='bbox 1256 1589 1477 1620; x_wconf 88' lang='lat' dir='ltr'>sanctorum</span> <span class='ocrx_word' id='word_1_83' title='bbox 1493 1595 1566 1632; x_wconf 86' lang='lat' dir='ltr'>pa-</span> 
     </span>
     <span class='ocr_line' id='line_1_11' title="bbox 133 1648 1566 1701; baseline 0.001 -18"><span class='ocrx_word' id='word_1_84' title='bbox 133 1654 239 1684; x_wconf 89' lang='lat' dir='ltr'>trum</span> <span class='ocrx_word' id='word_1_85' title='bbox 265 1650 428 1698; x_wconf 82' lang='lat' dir='ltr'><strong>paginas</strong></span> <span class='ocrx_word' id='word_1_86' title='bbox 457 1649 604 1686; x_wconf 88' lang='lat' dir='ltr'>deletas</span> <span class='ocrx_word' id='word_1_87' title='bbox 630 1648 783 1697; x_wconf 89' lang='lat' dir='ltr'>haberi,</span> <span class='ocrx_word' id='word_1_88' title='bbox 817 1664 937 1687; x_wconf 85' lang='lat' dir='ltr'>unum</span> <span class='ocrx_word' id='word_1_89' title='bbox 962 1664 1044 1687; x_wconf 87' lang='lat' dir='ltr'>esse</span> <span class='ocrx_word' id='word_1_90' title='bbox 1068 1652 1111 1686; x_wconf 91' lang='lat' dir='ltr'>in</span> <span class='ocrx_word' id='word_1_91' title='bbox 1133 1663 1209 1701; x_wconf 89' lang='lat' dir='ltr'>quo</span> <span class='ocrx_word' id='word_1_92' title='bbox 1235 1650 1414 1686; x_wconf 78' lang='lat' dir='ltr'><strong>carminis</strong></span> <span class='ocrx_word' id='word_1_93' title='bbox 1436 1649 1566 1685; x_wconf 85' lang='lat' dir='ltr'>Latini</span> 
     </span>
     <span class='ocr_line' id='line_1_12' title="bbox 134 1715 1565 1765; baseline 0.001 -15"><span class='ocrx_word' id='word_1_94' title='bbox 134 1715 323 1765; x_wconf 81' lang='lat' dir='ltr'><strong>reliquiae</strong></span> <span class='ocrx_word' id='word_1_95' title='bbox 344 1722 576 1765; x_wconf 79' lang='lat' dir='ltr'>appareant:</span> <span class='ocrx_word' id='word_1_96' title='bbox 606 1718 707 1752; x_wconf 89' lang='lat' dir='ltr'>inter</span> <span class='ocrx_word' id='word_1_97' title='bbox 725 1715 796 1754; x_wconf 88' lang='lat' dir='ltr'>has</span> <span class='ocrx_word' id='word_1_98' title='bbox 809 1746 818 1764; x_wconf 93' lang='lat'>,</span> <span class='ocrx_word' id='word_1_99' title='bbox 847 1718 915 1753; x_wconf 86' lang='lat' dir='ltr'>ubi</span> <span class='ocrx_word' id='word_1_100' title='bbox 935 1718 1148 1754; x_wconf 86' lang='lat' dir='ltr'>litterarum</span> <span class='ocrx_word' id='word_1_101' title='bbox 1170 1715 1305 1753; x_wconf 79' lang='lat' dir='ltr'>ductus</span> <span class='ocrx_word' id='word_1_102' title='bbox 1323 1717 1452 1752; x_wconf 85' lang='lat' dir='ltr'>minus</span> <span class='ocrx_word' id='word_1_103' title='bbox 1473 1727 1565 1751; x_wconf 82' lang='lat' dir='ltr'>eva-</span> 
     </span>
     <span class='ocr_line' id='line_1_13' title="bbox 132 1781 1565 1835; baseline 0.001 -20"><span class='ocrx_word' id='word_1_104' title='bbox 132 1782 311 1828; x_wconf 84' lang='lat' dir='ltr'>nuerint,</span> <span class='ocrx_word' id='word_1_105' title='bbox 341 1782 489 1832; x_wconf 84' lang='lat' dir='ltr'>aliquot</span> <span class='ocrx_word' id='word_1_106' title='bbox 519 1795 559 1819; x_wconf 85' lang='lat' dir='ltr'>se</span> <span class='ocrx_word' id='word_1_107' title='bbox 592 1783 733 1832; x_wconf 82' lang='lat' dir='ltr'>legisse</span> <span class='ocrx_word' id='word_1_108' title='bbox 761 1797 894 1820; x_wconf 76' lang='lat' dir='ltr'>versus</span> <span class='ocrx_word' id='word_1_109' title='bbox 912 1813 922 1830; x_wconf 87' lang='lat'>,</span> <span class='ocrx_word' id='word_1_110' title='bbox 954 1796 1050 1834; x_wconf 88' lang='lat' dir='ltr'>quos</span> <span class='ocrx_word' id='word_1_111' title='bbox 1073 1797 1199 1835; x_wconf 86' lang='lat' dir='ltr'>neque</span> <span class='ocrx_word' id='word_1_112' title='bbox 1218 1783 1407 1818; x_wconf 82' lang='lat' dir='ltr'>memoria</span> <span class='ocrx_word' id='word_1_113' title='bbox 1429 1781 1503 1817; x_wconf 85' lang='lat' dir='ltr'><strong>sibi</strong></span> <span class='ocrx_word' id='word_1_114' title='bbox 1523 1781 1565 1816; x_wconf 89' lang='lat' dir='ltr'>iu</span> 
     </span>
     <span class='ocr_line' id='line_1_14' title="bbox 133 1849 1565 1900; baseline 0.001 -18"><span class='ocrx_word' id='word_1_115' title='bbox 133 1850 348 1896; x_wconf 64' lang='lat' dir='ltr'>poetarum,</span> <span class='ocrx_word' id='word_1_116' title='bbox 379 1861 474 1898; x_wconf 89' lang='lat' dir='ltr'>quos</span> <span class='ocrx_word' id='word_1_117' title='bbox 492 1850 672 1886; x_wconf 86' lang='lat' dir='ltr'>classicos</span> <span class='ocrx_word' id='word_1_118' title='bbox 689 1863 885 1897; x_wconf 75' lang='lat' dir='ltr'>vocamus,</span> <span class='ocrx_word' id='word_1_119' title='bbox 911 1851 1019 1886; x_wconf 87' lang='lat' dir='ltr'>libris</span> <span class='ocrx_word' id='word_1_120' title='bbox 1036 1849 1275 1896; x_wconf 82' lang='lat' dir='ltr'>indicaverit,</span> <span class='ocrx_word' id='word_1_121' title='bbox 1297 1861 1424 1900; x_wconf 86' lang='lat' dir='ltr'>neque</span> <span class='ocrx_word' id='word_1_122' title='bbox 1442 1860 1565 1899; x_wconf 87' lang='lat' dir='ltr'>quae-</span> 
     </span>
     <span class='ocr_line' id='line_1_15' title="bbox 131 1911 1562 1967; baseline 0.001 -19"><span class='ocrx_word' id='word_1_123' title='bbox 131 1911 253 1949; x_wconf 85' lang='lat' dir='ltr'>rendo</span> <span class='ocrx_word' id='word_1_124' title='bbox 271 1914 484 1950; x_wconf 83' lang='lat' dir='ltr'>invenerit:</span> <span class='ocrx_word' id='word_1_125' title='bbox 515 1922 684 1951; x_wconf 84' lang='lat' dir='ltr'>ceterum</span> <span class='ocrx_word' id='word_1_126' title='bbox 700 1930 753 1964; x_wconf 88' lang='lat' dir='ltr'>se,</span> <span class='ocrx_word' id='word_1_127' title='bbox 774 1924 931 1967; x_wconf 86' lang='lat' dir='ltr'>propter</span> <span class='ocrx_word' id='word_1_128' title='bbox 950 1916 1190 1954; x_wconf 82' lang='lat' dir='ltr'>debilitatam</span> <span class='ocrx_word' id='word_1_129' title='bbox 1208 1916 1409 1953; x_wconf 85' lang='lat' dir='ltr'>oculorum</span> <span class='ocrx_word' id='word_1_130' title='bbox 1426 1915 1562 1960; x_wconf 83' lang='lat' dir='ltr'>aciem,</span> 
     </span>
     <span class='ocr_line' id='line_1_16' title="bbox 131 1979 1562 2033; baseline 0.001 -19"><span class='ocrx_word' id='word_1_131' title='bbox 131 1979 179 2015; x_wconf 83' lang='lat' dir='ltr'>ab</span> <span class='ocrx_word' id='word_1_132' title='bbox 201 1982 434 2017; x_wconf 87' lang='lat' dir='ltr'>accuratiore</span> <span class='ocrx_word' id='word_1_133' title='bbox 455 1984 704 2033; x_wconf 84' lang='lat' dir='ltr'>inquisitione</span> <span class='ocrx_word' id='word_1_134' title='bbox 733 1984 923 2020; x_wconf 87' lang='lat' dir='ltr'>abstinere</span> <span class='ocrx_word' id='word_1_135' title='bbox 949 1983 1152 2020; x_wconf 82' lang='lat' dir='ltr'>debuisse:</span> <span class='ocrx_word' id='word_1_136' title='bbox 1183 1995 1271 2019; x_wconf 86' lang='lat' dir='ltr'>eam</span> <span class='ocrx_word' id='word_1_137' title='bbox 1291 1994 1332 2018; x_wconf 88' lang='lat' dir='ltr'>se</span> <span class='ocrx_word' id='word_1_138' title='bbox 1355 1993 1494 2030; x_wconf 87' lang='lat' dir='ltr'>cupere</span> <span class='ocrx_word' id='word_1_139' title='bbox 1513 1979 1562 2015; x_wconf 89' lang='lat' dir='ltr'>ab</span> 
     </span>
     <span class='ocr_line' id='line_1_17' title="bbox 131 2044 1563 2096; baseline 0.001 -16"><span class='ocrx_word' id='word_1_140' title='bbox 131 2044 262 2096; x_wconf 90' lang='lat' dir='ltr'>aliquo</span> <span class='ocrx_word' id='word_1_141' title='bbox 289 2047 460 2095; x_wconf 86' lang='lat' dir='ltr'>institui,</span> <span class='ocrx_word' id='word_1_142' title='bbox 488 2051 549 2085; x_wconf 88' lang='lat' dir='ltr'>cui</span> <span class='ocrx_word' id='word_1_143' title='bbox 574 2056 611 2085; x_wconf 91' lang='lat' dir='ltr'>et</span> <span class='ocrx_word' id='word_1_144' title='bbox 631 2050 736 2087; x_wconf 85' lang='lat' dir='ltr'>visus</span> <span class='ocrx_word' id='word_1_145' title='bbox 757 2051 903 2087; x_wconf 85' lang='lat' dir='ltr'>firmior</span> <span class='ocrx_word' id='word_1_146' title='bbox 929 2057 966 2087; x_wconf 86' lang='lat' dir='ltr'>et</span> <span class='ocrx_word' id='word_1_147' title='bbox 994 2063 1086 2087; x_wconf 87' lang='lat' dir='ltr'>usus</span> <span class='ocrx_word' id='word_1_148' title='bbox 1112 2047 1400 2086; x_wconf 80' lang='lat' dir='ltr'>tractandarum</span> <span class='ocrx_word' id='word_1_149' title='bbox 1422 2044 1563 2083; x_wconf 85' lang='lat' dir='ltr'>deleti-</span> 
     </span>
     <span class='ocr_line' id='line_1_18' title="bbox 133 2111 688 2153; baseline 0.011 -6"><span class='ocrx_word' id='word_1_150' title='bbox 133 2111 279 2148; x_wconf 89' lang='lat' dir='ltr'>ciarum</span> <span class='ocrx_word' id='word_1_151' title='bbox 295 2114 609 2152; x_wconf 88' lang='lat' dir='ltr'>membranarum</span> <span class='ocrx_word' id='word_1_152' title='bbox 627 2117 688 2153; x_wconf 89' lang='lat' dir='ltr'>sit.</span> 
     </span>
    </p>

    <p class='ocr_par' dir='ltr' id='par_1_3' title="bbox 129 2179 1563 2500">
     <span class='ocr_line' id='line_1_19' title="bbox 241 2179 1562 2234; baseline 0.003 -20"><span class='ocrx_word' id='word_1_153' title='bbox 241 2179 363 2228; x_wconf 84' lang='lat' dir='ltr'>Igitur</span> <span class='ocrx_word' id='word_1_154' title='bbox 391 2193 471 2218; x_wconf 87' lang='lat' dir='ltr'>non</span> <span class='ocrx_word' id='word_1_155' title='bbox 499 2181 732 2220; x_wconf 83' lang='lat' dir='ltr'>concedente</span> <span class='ocrx_word' id='word_1_156' title='bbox 757 2185 884 2221; x_wconf 88' lang='lat' dir='ltr'>solum</span> <span class='ocrx_word' id='word_1_157' title='bbox 911 2184 981 2222; x_wconf 87' lang='lat' dir='ltr'>sed</span> <span class='ocrx_word' id='word_1_158' title='bbox 1007 2183 1185 2221; x_wconf 85' lang='lat' dir='ltr'>hortante</span> <span class='ocrx_word' id='word_1_159' title='bbox 1213 2189 1328 2234; x_wconf 88' lang='lat' dir='ltr'>atque</span> <span class='ocrx_word' id='word_1_160' title='bbox 1354 2179 1562 2233; x_wconf 74' lang='lat' dir='ltr'>plaudente</span> 
     </span>
     <span class='ocr_line' id='line_1_20' title="bbox 131 2247 1563 2301; baseline 0.001 -17"><span class='ocrx_word' id='word_1_161' title='bbox 131 2249 287 2297; x_wconf 85' lang='lat' dir='ltr'>egregio</span> <span class='ocrx_word' id='word_1_162' title='bbox 308 2249 390 2285; x_wconf 81' lang='lat' dir='ltr'>viro</span> <span class='ocrx_word' id='word_1_163' title='bbox 411 2261 506 2298; x_wconf 91' lang='lat' dir='ltr'>opus</span> <span class='ocrx_word' id='word_1_164' title='bbox 527 2261 731 2298; x_wconf 78' lang='lat' dir='ltr'>aggressus</span> <span class='ocrx_word' id='word_1_165' title='bbox 755 2262 865 2287; x_wconf 84' lang='lat' dir='ltr'>sum:</span> <span class='ocrx_word' id='word_1_166' title='bbox 895 2263 978 2287; x_wconf 86' lang='lat' dir='ltr'>rem</span> <span class='ocrx_word' id='word_1_167' title='bbox 997 2252 1112 2301; x_wconf 89' lang='lat' dir='ltr'>plane</span> <span class='ocrx_word' id='word_1_168' title='bbox 1132 2256 1175 2286; x_wconf 88' lang='lat' dir='ltr'>ut</span> <span class='ocrx_word' id='word_1_169' title='bbox 1194 2251 1277 2299; x_wconf 86' lang='lat' dir='ltr'>ipse</span> <span class='ocrx_word' id='word_1_170' title='bbox 1293 2248 1393 2286; x_wconf 89' lang='lat' dir='ltr'>mihi</span> <span class='ocrx_word' id='word_1_171' title='bbox 1411 2247 1563 2286; x_wconf 73' lang='lat' dir='ltr'>indica-</span> 
     </span>
     <span class='ocr_line' id='line_1_21' title="bbox 130 2314 1560 2367; baseline 0.003 -19"><span class='ocrx_word' id='word_1_172' title='bbox 130 2319 239 2349; x_wconf 78' lang='lat' dir='ltr'>verat</span> <span class='ocrx_word' id='word_1_173' title='bbox 255 2314 400 2360; x_wconf 83' lang='lat' dir='ltr'>inveni,</span> <span class='ocrx_word' id='word_1_174' title='bbox 422 2327 467 2350; x_wconf 88' lang='lat' dir='ltr'>ea</span> <span class='ocrx_word' id='word_1_175' title='bbox 485 2316 630 2351; x_wconf 86' lang='lat' dir='ltr'>scilicet</span> <span class='ocrx_word' id='word_1_176' title='bbox 651 2329 750 2367; x_wconf 89' lang='lat' dir='ltr'>quae</span> <span class='ocrx_word' id='word_1_177' title='bbox 770 2315 836 2353; x_wconf 83' lang='lat' dir='ltr'>his·</span> <span class='ocrx_word' id='word_1_178' title='bbox 849 2317 1013 2366; x_wconf 84' lang='lat' dir='ltr'>pagellis</span> <span class='ocrx_word' id='word_1_179' title='bbox 1033 2318 1276 2354; x_wconf 79' lang='lat' dir='ltr'>continentur</span> <span class='ocrx_word' id='word_1_180' title='bbox 1290 2315 1438 2353; x_wconf 89' lang='lat' dir='ltr'>inedita</span> <span class='ocrx_word' id='word_1_181' title='bbox 1455 2327 1560 2363; x_wconf 84' lang='lat' dir='ltr'>esse3</span> 
     </span>
     <span class='ocr_line' id='line_1_22' title="bbox 129 2378 1561 2434; baseline 0.002 -19"><span class='ocrx_word' id='word_1_182' title='bbox 129 2378 287 2430; x_wconf 82' lang='lat' dir='ltr'>legique</span> <span class='ocrx_word' id='word_1_183' title='bbox 315 2379 506 2418; x_wconf 80' lang='lat' dir='ltr'>redivivas</span> <span class='ocrx_word' id='word_1_184' title='bbox 533 2383 679 2419; x_wconf 83' lang='lat' dir='ltr'>litteras</span> <span class='ocrx_word' id='word_1_185' title='bbox 692 2412 702 2430; x_wconf 91' lang='lat'>,</span> <span class='ocrx_word' id='word_1_186' title='bbox 731 2390 773 2419; x_wconf 90' lang='lat' dir='ltr'>ut</span> <span class='ocrx_word' id='word_1_187' title='bbox 790 2385 831 2419; x_wconf 92' lang='lat' dir='ltr'>in</span> <span class='ocrx_word' id='word_1_188' title='bbox 850 2383 923 2420; x_wconf 92' lang='lat' dir='ltr'>hoc</span> <span class='ocrx_word' id='word_1_189' title='bbox 941 2385 1096 2434; x_wconf 87' lang='lat' dir='ltr'>negotio</span> <span class='ocrx_word' id='word_1_190' title='bbox 1121 2383 1274 2419; x_wconf 83' lang='lat' dir='ltr'>evenire</span> <span class='ocrx_word' id='word_1_191' title='bbox 1295 2383 1415 2429; x_wconf 87' lang='lat' dir='ltr'>solet,</span> <span class='ocrx_word' id='word_1_192' title='bbox 1443 2380 1561 2420; x_wconf 86' lang='lat' dir='ltr'>modo</span> 
     </span>
     <span class='ocr_line' id='line_1_23' title="bbox 131 2446 1561 2500; baseline 0.001 -18"><span class='ocrx_word' id='word_1_193' title='bbox 131 2446 214 2483; x_wconf 85' lang='lat' dir='ltr'>sine</span> <span class='ocrx_word' id='word_1_194' title='bbox 230 2448 310 2484; x_wconf 92' lang='lat' dir='ltr'>ullo</span> <span class='ocrx_word' id='word_1_195' title='bbox 329 2448 483 2495; x_wconf 86' lang='lat' dir='ltr'>labore,</span> <span class='ocrx_word' id='word_1_196' title='bbox 515 2447 633 2485; x_wconf 90' lang='lat' dir='ltr'>modo</span> <span class='ocrx_word' id='word_1_197' title='bbox 658 2451 772 2486; x_wconf 81' lang='lat' dir='ltr'>enixa</span> <span class='ocrx_word' id='word_1_198' title='bbox 793 2452 993 2487; x_wconf 88' lang='lat' dir='ltr'>oculorum</span> <span class='ocrx_word' id='word_1_199' title='bbox 1012 2451 1209 2500; x_wconf 88' lang='lat' dir='ltr'>animique</span> <span class='ocrx_word' id='word_1_200' title='bbox 1230 2449 1472 2486; x_wconf 81' lang='lat' dir='ltr'>contentione</span> <span class='ocrx_word' id='word_1_201' title='bbox 1493 2460 1561 2484; x_wconf 84' lang='lat' dir='ltr'>ae-</span> 
     </span>
    </p>

    <p class='ocr_par' dir='ltr' id='par_1_4' title="bbox 4 2513 1562 2766">
     <span class='ocr_line' id='line_1_24' title="bbox 4 2513 1562 2567; baseline 0.001 -18"><span class='ocrx_word' id='word_1_202' title='bbox 4 2531 38 2565; x_wconf 81' lang='lat' dir='ltr'>p,</span> <span class='ocrx_word' id='word_1_203' title='bbox 59 2519 110 2554; x_wconf 82' lang='lat' dir='ltr'>VI</span> <span class='ocrx_word' id='word_1_204' title='bbox 132 2513 297 2562; x_wconf 85' lang='lat' dir='ltr'>gerrime</span> <span class='ocrx_word' id='word_1_205' title='bbox 327 2520 524 2551; x_wconf 86' lang='lat' dir='ltr'>assecutus</span> <span class='ocrx_word' id='word_1_206' title='bbox 557 2514 739 2553; x_wconf 81' lang='lat' dir='ltr'>evanidos</span> <span class='ocrx_word' id='word_1_207' title='bbox 769 2515 926 2565; x_wconf 87' lang='lat' dir='ltr'>ductus,</span> <span class='ocrx_word' id='word_1_208' title='bbox 962 2518 1079 2554; x_wconf 86' lang='lat' dir='ltr'>erasis</span> <span class='ocrx_word' id='word_1_209' title='bbox 1105 2529 1203 2567; x_wconf 84' lang='lat' dir='ltr'>quae</span> <span class='ocrx_word' id='word_1_210' title='bbox 1225 2514 1417 2553; x_wconf 82' lang='lat' dir='ltr'>abluendo</span> <span class='ocrx_word' id='word_1_211' title='bbox 1440 2514 1562 2552; x_wconf 88' lang='lat' dir='ltr'>deleri</span> 
     </span>
     <span class='ocr_line' id='line_1_25' title="bbox 128 2580 1562 2633; baseline 0.001 -18"><span class='ocrx_word' id='word_1_212' title='bbox 128 2592 209 2616; x_wconf 86' lang='lat' dir='ltr'>non</span> <span class='ocrx_word' id='word_1_213' title='bbox 233 2586 460 2630; x_wconf 86' lang='lat' dir='ltr'>potuerant:</span> <span class='ocrx_word' id='word_1_214' title='bbox 508 2581 720 2630; x_wconf 78' lang='lat' dir='ltr'>nonnulla,</span> <span class='ocrx_word' id='word_1_215' title='bbox 760 2590 847 2633; x_wconf 87' lang='lat' dir='ltr'>post</span> <span class='ocrx_word' id='word_1_216' title='bbox 874 2584 1109 2633; x_wconf 76' lang='lat' dir='ltr'>multiplices</span> <span class='ocrx_word' id='word_1_217' title='bbox 1140 2588 1317 2630; x_wconf 87' lang='lat' dir='ltr'>conatus,</span> <span class='ocrx_word' id='word_1_218' title='bbox 1359 2580 1562 2632; x_wconf 86' lang='lat' dir='ltr'>desperata</span> 
     </span>
     <span class='ocr_line' id='line_1_26' title="bbox 130 2645 1560 2701; baseline 0.001 -19"><span class='ocrx_word' id='word_1_219' title='bbox 130 2646 283 2697; x_wconf 89' lang='lat' dir='ltr'>reliqui.</span> <span class='ocrx_word' id='word_1_220' title='bbox 338 2659 475 2684; x_wconf 85' lang='lat' dir='ltr'>verum</span> <span class='ocrx_word' id='word_1_221' title='bbox 502 2645 550 2683; x_wconf 85' lang='lat' dir='ltr'>de</span> <span class='ocrx_word' id='word_1_222' title='bbox 583 2646 759 2686; x_wconf 86' lang='lat' dir='ltr'>codicum</span> <span class='ocrx_word' id='word_1_223' title='bbox 781 2652 1054 2700; x_wconf 73' lang='lat' dir='ltr'>rescriptoriun</span> <span class='ocrx_word' id='word_1_224' title='bbox 1077 2651 1247 2696; x_wconf 84' lang='lat' dir='ltr'>ratione,</span> <span class='ocrx_word' id='word_1_225' title='bbox 1279 2648 1327 2686; x_wconf 86' lang='lat' dir='ltr'>de</span> <span class='ocrx_word' id='word_1_226' title='bbox 1349 2662 1426 2701; x_wconf 87' lang='lat' dir='ltr'>qua</span> <span class='ocrx_word' id='word_1_227' title='bbox 1445 2661 1560 2698; x_wconf 83' lang='lat' dir='ltr'>saepe</span> 
     </span>
     <span class='ocr_line' id='line_1_27' title="bbox 129 2712 1344 2766; baseline 0.003 -18"><span class='ocrx_word' id='word_1_228' title='bbox 129 2717 243 2764; x_wconf 88' lang='lat' dir='ltr'>atque</span> <span class='ocrx_word' id='word_1_229' title='bbox 263 2725 351 2750; x_wconf 88' lang='lat' dir='ltr'>cum</span> <span class='ocrx_word' id='word_1_230' title='bbox 371 2725 460 2750; x_wconf 86' lang='lat' dir='ltr'>cura</span> <span class='ocrx_word' id='word_1_231' title='bbox 481 2712 666 2751; x_wconf 81' lang='lat' dir='ltr'>traditum</span> <span class='ocrx_word' id='word_1_232' title='bbox 687 2721 763 2764; x_wconf 90' lang='lat' dir='ltr'>est,</span> <span class='ocrx_word' id='word_1_233' title='bbox 794 2716 906 2766; x_wconf 86' lang='lat' dir='ltr'>plura</span> <span class='ocrx_word' id='word_1_234' title='bbox 929 2715 1055 2753; x_wconf 84' lang='lat' dir='ltr'>dicere</span> <span class='ocrx_word' id='word_1_235' title='bbox 1075 2714 1176 2753; x_wconf 90' lang='lat' dir='ltr'>nihil</span> <span class='ocrx_word' id='word_1_236' title='bbox 1194 2716 1344 2753; x_wconf 88' lang='lat' dir='ltr'>attinet.</span> 
     </span>
    </p>
   </div>
  </div>
 </body>
</html>
