1702 3060
441 77 793 162 lomNmnos'
826 113 933 157 Lm.
965 112 1022 157 v.
1072 134 1083 150 ·
1364 109 1455 155 111

114 230 269 272 ossibus
288 242 382 267 arva
403 228 506 278 suis,
535 228 672 279 magni
691 227 836 265 virtute
852 221 1041 264 Iohannis

115 313 218 352 quae
234 296 354 336 modo
376 297 500 334 fracta
523 297 666 333 iacent.
725 294 849 331 celsas
870 289 1120 342 Carthaginis
1143 301 1251 328 arces

13 365 87 411 1,·85
116 367 310 405 Carcasan
333 364 472 402 ductor
492 363 651 415 populis
672 361 948 400 comitantibus
968 360 1071 398 altus

117 447 190 486 per
205 431 358 471 medias
374 433 477 480 ibat,
506 437 600 468 tunc
621 443 711 468 cum
731 430 880 467 cervice
898 428 1022 465 recisa

118 502 288 540 infixum
305 497 434 551 rigido
454 496 555 536 vidit
577 503 693 548 caput
709 496 846 534 Africa
868 501 997 533 conto.

174 570 319 606 Mentis
339 569 453 618 inops
473 566 646 603 nimium
666 565 864 616 responsiS
887 562 981 601 fisus
1004 562 1152 614 iniquis

118 634 279 674 horrida
298 635 406 672 bella
427 639 554 685 parat.
613 631 833 670 discurrens
853 632 962 668 fama
982 643 1054 682 per
1076 643 1213 667 omnes

6 704 93 747 {190
121 705 153 742 it
171 704 360 756 populos,
388 714 555 752 regnum
573 701 713 738 cecinit
728 697 836 752 quod
857 699 1039 750 gentibus
1056 699 1244 736 Ammon.

122 777 335 809 excurrunt
353 770 500 808 celeres
518 767 656 806 calidis
677 781 699 805 a
719 768 900 820 Syrtibus
919 767 1019 816 alae,

122 839 369 892 invitantque
387 838 491 876 feras
510 839 622 888 regni
639 837 710 875 sub
728 837 902 888 imagine
921 841 1073 886 gentes.

124 907 290 945 barbam
306 907 420 945 turba
441 907 537 954 coit3
565 906 741 943 numeris
763 911 930 956 augetur
949 909 988 940 et
1005 902 1140 939 armis.

126 981 220 1013 tunc
242 976 396 1028 equites
416 972 571 1026 pedites
589 979 804 1025 quaerunt,
837 972 1006 1022 altisque
1027 969 1189 1007 camelis

8 1039 111 1086 '195'
125 1045 354 1082 Maurorum
372 1043 442 1095 qui
457 1053 567 1078 more
586 1039 739 1078 sedent.
794 1052 868 1077 nec
892 1039 1000 1077 solus
1021 1038 1200 1088 Ilasguas

127 1118 196 1148 aut
214 1117 350 1162 gentes
369 1115 544 1157 tantum,
579 1115 745 1159 egerunt
762 1121 864 1161 quae
880 1107 987 1144 bella
1000 1135 1011 1155 ,
1039 1107 1193 1158 priores

129 1191 348 1218 convenere
368 1177 465 1225 sibi,
495 1173 567 1214 sed
584 1177 619 1214 si
640 1177 728 1228 quis
749 1176 904 1227 Syrtica
924 1186 1015 1212 rura

119 1250 244 1298 'asper
262 1253 345 1284 arat
366 1248 563 1284 Nasamon
577 1273 587 1292 ,
618 1245 652 1282 si
673 1245 761 1296 quis
782 1241 1083 1282 Garamantidos
1105 1242 1209 1280 arvis

129 1317 335 1368 proximus
359 1326 452 1351 arva
477 1313 591 1360 colit,
621 1313 781 1363 pinguis
802 1313 871 1364 qui
888 1311 1068 1362 margine
1085 1310 1168 1347 Nili

6 1385 102 1427 ,200
130 1391 269 1435 stagna
287 1382 450 1429 bibunt,
479 1390 623 1418 venere
642 1381 730 1418 viri.
789 1381 878 1432 quis
899 1378 1030 1417 dicere
1050 1383 1188 1428 gentes

130 1458 199 1489 aut
217 1462 425 1488 numerare
446 1444 595 1500 queat‘?
652 1459 838 1502 numeres
857 1454 925 1484 aut
944 1446 1126 1498 aequoris
1148 1442 1276 1483 undas

130 1519 358 1558 nimborum
379 1523 446 1554 aut
467 1521 617 1566 guttas,
655 1521 722 1551 aut
743 1522 910 1566 quantas
929 1515 1024 1552 litus
1045 1524 1184 1549 arenas

133 1587 247 1625 afluit
259 1615 270 1635 ,
300 1591 367 1622 aut
381 1584 546 1636 pelagus
562 1583 690 1633 pisces
709 1589 776 1619 aut
791 1589 894 1620 terra
910 1582 1091 1620 volucres

134 1656 262 1694 omnis
282 1651 422 1701 habet,
452 1651 583 1689 varius
602 1656 698 1702 quot
717 1651 844 1701 gignit
862 1661 1024 1700 campus
1044 1648 1183 1685 aristes

7 1723 106 1768 >205
133 1737 226 1762 vere
245 1734 370 1770 novo,
399 1720 609 1758 vel-totum
629 1725 769 1755 ornant
786 1724 882 1770 quot
901 1716 1031 1756 sidera
1052 1715 1220 1753 caelum.

189 1790 348 1830 Viribus
364 1786 459 1826 inde
480 1788 562 1825 suis
580 1786 778 1823 bellorum
797 1785 934 1823 ductor
956 1797 1073 1822 arene

135 1870 319 1897 securum
334 1856 556 1907 fortemque
573 1860 738 1905 putans,
768 1854 980 1892 simulacra
997 1851 1159 1890 novavit

136 1927 349 1978 signaque,
380 1930 418 1962 et
436 1923 625 1961 extremis
643 1923 746 1960 acies
765 1923 977 1960 commovit
998 1920 1046 1957 ab
1069 1921 1162 1967 oris,

136 1995 226 2047 plus
243 1993 359 2031 solita
378 1992 520 2030 virtute
537 1990 712 2028 fremens
723 2020 733 2039 ,
766 2003 812 2028 ac
829 1991 959 2042 pergit
975 1989 1020 2026 in
1043 1986 1214 2027 hostem.

27 2065 111 2107 210
139 2063 265 2100 victus
285 2068 329 2099 ut
346 2060 550 2098 Herculeis
568 2059 743 2095 Antaeus
761 2057 879 2109 Saepe
897 2056 1055 2094 lacertis

140 2135 319 2168 contacta
334 2129 491 2180 lapsum
508 2126 714 2178 reparabat
734 2139 875 2177 corpus
894 2137 1027 2172 arena,

140 2203 280 2250 sponte
303 2194 467 2244 cadens,
495 2195 621 2232 victor
644 2193 769 2232 donec
789 2191 1027 2246 Tirynthius
1051 2196 1177 2227 artem

139 2270 341 2312 nosceret,
371 2269 410 2300 et
427 2263 593 2300 summis
613 2263 845 2314 complexus
865 2261 1014 2299 viribus
1034 2257 1192 2296 hostem

141 2337 365 2385 prensasset
385 2343 556 2383 pronum
574 2343 665 2368 omn
681 2343 827 2381 magno
846 2328 1023 2381 pondere
1045 2339 1200 2378 corpus,

33 2400 116 2445 215
144 2408 302 2452 guttura
319 2412 436 2439 saeva
454 2409 659 2451 premens:
690 2404 734 2435 ut
750 2405 897 2435 terram
913 2403 1075 2447 tangere
1095 2400 1264 2431 matrem

146 2480 228 2506 non
244 2469 393 2520 potuit,
421 2468 566 2508 victrix
586 2467 723 2506 miseri
738 2478 845 2504 mors
864 2465 1018 2503 lumina
1039 2464 1203 2502 clausit:

41 2610 108 2648 185
130 2609 264 2665 cprthps
290 2613 395 2668 ait-'I'
524 2614 607 2668 ‘186-
625 2611 688 2646 ibit
712 2610 755 2646 M
898 2610 963 2646 191
986 2609 1041 2644 ala
1066 2609 1099 2643 Τ
1233 2607 1299 2669 ἓ92
1319 2606 1489 2661 regnis-'1'

39 2656 377 2749 &astent-³32³
402 2659 452 2702 Ἠ
470 2658 716 2740 aaa&
733 2703 783 2738 Μ.
816 2656 1217 2736 ὲὲὶὲῗῑεζῇῑῇξοὲ
1238 2655 1267 2687 f
1322 2653 1487 2732 2122352

37 2747 167 2783 timeus
183 2747 216 2781 Τ
349 2748 417 2784 214
437 2750 638 2796 pensasset?
661 2761 704 2786 ea
718 2749 814 2786 verbi
825 2753 994 2795 potestate
1013 2759 1083 2793 qua
1101 2750 1150 2782 est
1165 2746 1311 2791 positum
1326 2745 1348 2779 2
1365 2744 1444 2780 276.

101 2810 232 2848 merob.
259 2816 293 2849 ct
322 2811 401 2848 eor.
1161 2806 1215 2846 12
