1702 3060
250 148 345 195 430
540 114 544 122 ⁴
651 149 835 192 NOTAE
868 149 925 192 m
957 149 1168 192 LIBRUM
1198 149 1259 192 111
1640 0 1684 159 1

357 256 450 298 259.
507 256 681 293 solebant
706 257 845 306 legati,
873 258 1099 306 praesertim
1127 269 1216 294 cum
1237 250 1438 308 quippiam
1454 247 1681 309 impetraress

249 313 413 358 vellent,
443 312 482 346 in
511 317 654 347 terram
680 313 811 347 cernui
837 325 877 348 se
906 312 1083 348 abiicere.
1140 310 1252 348 docet
1266 313 1399 349 Livius
1419 315 1465 353 9:
1493 326 1533 348 eo
1556 325 1660 349 anno

246 382 273 403 a
286 363 559 417 frequentibus
590 366 824 402 Samnitium
842 367 1003 415 populis
1021 366 1068 403 de
1080 366 1239 415 foedere
1259 367 1476 403 renouando
1494 380 1583 403 cum
1604 367 1676 403 le-.

244 423 333 471 gali
360 427 534 456 senatum
561 421 672 457 humi
699 422 812 456 strati
841 422 1061 466 movissent,
1089 422 1217 456 reiecti
1239 422 1295 457 acl
1315 421 1509 471 populum
1524 421 1662 458 Jzaud-

247 489 447 526 quaquam
465 481 546 510 tam
565 476 735 524 effi'caces
755 474 921 512 habuere
934 489 1078 525 prece-s·-
1118 477 1322 525 Saguntini
1338 475 1442 527 apud
1461 476 1601 513 Silium
1620 479 1662 515 1:

247 531 417 580 affigunt
434 531 553 578 pmni
576 530 810 580 squallentia
835 544 995 580 corpora
1018 538 1150 567 terrae.
1210 543 1282 567 nec
1302 531 1552 567 barbarorum
1565 532 1598 567 is
1615 529 1662 566 ad

248 588 442 622 Romanos
469 587 644 621 euntium
673 598 778 631 mos,
807 584 876 621 sed
906 587 1169 622 Romanorum
1187 587 1305 622 etiam
1321 584 1371 622 ad
1391 586 1500 622 alios.
1554 585 1664 622 Diac-

253 643 325 680 16:
354 640 594 676 introductus
610 639 761 688 legatus
782 640 1049 676 Romanorum
1070 654 1157 676 cum
1176 641 1415 676 adoravisset
1434 638 1666 689 (Archetam

251 707 383 744 regem
402 692 686 745 Aethiopum),
711 695 838 731 iussus
857 702 910 731 est
929 696 1037 745 erigi.
1079 694 1149 733 sed
1165 694 1262 731 haec
1278 696 1397 745 lapsis
1412 695 1665 745 temporibus·

250 751 434 786 Drmrsr.

364 807 459 844 262.
515 803 600 839 Liv.
622 805 669 843 3:
699 810 803 839 stant
822 805 974 853 passim
999 810 1138 840 matres
1160 803 1329 840 crinibus
1347 803 1492 853 templa
1513 816 1666 839 verren-

255 867 325 902 tes,
356 860 509 895 veniam
531 860 680 895 irarum
699 859 919 895 caelestium
925 859 1126 908 finemque
1135 860 1256 907 pestis
1273 864 1490 907 exposcunt.
1520 858 1668 895 Arnob.

256 916 306 953 1:
354 914 510 949 deorum
545 919 635 949 ante
671 927 739 949 ora
765 915 951 963 prostrati
978 913 1116 950 limina
1140 914 1228 962 ipsa
1254 919 1486 952 contererent
1508 912 1662 949 osculis.

254 970 399 1006 Lucan.
426 971 471 1007 2:
498 968 571 1003 lzae
597 968 769 1004 lacrimis
795 980 967 1016 sparsere
991 969 1096 1012 cleos,
1122 967 1196 1003 liae
1220 981 1379 1016 corpora
1401 968 1498 1004 duro
1517 968 1669 1016 affixere

255 1023 352 1066 solo,
395 1023 617 1072 lacerasque
646 1023 687 1058 in
710 1022 843 1058 limine
867 1035 976 1059 sacro
1000 1023 1184 1058 attonitae
1201 1022 1347 1072 fudere
1372 1035 1512 1058 comas·
1571 1022 1669 1059 Stat.

257 1079 355 1114 Silv.
378 1078 402 1117 5
435 1078 480 1116 1:
509 1077 736 1121 illacrimat,
765 1078 968 1127 signatque
987 1078 1115 1127 jbres,
1145 1084 1180 1112 et
1196 1085 1350 1126 pectore
1377 1078 1490 1126 tergit
1513 1075 1666 1112 limina.

259 1134 313 1169 sic
341 1133 444 1168 enim
472 1133 559 1180 lego
589 1144 641 1167 ex
665 1130 795 1168 codice
822 1133 1156 1182 Argentoratensi:
1185 1132 1227 1167 in
1247 1133 1331 1169 aliis
1349 1132 1550 1182 legebatur
1567 1131 1670 1168 male

251 1194 405 1236 pectore
424 1193 541 1236 terget
556 1185 721 1222 lumina.
779 1185 885 1222 idem
903 1188 949 1226 9:
975 1186 1129 1236 gelidas
1149 1193 1358 1223 verrentem
1377 1185 1546 1222 crinibus
1559 1199 1664 1222 aras.

258 1242 330 1278 Sil.
351 1241 437 1277 Ital.
457 1242 481 1279 6
511 1241 608 1279 560:
645 1248 708 1276 ast
735 1240 857 1284 aliae,
886 1241 1024 1277 laceris
1056 1248 1231 1277 canentes
1259 1240 1448 1285 crinibus,
1473 1240 1558 1276 alta
1583 1253 1671 1277 ver-

257 1302 347 1332 runt
376 1302 474 1330 tecla
501 1295 629 1331 (lcum.
689 1294 890 1331 claudian.
912 1294 959 1331 de
979 1295 1084 1332 laud.
1105 1296 1293 1342 Serenae,
1321 1296 1388 1332 ubi
1413 1295 1546 1345 plura:
1575 1308 1670 1343 sup-

250 1351 356 1400 plice
382 1351 484 1386 crine
512 1350 632 1386 verris
658 1348 834 1386 humum.
866 1351 1048 1387 Drmsr.
1105 1349 1284 1399 capillis,
1313 1362 1409 1401 quos
1434 1361 1550 1400 supra
1575 1350 1671 1386 Fra·
1692 1352 1696 1356 ’

255 1407 404 1455 ,gmeuti
428 1418 465 1440 v.
489 1404 515 1443 4
538 1403 816 1440 colubrimodos
834 1405 1006 1444 vocabat.
1061 1406 1184 1441 Rrr’r.

368 1461 462 1499 266.
520 1471 665 1494 erexere
686 1460 812 1509 viros]
844 1458 948 1509 apud
965 1461 1183 1509 Fogginum
1201 1471 1395 1495 surrexere
1410 1459 1499 1495 viri.

367 1515 461 1553 271.
516 1515 683 1560 Avares,
713 1526 781 1550 seu
798 1521 838 1550 ut
857 1515 923 1550 alii
939 1515 1089 1550 malunt
1105 1513 1276 1558 Abares,
1305 1511 1484 1564 (Suidas.
1511 1510 1674 1550 Anthel-

258 1570 284 1611 4
314 1566 444 1608 415:
482 1565 669 1619 Ἀβάρων
703 1564 878 1619 στρατός,
919 1569 1022 1605 male
1056 1570 1286 1605 Hunnorum
1313 1569 1426 1605 vertit
1451 1566 1674 1617 Brodaeus)

258 1623 393 1674 populi
432 1629 521 1658 suut
550 1637 570 1658 e
603 1622 836 1672 Scytharum
869 1637 1033 1674 genere,
1075 1636 1171 1674 quos
1214 1623 1478 1660 Hamaxobios
1509 1622 1674 1669 Plinius,

257 1679 530 1725 Ptolemaeus,
561 1678 627 1713 alii
654 1678 807 1714 vocant.
863 1681 917 1715 ita
953 1679 1068 1715 sentit
1089 1680 1277 1727 Evagrius
1300 1676 1400 1714 Hist.
1420 1677 1557 1714 ecoles.
1578 1677 1604 1716 5
1633 1680 1686 1717 2„

260 1735 328 1769 alii
357 1731 503 1769 Gothos
531 1731 782 1782 Hypogothos
813 1732 980 1783 Gepides
1002 1739 1040 1769 et
1058 1731 1252 1770 Vandalos
1273 1731 1429 1769 eosdem
1445 1744 1528 1768 esse
1547 1743 1674 1781 popu-

261 1788 342 1834 los,
373 1799 424 1822 ex
455 1786 648 1836 Gepidum
677 1786 816 1823 deinde
847 1801 987 1837 genere
1007 1786 1282 1837 Langobardos
1299 1794 1337 1823 et
1353 1788 1498 1823 Avares
1518 1785 1675 1832 divisos,

262 1843 331 1892 qni
366 1841 437 1877 sub
464 1840 687 1878 Theodosio
715 1844 868 1878 Iuniore
892 1843 1116 1879 Danubium
1150 1848 1390 1879 transeuntes
1411 1843 1454 1877 iu
1477 1841 1677 1877 Pannonia

264 1894 491 1933 consedere:
523 1896 637 1932 Paul.
657 1897 817 1932 Diacon.
839 1895 904 1936 14.
960 1896 1066 1933 idem
1083 1904 1214 1935 tamen
1231 1898 1273 1932 in
1292 1896 1470 1933 Heraclio
1493 1896 1544 1934 18
1562 1897 1677 1931 Hun-

264 1959 335 1988 n'os
352 1951 456 1987 facit.
513 1949 556 1986 hi
573 1952 770 1999 trigesimo
792 1953 917 2000 primo
937 1964 1037 1988 anno
1055 1952 1210 2001 imperii
1228 1951 1429 1987 Iustiniani
1444 1950 1678 2000 Byzantium

263 2006 429 2054 ingressi
460 2011 569 2052 sunt,
610 2004 683 2041 hoc
716 2012 773 2042 est
800 2007 1000 2056 septennio
1032 2013 1119 2042 ante
1151 2012 1315 2043 mortem
1341 2005 1477 2054 ipsius.
1541 2010 1678 2054 quarto

265 2059 405 2096 deinde
444 2071 543 2095 anno
577 2061 714 2097 Iustiui
748 2073 818 2109 per
850 2060 1076 2107 Tiberium,
1116 2062 1183 2111 qui
1216 2066 1349 2110 postea
1374 2059 1598 2108 imperavit,
1636 2059 1680 2094 in

267 2114 437 2152 Thracia
453 2115 545 2150 victi
562 2121 598 2151 et
615 2113 853 2164 triumphati,
873 2128 975 2152 nono
993 2128 1093 2152 anno
1110 2116 1284 2152 vicerunt
1296 2116 1512 2154 Romanos:
1535 2114 1681 2162 Evagr-

267 2169 294 2209 5
327 2172 408 2209 10..
446 2181 560 2218 supra
578 2171 619 2205 in
639 2170 805 2206 Praefat.
828 2170 854 2209 4
877 2177 915 2206 et
936 2172 955 2209 1
986 2169 1079 2210 254.
1137 2182 1202 2207 eos
1229 2176 1359 2206 autem
1378 2175 1420 2204 ut
1437 2167 1620 2218 profugos
1640 2173 1680 2204 et

265 2230 438 2259 extorres
461 2222 617 2260 sedibus
638 2226 846 2261 insectatur
865 2224 965 2260 infra
982 2226 1170 2272 Iustinus,
1200 2227 1294 2266 322.
1349 2224 1532 2260 Dzmsr.

372 2277 424 2313 ib.
491 2279 640 2328 Cagan.
699 2292 777 2315 non
807 2280 971 2315 memini
989 2293 1052 2316 me
1073 2281 1202 2329 legere
1230 2280 1317 2330 quis
1334 2277 1398 2314 hic
1416 2278 1566 2326 Gagan,
1600 2275 1680 2312 nisi

262 2330 367 2382 quod
407 2332 595 2382 corippus
637 2346 770 2383 regem
806 2335 981 2371 nominet
1015 2336 1202 2372 Avarum.
1267 2333 1369 2371 infra
1407 2330 1488 2372 345
1513 2338 1552 2367 et
1583 2329 1686 2371 895.

262 2388 445 2423 Demrsr.

371 2440 423 2476 ib.
484 2442 592 2478 nulla
618 2440 757 2490 huius,
788 2440 893 2493 quod
921 2443 1063 2490 sciam,
1093 2440 1197 2493 apud
1223 2442 1380 2479 Latinos
1403 2439 1569 2486 montio,
1597 2438 1684 2475 fre-

263 2508 384 2547 quens
414 2494 519 2545 apud
550 2497 736 2544 Graecos,
766 2499 834 2547 qui
853 2505 984 2534 tamen
1010 2498 1259 2548 Chaganum,
1286 2509 1366 2534 non
1388 2497 1587 2545 (laganum
1607 2505 1680 2542 ap-

261 2551 430 2600 pellant:
446 2549 646 2587 'indicavit
673 2550 772 2587 mihi
789 2553 849 2588 vir
866 2554 907 2588 in
933 2554 1038 2588 omni
1058 2553 1295 2589 litteraturae
1322 2551 1512 2600 politioris
1539 2560 1680 2600 genere

263 2605 544 2642 versatissimus
563 2606 698 2645 Franc.
719 2606 877 2643 Sizaeus
894 2607 1028 2644 Santo.
1083 2605 1244 2643 Photius
1259 2603 1446 2642 Biblioth.
1465 2617 1505 2654 p.
1525 2605 1577 2643 27
1597 2601 1620 2638 b
1638 2603 1687 2641 9.

262 2658 475 2696 Menander
490 2661 687 2697 Protector
704 2661 743 2696 iu
762 2662 905 2697 Histor.
925 2674 965 2710 p.
988 2661 1041 2701 95
1056 2661 1251 2712 insignem
1278 2660 1326 2698 de
1356 2673 1403 2697 eo
1422 2659 1538 2703 refert
1557 2656 1681 2698 histo·

266 2716 376 2754 riam.
433 2713 592 2761 Photius
632 2715 871 2764 Abarorum,
908 2715 1120 2763 Menander
1157 2718 1388 2754 Hunnorum
1415 2725 1548 2764 regem
1573 2712 1687 2759 facit,-
