1702 3060
305 197 1668 221 m

1629 94 1702 378 3

1651 370 1673 506 Ξ

260 658 1089 730 MICHAELIS
1178 524 1695 731 RUIZIi]

487 791 920 848 AssAGRH
970 794 1465 853 CELTIBERI
1675 807 1690 854 5<

423 917 492 952 DE
530 917 783 954 LAUDIBUS
822 917 1015 955 IUSTINI
1052 919 1280 956 AUGUSTI
1315 919 1525 958 Mmoms

705 1009 1249 1061 PRAEFATIO.

262 1310 340 1379 Ea
363 1335 511 1374 librarii
535 1334 631 1381 fuit,
673 1332 946 1372 candidissime
968 1336 1109 1383 lector,
1148 1335 1212 1373 vel
1233 1335 1474 1386 negligentia
1493 1335 1558 1374 vel
1573 1335 1691 1386 igno-

261 1404 388 1441 rantia
407 1405 448 1439 in
473 1400 723 1438 describendo
749 1403 935 1450 Corippo‚
974 1403 1052 1437 nisi
1072 1404 1153 1437 iam
1175 1415 1226 1438 ex
1245 1405 1455 1454 antiquiori
1475 1403 1690 1454 exemplari

259 1468 476 1506 identidem
498 1466 704 1517 depravato
726 1467 983 1502 imitationem
1003 1467 1159 1515 fecerit,
1186 1475 1229 1504 ut
1250 1470 1292 1505 in
1310 1482 1371 1506 ms
1389 1477 1521 1508 nostro
1542 1471 1692 1522 aliquot

259 1537 432 1574 carmina
451 1534 593 1571 omissa
616 1547 844 1583 perversave
862 1534 1008 1569 fuerint
1020 1562 1030 1580 ‚
1068 1546 1147 1570 non
1165 1547 1287 1584 pauca
1306 1535 1444 1572 mutila
1456 1565 1466 1583 ,
1503 1537 1692 1587 pleraque

260 1602 577 1653 depravatissime
602 1601 794 1650 legantur.
853 1600 993 1649 quibus
1016 1599 1130 1636 malis
1153 1601 1225 1637 etsi
1248 1614 1270 1636 a
1293 1602 1406 1638 nobis
1429 1615 1583 1640 summa
1599 1615 1692 1640 cura

258 1676 297 1706 et
324 1669 455 1705 labore
487 1665 719 1703 desudatum
743 1673 799 1702 est
819 1672 862 1702 ut
882 1666 1048 1702 salutare
1071 1665 1232 1717 aliquod
1249 1667 1467 1705 remedium
1492 1671 1691 1707 invenire-

255 1748 368 1782 mus,
405 1733 488 1770 fieri
517 1732 560 1769 id
590 1731 750 1783 quidem
777 1733 910 1769 multis
943 1733 984 1768 in
1013 1733 1109 1769 locis
1137 1734 1300 1771 minime
1327 1736 1466 1784 potuit.
1522 1735 1690 1773 mendae

257 1803 391 1853 itaque
412 1800 559 1836 nullius
582 1798 819 1835 difficultatis
840 1805 877 1835 et
894 1799 1077 1848 periculi,
1118 1800 1261 1849 partim
1284 1813 1336 1836 ex
1362 1801 1448 1851 ipsa
1474 1802 1691 1840 carminum

260 1868 492 1905 orationisve
525 1873 735 1914 structura,
770 1867 913 1915 partlm
940 1878 991 1902 ex
1014 1867 1226 1903 sententiae
1248 1867 1509 1904 conformatae
1526 1869 1687 1918 ratione,

259 1935 375 1972 facile
405 1931 602 1970 emendari
626 1939 854 1983 potuerunt3
894 1938 960 1969 aut
994 1933 1133 1969 saltem
1160 1932 1210 1969 ad
1235 1935 1455 1984 marginem
1480 1947 1532 1972 ex
1556 1936 1688 1972 conie-

264 2009 371 2039 ctura
394 2000 620 2038 emendatae
643 1999 869 2050 scrupulum
887 2013 908 2035 a
924 1999 1037 2036 nobis
1056 2000 1243 2037 iniectum
1258 2001 1393 2038 lectori
1409 1999 1688 2051 significarunt.

264 2081 365 2120 quae
399 2081 490 2105 vero
521 2067 624 2103 mala
652 2067 807 2103 nullum
829 2072 893 2102 aut
915 2078 995 2102 non
1015 2067 1098 2102 sine
1117 2069 1292 2105 maxima
1313 2067 1539 2105 difficultate
1559 2081 1688 2106 reme-

265 2135 375 2172 dium
400 2135 475 2171 sibi
499 2134 694 2184 postulare
719 2132 971 2181 videbantur,
1013 2145 1058 2169 ea
1081 2146 1152 2170 nos
1181 2135 1338 2171 omnino
1359 2137 1503 2171 intacta
1523 2136 1687 2187 reliqui-

263 2215 373 2250 mus,
412 2202 580 2237 alienam
606 2201 733 2250 potius
762 2201 861 2236 circa
890 2200 974 2249 ipsa
1004 2200 1243 2237 curationem
1270 2203 1528 2252 requirentes,
1569 2215 1688 2254 quam

261 2276 325 2317 ut,
364 2268 432 2304 ubi
464 2267 599 2304 salutis
628 2265 844 2303 remedium
868 2267 939 2302 vix
963 2266 1089 2302 ullum
1116 2274 1182 2303 aut
1211 2266 1372 2305 dubium
1400 2276 1475 2317 est,
1515 2275 1687 2306 nostram

259 2342 424 2382 temere,
464 2341 508 2370 ut
535 2333 712 2385 plerique
737 2339 959 2382 arroganter
988 2333 1107 2370 simul
1135 2340 1173 2369 et
1196 2333 1443 2384 impudenter
1460 2334 1504 2372 id
1523 2336 1684 2384 faciunt,

257 2403 369 2439 nobis
399 2402 487 2452 plus
520 2401 643 2437 nimio
679 2398 913 2438 confidentes
955 2399 1241 2438 adhiberemus.
1310 2403 1456 2453 placuit
1485 2403 1617 2453 itaque
1644 2403 1687 2438 in

257 2468 423 2518 gratiam
453 2467 649 2514 omnium,
688 2467 863 2503 maxime
896 2479 987 2504 vero
1014 2480 1149 2504 eorum
1179 2466 1386 2505 hominum
1409 2469 1476 2520 qui
1501 2469 1686 2505 minutis—

255 2535 356 2572 sima
383 2545 559 2585 quaeque
588 2535 631 2570 in
659 2534 829 2584 antiquis
862 2534 1111 2584 scriptoribus
1138 2531 1188 2570 ad
1215 2536 1528 2584 superstitionem
1561 2548 1686 2586 usque

256 2601 465 2648 rimantur,
505 2601 641 2636 vitiata
668 2601 825 2651 Corippi
850 2601 935 2637 loca
955 2607 1020 2637 aut
1038 2602 1180 2638 misere
1203 2601 1415 2648 confracta,
1453 2600 1523 2638 sed
1543 2602 1684 2653 quibus

257 2679 280 2704 a
306 2667 417 2704 nobis
443 2668 587 2705 curatio
621 2667 753 2718 aliqua
778 2665 954 2702 adhibita
982 2673 1060 2715 est,
1102 2665 1152 2703 ad
1173 2667 1291 2702 finem
1309 2667 1432 2716 ipsius
1451 2669 1578 2718 operis
1596 2679 1684 2703 cum

255 2741 387 2772 nostra
425 2734 615 2772 sententia
653 2732 972 2770 emendationeve
1013 2735 1194 2781 reiicere3
1232 2733 1559 2782 periculosissima
1591 2744 1683 2772 vero
