1702 3060
231 125 263 172 6
705 123 788 165 FL.
821 119 1177 163 MEROBAUDIS

556 239 689 269 omues
705 242 808 267 nunc
826 228 960 264 Latiae
979 227 1101 263 virete
1121 227 1258 263 silvae.

554 302 716 334 vernent
734 296 870 332 limina
882 323 892 342 ‚
904 319 907 321 >
921 294 1142 344 laureisque
1163 293 1274 330 sertis

558 365 757 414 inserpant
773 359 942 398 hederae
958 366 1123 409 vagante
1139 372 1260 396 nexu.

558 429 707 466 exultet
726 426 878 480 placido
895 433 1044 462 tumore
1063 426 1219 478 Tybris,

478 497 528 536 10
558 502 595 532 et
612 496 720 532 nulla
739 495 877 532 rutilus
895 506 967 529 nec
986 505 1098 543 asper
1116 491 1222 528 unda

556 559 728 598 hibernis
745 559 845 598 vada
861 560 1014 596 molliat
1031 559 1192 596 serenis.

556 627 664 664 laxet
683 633 839 678 pectora
855 626 1042 662 bellicosa
1061 624 1195 662 ductor

560 699 598 730 et
618 692 757 742 dignus
779 691 893 738 rude,
921 692 1164 743 lacteamque
1182 691 1333 742 prolem

558 758 715 797 nodosis
735 759 840 796 ferus
859 758 1003 795 ambiat
1020 759 1186 794 lacertis.

480 825 529 865 15
559 824 658 861 adsit
682 837 771 860 cum
792 826 896 860 socio
915 831 1074 874 parente
1097 825 1281 871 coniunx,

559 892 732 926 coniunx
747 902 826 926 non
847 891 999 926 levibus
1021 887 1194 926 canenda
1214 889 1350 936 Musis,

559 953 726 992 heroum
745 956 920 1004 suboles,
950 969 1121 1006 propago
1140 966 1301 1004 regum3

561 1024 670 1068 ouius
686 1022 809 1072 gloria
824 1021 1013 1057 feminam
1030 1027 1244 1071 superstat5
1272 1057 1282 1069 Β

562 1101 661 1139 quae
675 1101 754 1127 non
766 1118 775 1136 ,
802 1095 844 1125 ut
859 1085 1018 1134 Thetis,
1049 1089 1212 1123 anxium
1227 1099 1412 1137 pavorem

480 1157 535 1198 20
562 1157 718 1193 secretis
736 1156 878 1206 Stygos
900 1154 1022 1189 abluit
1039 1154 1109 1190 sub
1128 1152 1257 1201 undis,

562 1229 601 1259 et
622 1229 758 1259 natum
779 1219 941 1270 trepidis
960 1218 1102 1256 anhela
1124 1221 1226 1256 curis

564 1295 695 1326 contra
714 1289 794 1325 fata
813 1286 931 1325 deum
951 1293 1156 1338 metusque
1175 1286 1245 1324 leti
1291 1282 1312 1339 fl
1358 1293 1447 1334 τρι
1472 1287 1510 1325 ·d

618 1362 637 1383 *

618 1417 638 1437 U

615 1472 635 1492 ης

562 1530 784 1582 primaevos
803 1530 914 1578 pueri
933 1528 1096 1564 recentis
1114 1532 1220 1563 artu-s·

563 1597 691 1647 plenis
711 1596 873 1633 numine
894 1593 1067 1630 fontibus
1085 1594 1250 1642 rigavit3

483 1662 537 1705 25
569 1675 646 1715 qua
663 1663 753 1713 puri
772 1660 868 1698 deus
888 1660 1031 1697 arbiter
1046 1659 1205 1707 lavacri,

565 1742 705 1767 aroana
723 1729 884 1765 laticum
900 1732 1076 1776 receptus
1093 1724 1212 1773 unda,

566 1797 678 1846 pellit
699 1795 883 1840 crimina,
910 1806 984 1831 uec
1003 1793 1096 1831 sinit
1113 1792 1246 1839 fuisse,

569 1869 608 1899 et
625 1864 747 1901 vitam
763 1866 882 1897 novat
893 1888 904 1907 ,
934 1860 1137 1910 obruitque
1154 1871 1337 1908 poenam.

564 1927 628 1967 his
645 1935 684 1965 te
704 1928 882 1978 primitiis
895 1955 905 1974 ‚
934 1910 1052 1975 fruor,
1083 1932 1275 1962 sacratum

484 1997 538 2038 80
566 1996 721 2045 excepit
739 1994 886 2044 gremio
904 1993 1071 2030 micante
1089 1992 1237 2039 Ro1na3

566 2069 606 2100 et
624 2060 722 2099 nudi
739 2060 872 2098 lateris
894 2059 1061 2096 recincta
1078 2065 1242 2106 vestem,

567 2141 668 2181 quae
684 2128 798 2164 bellis
819 2126 956 2176 procul
976 2125 1154 2161 omuibus
1170 2125 1341 2175 patebat,

566 2196 760 2235 nutricem
778 2193 851 2230 tibi
868 2192 1045 2243 praebuit
1062 2192 1266 2242 papillam.

570 2260 672 2297 felix
693 2259 844 2296 distulit
859 2257 1076 2309 adtulitque
1091 2266 1248 2310 partum

485 2325 538 2368 35
566 2328 737 2364 Lucinae
762 2337 894 2367 mora:
923 2326 1114 2376 praestitit
1137 2327 1282 2364 morari

568 2399 613 2435 ut
628 2393 770 2446 spebus
789 2391 938 2430 timidis
957 2391 1024 2432 diu
1040 2400 1218 2443 negatus,

247 2511 337 2549 tione
359 2510 402 2545 ad
426 2510 562 2546 Attilam
587 2512 720 2546 functus
745 2515 807 2548 est.
850 2523 883 2545 v.
901 2513 943 2547 17
970 2523 1010 2557 pr
1030 2523 1061 2546 m
1087 2523 1213 2547 rerum.
1235 2532 1280 2540 —-
1313 2501 1465 2548 Renatus
1482 2514 1676 2560 Frigeridus

248 2559 265 2599 (
272 2556 359 2602 apud
375 2557 579 2600 Gregorium
594 2557 820 2591 Turonensem
836 2558 870 2591 11
885 2559 931 2598 8)
955 2558 1084 2600 Aetium
1099 2557 1297 2604 carpilionis
1318 2569 1475 2602 generum
1489 2561 1591 2597 fuisse
1605 2567 1675 2595 tra-

249 2602 321 2644 diu
355 2601 411 2646 qui
435 2601 581 2648 Carpilio
609 2602 682 2646 quis
709 2603 842 2636 tandem
867 2601 992 2644 fuerit,
1021 2603 1169 2646 equidem
1189 2603 1283 2648 plane
1298 2603 1428 2647 ignoro.
1473 2605 1597 2650 vitum,
1621 2605 1678 2651 qui

249 2647 337 2681 inter
359 2646 519 2681 batharos
542 2646 701 2683 educatus
717 2648 856 2684 maxima
873 2659 946 2681 cum
961 2647 1001 2680 iis
1015 2647 1243 2683 familiaritate
1258 2659 1336 2682 usus
1351 2653 1423 2692 est,
1445 2650 1600 2686 secundis
1614 2662 1678 2684 nu-

248 2692 327 2742 ptiis
345 2691 519 2730 barbaram
533 2702 670 2730 uxorem
686 2692 819 2730 duxisse
832 2692 929 2729 facile
943 2692 1032 2728 credi
1045 2697 1179 2741 potest5
1213 2703 1254 2727 ac
1268 2693 1310 2733 de
1325 2693 1468 2735 barbata
1483 2695 1615 2740 origiue,
1625 2695 1677 2735 iu:-
