1702 3060
261 109 356 154 296
530 111 713 154 NOTAE
745 111 803 155 IN
835 112 1087 155 PRAEFAT.
1106 116 1108 119 ’
1121 113 1410 156 LIBRORUM

259 229 474 267 scaenaque
498 218 586 254 νίειι
613 229 784 266 corpora.
845 218 1090 268 corrigendus
1123 219 1231 258 idem
1262 220 1310 258 de
1335 219 1441 263 laud.
1463 221 1614 262 Stilich.
1633 225 1682 267 1.)

259 275 314 309 sic
340 276 445 309 enim
469 271 675 308 hacteuus:
704 286 783 310 non
809 286 915 324 vaga
942 275 1182 311 Hunnorum
1194 276 1353 326 J'en'tas.
1411 283 1523 315 vetus
1546 277 1680 318 codex

258 341 369 364 meus
397 329 565 364 Venetus
596 328 821 365 Hunorum.
881 331 922 366 in
943 329 1111 367 editione
1128 343 1217 368 mea
1232 332 1430 369 Flexiensi
1448 345 1675 376 censueram

257 381 470 431 legendum
497 395 575 418 non
599 395 706 432 vaga
739 390 774 419 te
800 384 1042 423 Hunnorum
1055 385 1214 435 firitas,
1275 385 1414 423 deinde
1450 387 1679 428 Thanormm

250 439 338 486 ¹legi
366 450 479 486 posse
511 436 679 476 credidi:
708 451 801 475 nam
830 439 961 478 leuni
978 438 1168 478 Thraciae
1188 443 1344 491 populi,
1372 443 1542 478 Danubii
1561 455 1675 486 aooo-‚¹

257 496 339 540 lae,
370 494 492 530 Solin.
515 491 705 543 Polyhist.
725 507 758 530 c.
779 495 843 534 16.
901 501 940 531 at
962 508 1023 532 ms
1046 497 1330 546 Bongarsianus
1353 495 1492 534 diserte
1518 497 1674 535 Chuno-

257 549 516 599 rumfi‘ritas,
546 561 644 601 quae
669 549 782 585 lectio
805 551 970 600 optima,
1001 564 1052 588 ex
1078 550 1291 600 histor-leis,
1319 553 1562 599 Ptolemaeo,
1589 554 1676 590 Au-v

257 606 367 642 sonio
393 605 515 654 epigr.
543 605 592 651 5,
631 603 747 655 Idyll.
777 606 826 652 8,
862 605 1023 643 Sidonio
1050 607 1274 659 Apollinare
1308 619 1424 647 carm.
1453 607 1501 656 5,
1530 609 1576 656 7,
1605 610 1674 656 23,

258 660 328 698 lib.
348 661 372 698 8
396 672 456 709 ep.
476 661 524 705 9,
558 665 596 695 et
612 660 710 700 aliis,
765 661 947 698 Dmmsr.

350 714 389 754 5.
419 715 636 764 asperrima
649 714 772 765 bellis]
785 722 842 751 est
851 717 1130 762 Maronianum,
1142 722 1184 751 ut
1199 716 1274 753 alia
1286 717 1500 758 innumera.
1512 719 1674 755 BARTu.

349 772 387 809 7.
418 769 585 819 defusis]
618 771 837 819 promissis:
874 771 1065 821 supplices
1092 772 1197 807 enim
1221 773 1380 824 capillos
1407 771 1674 813 demittebant.

258 823 459 863 Heliodor.
482 823 664 875 Aethiop.
683 826 709 863 7
722 836 732 862 :
762 822 835 875 τήν
861 823 903 864 δὲ
930 822 1039 874 ἱερὰν
1056 822 1182 876 κόμην
1199 824 1336 867 ἅδετον
1359 823 1485 867 οὖσαν
1505 829 1675 878 καθῆκε.

258 881 487 932 praesertim
510 892 635 932 nuper
657 878 809 921 devicti.
866 879 978 918 Ovid.
999 881 1116 921 Trist.
1136 879 1161 919 4
1189 883 1230 919 2.
1286 894 1363 932 quo
1393 895 1509 919 sensu
1533 881 1677 919 dictam

261 950 284 972 a
313 936 511 985 Propertio
540 933 566 974 4
597 938 648 975 12
674 934 720 970 A
710 935 863 987 fiicam
891 942 1041 973 tonsam
1070 936 1143 973 viri
1170 938 1302 985 magni
1324 936 1571 975 contendunt.
1629 936 1677 977 de
1699 952 1702 954 ·

260 992 408 1040 origiue
429 991 538 1036 ritus,
567 1003 642 1027 usu
658 995 697 1028 et
714 992 898 1027 varietate
919 990 1003 1029 dixi
1022 989 1072 1026 ad
1089 989 1189 1029 illud
1208 990 1410 1030 Claudiani
1429 991 1476 1028 de
1494 991 1519 1031 4
1534 994 1676 1033 Honor.

258 1046 482 1082 consulatu:
501 1045 663 1093 flavam
681 1058 855 1094 sparsere
879 1045 1075 1083 Sicambri
1094 1047 1314 1084 caesariem.
1375 1046 1513 1098 quodsi
1539 1060 1611 1083 rex
1634 1049 1675 1085 iu

257 1102 403 1138 somnis
426 1099 525 1136 vidit
551 1099 761 1136 defluxisse
787 1101 862 1138 sibi
891 1102 1013 1150 pilos,
1042 1101 1154 1148 νίκας
1179 1097 1267 1142 κατ’
1294 1101 1448 1154 ἐχθρῶν
1469 1101 1537 1142 καὶ
1553 1099 1677 1154 χαρὰν

257 1154 457 1202 ἐλπιζέτω,
485 1156 611 1206 inquit
626 1153 796 1192 Aclunes
818 1157 1043 1194 Oneirocrit.
1065 1169 1097 1193 c.
1119 1158 1183 1196 41.
1238 1157 1327 1206 lege
1343 1156 1631 1194 Artemidorum
1653 1159 1672 1198 1

254 1213 321 1250 20.
350 1212 534 1247 Dmu‘s'r.
604 1222 755 1249 morem
781 1213 911 1260 ipsum
939 1212 1196 1249 venerationis
1224 1212 1344 1248 istum
1370 1214 1518 1248 notavit
1545 1219 1676 1249 noster

256 1267 376 1302 etiam
394 1265 493 1301 libro
517 1266 541 1304 3
563 1265 606 1300 in
627 1263 883 1315 descriptione
905 1268 1090 1304 Avaricae
1117 1266 1336 1315 legationis.
1392 1268 1566 1318 alloquin
1595 1273 1677 1305 erat

255 1327 295 1356 et
321 1323 598 1356 Romanorum.
654 1321 834 1359 Lucanus
863 1323 889 1360 7
918 1323 1017 1362 371:
1048 1321 1188 1359 credite
1206 1321 1478 1370 grandaevum
1495 1323 1676 1361 relicum—-

256 1389 330 1425 que
348 1382 474 1411 aetate
493 1381 670 1411 senatum
687 1389 800 1414 arma
818 1377 943 1425 sequi,
959 1389 1087 1413 sacros
1101 1375 1271 1426 pedibus
1287 1383 1523 1427 prosternere
1542 1390 1672 1416 cano-5.
1700 1377 1702 1379 ’

255 1429 363 1482 quod
384 1430 432 1467 de
451 1430 549 1466 aula
570 1432 643 1478 ait,
672 1433 880 1480 repetitum
899 1434 923 1470 3
953 1433 1047 1472 362.
1102 1432 1264 1470 BARTH.
1693 1470 1702 1474 ,

367 1488 404 1525 8.
459 1498 664 1523 monemus
695 1493 826 1524 exorat
850 1499 929 1523 non
954 1485 996 1523 id
1022 1485 1126 1537 quod
1159 1487 1277 1536 vulgo
1307 1487 1406 1524 solet
1423 1499 1578 1533 sonare,
1608 1484 1677 1525 sed

256 1540 363 1592 quod
379 1541 483 1578 valet
503 1542 598 1577 alias
620 1540 856 1579 vehementer
871 1548 977 1579 orat..
1030 1541 1164 1578 Gildas
1190 1543 1406 1579 Invectiva:
1437 1543 1523 1592 qui-s·
1548 1554 1677 1578 eorum

250 1611 325 1646 pro
349 1597 521 1645 peccatis
537 1596 683 1645 populi
707 1611 867 1634 &rorans
893 1598 968 1636 imo
997 1596 1043 1632 de
1058 1605 1212 1648 pectore
1238 1597 1427 1648 clamavit
1451 1603 1494 1633 ut
1518 1595 1678 1636 Moses?

256 1652 362 1703 apud
392 1653 623 1689 Suetonium
651 1659 690 1688 et
715 1654 927 1702 Apuleium
954 1659 1063 1690 notat
1091 1651 1304 1703 appendice
1328 1651 1380 1690 ad
1396 1651 1512 1691 huius
1529 1652 1677 1701 Apoloq·

257 1710 363 1756 giam
384 1708 513 1757 Scipio
538 1708 702 1744 Gentilis
722 1711 782 1744 vir
798 1707 1094 1746 eruditissimus.
1149 1710 1311 1745 ΒΑιιΉι.ν

371 1765 436 1802 10.
493 1776 594 1813 quae
611 1765 746 1799 totiens
764 1765 901 1816 victos]
932 1765 986 1800 ita
1004 1765 1245 1813 reposuimus
1256 1792 1266 1810 ‚
1297 1775 1385 1801 cum
1400 1763 1594 1812 legeretur
1610 1762 1677 1813 qui

257 1819 395 1855 totiens
422 1819 559 1863 victon-
588 1820 642 1854 ita
665 1825 708 1854 ut
731 1832 830 1868 qaae
850 1819 900 1855 ad
922 1826 1080 1868 gentem
1096 1821 1268 1858 Avarum
1287 1820 1466 1856 victorias
1485 1819 1677 1854 Romanas

255 1880 528 1910 numerantem
552 1873 752 1913 reseratur.
809 1881 979 1911 ceterum
998 1875 1039 1911 in
1059 1881 1188 1910 nostro
1217 1874 1455 1923 exemplari,
1483 1871 1606 1922 quod,
1635 1877 1676 1907 ut
1701 1905 1702 1908 ,

257 1929 350 1964 alibi
371 1927 421 1966 ad
441 1941 537 1977 opus
556 1929 754 1965 Dracontii
780 1933 918 1979 poetae
946 1928 993 1964 de
1019 1929 1180 1966 Fabrica
1204 1927 1342 1966 mundi
1373 1934 1412 1964 et
1433 1926 1484 1963 ad
1508 1928 1675 1964 carmina
1700 1948 1702 1951 -

257 1985 376 2020 simul
399 1985 447 2019 D.
465 1985 634 2032 Eugenii
663 1985 831 2034 episcopi
862 1984 1046 2020 Toletani
1068 1983 1206 2020 diffuse
1229 1983 1394 2033 praefati
1415 1995 1571 2028 sumus,
1599 1994 1675 2017 non
1698 2003 1702 2005 -

255 2052 308 2075 ex
328 2040 556 2076 coniecturis
577 2038 647 2075 sed
662 2038 737 2075 fide
755 2041 868 2089 plane
890 2041 1102 2076 certissima
1121 2046 1269 2075 constat
1298 2045 1386 2075 ante
1413 2038 1674 2087 septingentos
1693 2039 1702 2084 j

255 2101 294 2130 et
312 2108 356 2131 eo
376 2095 543 2144 amplius
567 2107 687 2131 annos
706 2095 826 2132 fuisse
850 2094 1098 2144 descriptum,
1121 2107 1274 2144 semper
1290 2094 1425 2130 tociens
1445 2099 1484 2128 et
1505 2093 1674 2142 quotiens
1696 2098 1702 2134 ῑ·

253 2149 436 2186 adverbia
458 2163 547 2187 oum
564 2163 592 2186 n
610 2151 756 2197 littera,
789 2158 825 2187 et
844 2163 924 2186 nou
941 2151 1050 2186 toties·
1068 2163 1140 2186 nec
1162 2151 1307 2201 quoties
1326 2149 1520 2198 leguntur.
1577 2159 1673 2197 quae
1699 2146 1702 2185 ἑ

252 2218 384 2241 rursus
404 2207 575 2241 carmina
597 2205 647 2241 ad
666 2206 784 2243 finem
804 2218 927 2256 usque
945 2204 1060 2242 huius
1080 2207 1234 2243 numeri
1251 2205 1549 2254 subsequimtur‚
1577 2200 1672 2238 mihi
1697 2190 1702 2261 J

252 2261 583 2309 perturbatissime
602 2262 681 2310 legi
698 2261 891 2298 videntur.
915 2263 1033 2302 Rmz.
1080 2262 1253 2310 Assagrii
1271 2262 1500 2309 scripturam
1519 2259 1672 2294 omnino
1696 2265 1702 2308 i

252 2317 508 2364 incogitanter
530 2317 596 2352 alii
615 2324 852 2366 receperunt.
910 2316 1016 2367 quod
1036 2329 1097 2353 ms
1115 2317 1215 2352 liber
1230 2314 1386 2360 habuit,
1417 2314 1574 2349 omnino
1605 2315 1672 2351 τοῦ
1696 2312 1702 2380 ᾗ

252 2373 420 2419 ποιητοῦ
451 2378 532 2417 est3
561 2373 638 2408 nisi
666 2372 771 2423 quod
795 2385 969 2409 numeres
994 2371 1217 2421 legendum.
1274 2376 1332 2407 est
1361 2369 1465 2405 enim
1495 2369 1671 2404 allocutio
1699 2381 1702 2384 ·

253 2427 414 2472 lusani,
443 2433 486 2462 ut
518 2434 666 2463 constat
694 2441 744 2464 ex
767 2431 823 2480 τῷ
844 2435 1015 2472 luorum,
1043 2426 1147 2477 quod
1168 2426 1354 2476 sequitur.
1411 2430 1470 2460 est
1489 2436 1578 2460 vero
1595 2423 1670 2459 ele-

254 2483 481 2530 gantissima
511 2483 719 2518 insinuatio
754 2484 966 2520 crebritatis
996 2484 1196 2528 victoriae,
1228 2493 1305 2530 qua
1338 2478 1493 2516 domitis
1518 2479 1670 2514 Francis

261 2543 459 2586 comparat
485 2538 644 2573 Herculi
670 2540 861 2574 Iustinum
889 2539 1000 2588 quasi
1027 2538 1286 2586 centicipitem
1311 2536 1483 2585 aliquam
1505 2534 1670 2576 belluam

258 2593 426 2628 Francos
444 2590 559 2628 dicat.
605 2592 838 2628 Claudianus
857 2592 907 2628 ad
924 2593 1154 2628 Herculem:
1184 2591 1458 2641 tergeminique
1476 2589 1586 2625 dacis
1600 2601 1669 2624 nu-

259 2660 422 2683 merosos
447 2647 579 2683 deiicis
604 2654 731 2691 arins,
760 2654 796 2683 et
822 2649 929 2684 tolles
953 2661 1030 2684 uno
1058 2648 1179 2684 victor
1199 2647 1250 2683 ab
1276 2647 1382 2683 hoste
1406 2644 1529 2690 redis;
1559 2655 1668 2694 quenl

258 2701 367 2739 haud
388 2701 503 2740 dubie
522 2705 678 2753 aspexit
696 2704 897 2754 CoriPPus.
955 2709 1013 2740 est
1031 2704 1149 2752 igitur
1170 2701 1267 2740 haec
1286 2714 1378 2741 vera
1395 2701 1594 2750 scriptura,
1625 2696 1668 2734 de
