1702 3060
445 105 798 150 IOHANNIDOS
832 107 938 151 LIB.
972 106 1051 151 IV.
1414 107 1477 155 73

141 215 287 269 impius
310 217 380 255 ille
402 216 547 266 Sinon,
581 223 799 271 gentesque
823 216 1016 270 dolosque
1036 217 1204 269 paravit.

141 285 286 322 extulit
310 286 516 336 ignivagos
535 284 678 336 gelidis
694 291 738 322 ut
754 292 929 323 maestus
951 286 999 323 ab
1021 284 1139 324 undis

57 349 112 395 25
138 349 324 390 Phoebus
342 365 486 404 equos,
515 359 677 404 patuere
696 351 792 390 doli.
850 359 944 390 tunc
962 354 1075 403 signa
1093 353 1252 405 tyranni

140 418 333 469 vidimus,
362 418 462 468 heu,
492 421 628 459 miseri
642 421 786 458 nostr1s
806 432 1008 457 occurrere
1028 422 1166 471 signis,

120 494 181 536 ,et
199 489 294 525 totis
318 485 474 524 rabidos
497 489 646 539 campis
662 489 880 526 fervescere
898 488 1072 525 Mauros.

138 567 211 593 nos
228 553 418 607 pavidum
434 544 616 609 revocare
633 554 801 608 pedem:
830 568 926 592 nam
944 556 1082 593 sistere
1102 562 1236 593 contra

139 624 229 675 quis
246 620 427 674 poterat?
483 624 661 675 sequitur
677 621 840 676 pavidas
856 620 929 675 per
944 629 1055 674 prata
1076 629 1251 661 catervas

53 692 110 732 30
135 691 298 729 Antalas
315 690 541 742 Stutiasque
559 691 708 730 furens.
765 693 830 730 via
847 691 958 728 nulla
976 691 1128 739 salutis,

138 765 178 796 et
195 757 340 796 densus
359 757 534 809 trepidos
553 768 700 810 urgens·
717 758 970 796 circumvolat
988 756 1127 795 hostis.

136 839 242 864 mors
263 833 346 864 erat
365 832 456 863 ante
477 827 610 864 oculos
623 855 633 875 ,
667 833 706 863 et
722 839 840 878 opem
859 826 940 864 fors
959 824 1056 862 dura
1073 826 1257 876 negabat.

137 906 160 931 o
183 895 337 931 utinam
355 893 489 931 medio
506 895 720 932 iacuissent
739 895 879 931 funera
898 890 1060 944 campo!

138 960 308 999 dedecus
323 961 541 1013 ἱιιάἰὲςῃιιιῖιι
549 963 694 1000 nostris
710 961 848 1012 procul
866 967 968 998 esset
986 960 1036 997 ab
1059 960 1194 997 armis.

0 1079 1 1083 Ἰ
55 1026 110 1070 35
139 1036 290 1068 erectus
307 1027 462 1066 medius
477 1029 585 1066 felici
601 1030 726 1066 Marte
741 1027 938 1067 Iohannes

136 1097 341 1134 occubuit:
370 1096 494 1135 fastus
518 1094 669 1134 domini
689 1109 770 1134 non
791 1096 955 1147 pertulit
971 1092 1111 1144 hostis,

135 1172 238 1202 sorte
254 1165 342 1216 pari
360 1177 475 1203 enses
490 1177 565 1202 nec
581 1165 714 1202 timuit
731 1165 908 1215 captivus
926 1161 1088 1200 heriles.

134 1243 227 1282 ergo
242 1245 315 1282 per
331 1239 515 1270 extensos
533 1233 692 1284 fugiens
711 1232 959 1283 compellitur
975 1243 1091 1281 agros

136 1311 288 1337 currere
306 1299 418 1338 fortis
438 1312 578 1352 equus.
636 1300 771 1338 crebro
788 1306 902 1337 sonat
918 1299 1069 1350 ungula
1089 1312 1222 1347 cornu,

51 1364 106 1408 40
134 1372 252 1419 atque
269 1367 365 1404 feris
379 1366 547 1419 pavidos
566 1375 682 1418 urget
702 1366 751 1404 de
771 1365 973 1404 montibus
991 1363 1142 1402 hostes.

134 1434 256 1471 ardua
278 1442 403 1472 castra
420 1436 545 1486 gerit:
575 1435 725 1485 campis
744 1434 870 1471 Cebar
890 1431 1000 1470 addit
1019 1434 1180 1484 apertis.

134 1499 213 1538 huc
231 1501 457 1539 miseranda
475 1515 618 1540 manus
637 1502 770 1539 frenos
791 1498 954 1538 deflexit
976 1513 1184 1552 equorum.

134 1581 226 1605 cum
242 1570 379 1607 miseri
398 1577 561 1608 tenuere
579 1570 704 1606 Mileu
725 1568 886 1606 castella
907 1569 1070 1618 tribuni,

135 1634 290 1673 dixerat
310 1644 349 1676 et
364 1637 543 1687 medius3
573 1650 648 1675 nec
667 1637 782 1675 nobis
804 1635 987 1674 claudere
1009 1644 1144 1688 portas

48 1701 103 1745 45
132 1716 223 1741 cura
241 1704 330 1741 fuit.
386 1711 560 1743 tutamus
581 1718 726 1757 equos,
755 1717 969 1757 pugnaque
986 1704 1161 1756 pedestri

132 1773 349 1822 cingimur,
380 1779 420 1810 et
442 1763 556 1811 tectis
575 1774 777 1811 venientes
796 1773 984 1824 pellimus
1005 1771 1154 1812 hostes.

132 1840 325 1877 irruerant
345 1841 497 1890 gemini
514 1841 629 1878 turba
652 1845 817 1878 coeunte
834 1842 1006 1892 tyranni,

130 1909 468 1960 Languantanque
487 1907 627 1948 cohors
653 1915 692 1946 et
712 1907 844 1946 densis
864 1911 899 1946 N
903 1908 1003 1946 affur
1022 1910 1065 1947 in
1088 1911 1222 1948 armis.

128 1982 223 2014 tunc
240 1975 406 2025 Stutias‚
437 1989 600 2014 saevum
618 1977 772 2028 fingens
795 1989 1042 2029 compescere
1061 1978 1227 2028 bellum,

48 2043 103 2086 50
129 2045 173 2081 in
190 2043 343 2082 medias
362 2045 466 2082 acies
485 2046 617 2083 stricto
637 2046 745 2083 volat
763 2046 904 2095 igneus
922 2058 1030 2083 ense.

130 2095 316 2148 admon&
333 2119 415 2149 arte
431 2113 538 2151 feros
558 2114 707 2164 campis
727 2111 915 2150 desistere
935 2114 1110 2162 Mauros,

131 2185 170 2216 et
188 2176 345 2217 cohibet
365 2188 542 2232 sumptas
561 2179 736 2219 infandis
757 2180 920 2218 vocibus
941 2182 1034 2217 iras.

129 2245 344 2284 discessere
360 2247 472 2285 locis.
530 2250 637 2286 stetit
653 2248 858 2299 improbus
880 2259 1025 2297 aggere
1047 2245 1165 2295 celso,

129 2327 202 2352 ceu
218 2313 398 2366 placidus
412 2344 422 2364 ,
451 2315 609 2354 blandis
626 2317 806 2353 nutantia
824 2322 984 2366 pectora
1004 2314 1134 2352 verbis

49 2380 104 2424 55
129 2383 340 2434 impellens
359 2381 411 2420 ad
429 2383 560 2421 bella:
593 2384 715 2421 simul
734 2383 930 2435 promittit
954 2389 992 2419 et
1012 2388 1140 2433 urget,

129 2448 386 2502 hortaturque
405 2452 511 2489 viros
530 2453 650 2489 variis
673 2450 724 2488 ad
742 2451 848 2489 bella
868 2450 1018 2501 figuriS.
1034 2495 1037 2499 ι

131 2529 236 2555 nunc
254 2520 464 2568 minitans,
493 2533 600 2557 nunc
624 2518 795 2557 blandus
817 2518 942 2556 adest.
998 2524 1146 2555 terrore
1167 2518 1319 2556 subacti

18 2636 65 2671 23
90 2637 233 2681 putauit.
381 2640 428 2674 34
456 2640 586 2674 deletus
618 2641 651 2674 Τ
798 2640 844 2676 35
868 2641 1038 2674 evectus?
1187 2641 1234 2676 36
1257 2639 1407 2675 occurrit
1438 2639 1479 2672 Μ

19 2684 66 2716 40
86 2683 235 2717 moribus
250 2684 283 2718 Τ
404 2685 450 2720 43
472 2686 600 2720 miseris
616 2691 758 2721 tenuere
773 2687 866 2721 miles
881 2687 1018 2720 castella
1032 2685 1177 2720 tribunis
1195 2687 1227 2719 Τ
1348 2686 1394 2720 44
1409 2685 1476 2719 dux

20 2732 95 2762 erat
111 2728 154 2763 M
285 2729 332 2764 46
352 2730 449 2765 teui-
465 2733 512 2775 T,
535 2732 611 2767 telis
624 2733 666 2768 M
800 2734 845 2768 57
869 2738 906 2767 et
922 2744 1036 2767 errore
1055 2734 1096 2769 Τ.
