1702 3060
450 132 526 175 DE
560 132 836 177 LAUDIBUS
869 131 1091 176 lUSTINI.
1394 134 1489 178 353

36 231 95 287 «ff
95 239 341 294 intelligatur
357 240 568 292 Arcadius,
610 255 663 280 ex
690 240 768 280 fide
796 240 940 281 codicis
956 242 1039 279 mei
1059 254 1122 280 ms
1141 241 1433 293 castigatissimi
1451 250 1489 281 et

28 292 177 340 Ueneti
201 299 480 352 antiquissimi.
538 312 653 351 porro
673 299 866 351 Corippus
888 311 1045 350 semper
1070 296 1222 336 domini
1251 300 1488 351 appellatio-

35 348 129 396 dem
155 368 228 407 pro
258 355 495 407 imperatore
525 362 702 407 usurpat.
759 358 816 394 sic
835 356 1003 393 domnus
1022 353 1129 406 apud
1149 354 1425 394 cassiodorum
1450 362 1489 394 et

31 403 160 466 &hwa
177 410 287 463 apud
307 413 531 464 Oppianum
544 412 684 449 limine
705 412 972 464 Cynegeticon
987 424 1059 462 pro
1076 412 1270 461 Augusta.
1299 413 1488 451 Diem-51⁸.

146 471 187 510 2.
245 467 377 507 iubere
402 481 493 506 cum
523 466 645 506 dandi
675 481 767 506 casu
794 481 846 505 ex
873 468 1060 506 Cicerone
1089 468 1291 504 imitatum
1311 475 1396 518 est,
1436 482 1489 507 ne

39 524 124 577 quis
139 524 344 562 barbarius
365 524 586 562 arbitretur.
644 525 700 561 ita
722 537 880 578 quoque
897 530 1116 576 posuerunt
1132 522 1384 573 Prudentius,
1415 526 1486 564 Vi-

38 587 138 629 otor,
175 582 389 630 Iuvencus,
418 582 573 618 Arator.
602 581 769 618 ΒΑΜ-11.
828 581 968 618 malim
994 580 1266 631 dominosque,
1305 583 1487 632 quamvis

30 642 75 676 -et
94 635 229 674 iubere
241 635 370 674 alicui
384 638 613 688 reperiatur.
669 637 858 688 intelligit
877 643 1010 675 autem
1032 634 1213 674 dominos
1233 639 1429 675 Iustinum
1449 645 1487 676 et

28 691 237 745 Sophiam,
262 694 490 744 Augustum
504 700 543 731 et
557 695 793 744 Augustam.
850 695 975 731 Rrr‘r.

141 748 184 791 4.
238 749 281 786 in
309 748 443 788 codice
469 762 532 788 ms
559 749 763 787 orantibus
781 757 925 787 auctus
944 748 1174 799 legebaturr,
1206 755 1245 786 et
1263 748 1383 786 alicui
1402 749 1485 787 for-

32 805 145 845 tassis
179 804 401 844 hortatibus
441 807 573 858 potius
613 819 736 859 quam
768 805 946 844 oratibus
983 803 1271 844 restituendum
1296 806 1485 857 placeret.

29 863 152 901 Rmz.

138 917 194 956 ib.
255 918 445 957 oratibus.
506 925 622 956 antea
648 919 731 956 iam
763 917 866 956 dixit
898 920 920 958 1
952 921 1057 960 161:
1093 925 1249 982 sceptra
1275 918 1486 956 recusabat

29 972 259 1012 lacrimans.
320 974 432 1013 Suet.
456 973 551 1011 Tib.
582 972 660 1014 24:
692 974 973 1023 principatum
1002 975 1187 1024 quamvis
1211 987 1338 1025 neque
1366 989 1484 1012 occu-

33 1043 125 1068 0arc
152 1030 357 1082 confestim
387 1043 512 1081 neque
534 1042 652 1081 agere
678 1028 911 1074 dubitasset,
951 1035 987 1065 et
1003 1030 1169 1066 statione
1188 1030 1381 1076 militum,
1410 1030 1484 1068 hoc

33 1093 86 1124 est
102 1093 149 1124 ut
166 1094 202 1124 et
223 1088 351 1138 specie
370 1086 650 1124 dominationis
665 1092 892 1136 assumpta,
931 1085 1002 1122 dtu
1032 1093 1164 1122 tamen
1189 1088 1387 1124 recusavit
1405 1087 1485 1124 im·-

29 1142 308 1180 vudentisesimo
323 1144 470 1180 animo.
533 1141 753 1194 eademque
773 1141 970 1179 calliditas
989 1143 1128 1179 Tacito
1151 1143 1483 1194 Annal.1:fis-

20 1202 94 1238 ›ais-⁹
111 1198 281 1242 clamore
301 1200 496 1245 omnium,
538 1200 822 1250 exspectatione
849 1197 1101 1250 singulorum
1115 1199 1236 1248 flexit
1258 1198 1484 1249 paulatim,

27 1268 107 1293 non
126 1262 174 1293 ut
186 1255 390 1308 fateretur
412 1256 565 1307 suscipi
586 1270 613 1292 a
634 1269 674 1292 se
692 1257 919 1306 imperium,
963 1255 1035 1291 sed
1061 1261 1105 1291 ut
1125 1268 1270 1305 negare
1291 1262 1327 1291 et
1346 1259 1485 1307 rogari

22 1309 227 1350 desineret.
288 1311 338 1350 de
358 1314 537 1363 Augusto
558 1310 746 1350 Ovidius.
777 1312 848 1363 qni
865 1324 982 1360 saepe
996 1324 1072 1362 rog
1048 1311 1293 1361 vatusflena
1311 1315 1485 1349 recusati

30 1370 170 1420 ceperit
185 1369 355 1420 imperii.
417 1367 466 1406 de
485 1366 703 1407 Stilichone
722 1368 793 1405 lib.
815 1370 839 1408 3
866 1367 913 1404 de
938 1340 1064 1404 laud?
1074 1368 1198 1417 ipsim-
1216 1367 1482 1409 Claudianus:

23 1424 133 1462 ultro
146 1437 187 1462 se
196 1439 383 1476 purpura
401 1425 568 1475 supplex
588 1423 753 1470 obtulit,
778 1431 815 1460 et
831 1425 974 1461 meruit
988 1425 1097 1461 toties
1113 1436 1280 1475 regnare
1300 1432 1477 1476 rogatus.

28 1481 232 1532 legebatur
246 1483 288 1518 in
307 1482 470 1534 antiquo
488 1480 622 1519 codice
641 1479 890 1518 hortantibus
908 1487 1068 1526 anctus,
1096 1493 1168 1530 pro
1186 1492 1264 1532 quo
1285 1481 1366 1533 legi
1385 1495 1480 1532 pos-

14 1543 87 1576 sset
107 1537 284 1576 cratibus
301 1545 433 1584 actus,
462 1544 507 1575 ut
528 1538 795 1589 explicatum,
826 1543 915 1586 aut,
947 1535 1058 1589 quod
1077 1537 1244 1575 vicinius
1268 1544 1347 1587 est,
1387 1538 1481 1575 lior-

24 1592 186 1631 statibus.
244 1595 432 1632 Dzmsr.

135 1649 192 1687 ib.
234 1657 364 1688 actus.
396 1663 450 1688 ex
465 1650 535 1687 illo
558 1646 767 1687 Claudiani
787 1654 869 1687 est:
901 1662 978 1700 quo
997 1649 1157 1687 tandem
1176 1649 1334 1687 trabeas
1351 1657 1481 1687 actore

27 1713 208 1758 rogantes
227 1706 413 1744 induerit.
475 1719 529 1743 ex
548 1718 627 1758 quo
645 1707 711 1743 vel
730 1705 818 1743 solo-
835 1712 944 1756 patet
965 1707 1150 1744 Ruizium
1167 1705 1242 1744 hoc
1265 1707 1352 1744 loco
1377 1705 1481 1744 nihil

22 1770 177 1800 mutare
210 1761 407 1801 debuisse.
479 1763 536 1800 sic
564 1761 728 1800 Ovidius
762 1762 930 1813 epistola
954 1763 1154 1800 Helenae.
1204 1764 1481 1813 acceptissima

27 1832 174 1870 semper
200 1827 366 1857 munera
385 1825 497 1865 sunt,
537 1825 649 1855 actor
675 1832 778 1870 quae
801 1819 976 1868 pretiosa
991 1819 1118 1870 facit.
1192 1820 1343 1871 alioqui
1370 1827 1481 1857 actor

23 1882 263 1926 procurator.
321 1876 485 1914 Glossae
506 1872 806 1913 Basilicorum'
788 1889 918 1926 ακτωρ
938 1870 1237 1928 προκουρᾶτωρ.
1266 1877 1479 1927 Gregorius

18 1931 268 1970 {furonensis
291 1933 318 1973 9
347 1933 422 1981 38,
470 1930 578 1983 apud
606 1944 725 1984 quem
751 1938 845 1968 actu
877 1944 995 1982 agere
1029 1938 1088 1969 est
1117 1930 1264 1969 iudicio
1290 1933 1478 1983 experiri.

19 1994 134 2027 actor
150 1988 272 2026 villae
287 2001 359 2040 pro
377 1994 629 2040 procuratore
647 1986 754 2039 apud
771 1988 1012 2039 Ansegisum
1031 1988 1101 2025 lib.
1121 1987 1147 2029 4
1168 1989 1340 2040 Capitul.
1363 2001 1396 2026 c.
1409 1989 1478 2029 41.

57 2054 189 2083 ARTE.

136 2101 180 2143 5·
233 2102 501 2153 nonprimum
522 2123 572 2128 —
595 2102 641 2138 ni
661 2102 844 2152 sacrata]
875 2113 956 2138 non
993 2098 1128 2137 dubito
1159 2100 1256 2151 quin
1287 2098 1480 2150 Corippus

54 2204 58 2207 =
87 2157 234 2210 ’psci-it,
258 2158 326 2197 vel
344 2165 448 2209 certe
465 2158 634 2197 scribere
654 2156 846 2207 debuerit,
866 2171 946 2195 non
961 2158 1079 2207 prius
1091 2178 1147 2184 -
1159 2169 1283 2207 quam
1300 2162 1474 2192 sacrata.

21 2226 24 2232 ·
106 2227 150 2253 Τ.

46 2265 61 2276 “’
134 2272 181 2312 9..
234 2267 605 2311 ceras.1sid0r.7
626 2271 700 2311 12.
731 2268 958 2319 ceroferarii
975 2268 1164 2305 (licuntur
1181 2281 1208 2304 a
1226 2265 1480 2318 deportandis

9 2328 159 2374 *cn-eis,
195 2334 345 2395 quanto
371 2327 623 2378 evangelium
647 2325 866 2376 legendum
886 2332 946 2362 est
965 2331 1032 2362 aut
1051 2323 1286 2362 sacrificium
1306 2323 1478 2362 offeren-

9 2378 148 2422 Γ1111111·
171 2389 266 2422 tunc
283 2385 392 2422 enim
408 2383 621 2422 luminaria
642 2381 929 2430 accenduntur,
968 2395 1048 2418 non
1070 2381 1128 2418 ad
1134 2381 1354 2432 fugandas
1372 2387 1478 2418 tene—

9 2436 118 2478 'bus
133 2439 229 2478 dum
249 2441 312 2478 sol
330 2440 464 2478 eodem
486 2447 656 2490 tempore
673 2438 826 2483 rutilet,
862 2438 933 2475 sed
954 2437 1013 2476 ad
1034 2438 1196 2489 signum
1216 2437 1391 2474 laetitiae
1410 2436 1480 2473 de-

12 2496 312 2535 ‘momtrandaa
357 2498 656 2550 antiquissimus
677 2508 769 2546 ergo
792 2507 996 2533 cereorum-
1009 2507 1103 2532 usus
1122 2495 1166 2531 in
1188 2492 1332 2532 divinis
1355 2493 1479 2531 sacri-

11 2548 138 2599 ‘fidia
190 2553 295 2591 infra
311 2554 366 2596 71
388 2561 427 2592 et
449 2553 476 2594 4
496 2555 594 2594 317.
621 2553 809 2590 DEMPST.
868 2552 1166 2603 antiquissimus
1188 2563 1277 2588 mos
1305 2550 1478 2601 pietatis,

10 2604 300 2647 *observantem
319 2611 499 2647 animum
518 2610 718 2647 oblatione
740 2609 843 2646 cerei
862 2609 1012 2647 testari.
1068 2606 1338 2644 Prudentius:
1378 2619 1400 2642 o
1420 2617 1482 2640 res

26 2659 170 2716 fflg'mz,
211 2664 324 2712 deus,
361 2680 482 2718 quam
498 2665 571 2703 tibi
586 2664 765 2703 roscidae
783 2666 909 2702 noctis
917 2665 1122 2715 principio
1138 2677 1206 2700 rex
1229 2669 1321 2699 taus
1339 2660 1483 2712 offerat

27 2717 173 2766 haam,
201 2734 282 2772 qna
300 2720 443 2759 tn’buis
456 2722 519 2759 nil
526 2723 755 2774 pretiosius.
816 2723 914 2772 ungi
933 2728 1067 2758 autem
1086 2723 1370 2757 consueverant
1390 2721 1481 2751 ante

27 2774 269 2817 oblationem
294 2777 394 2815 tales
423 2779 543 2816 cerei
597 2777 709 2815 idem
729 2777 999 2816 Prudentius:
1037 2776 1190 2822 lumen,
1220 2771 1483 2825 quodsamu-
