1702 3060
494 135 571 180 DE
605 136 880 182 LAUDIBUS
915 134 1138 182 IUSTINI.
1451 135 1550 183 369

57 227 168 299 &epi
197 246 337 296 voces,
367 247 459 286 date
487 246 647 286 obolum
678 247 897 294 Beli-sario,
931 261 1047 300 quem
1057 247 1235 298 jbrttma
1246 245 1417 300 fifillit.
1480 248 1549 285 alii

68 302 157 353 >nic,
187 315 306 356 quem
337 303 511 351 invidia,
541 318 621 343 non
649 305 770 356 eulpa
800 307 991 343 caecavit.
1052 303 1153 342 haec
1173 305 1367 353 Crinitus,
1397 306 1548 342 Ponta-

51 360 175 408 Ἴως,
203 361 505 411 Vohterranus,
535 362 618 400 alii.
677 361 749 400 sed
777 368 914 401 contra
935 360 1062 399 Andr.
1081 362 1227 400 Alciat.
1245 373 1402 413 pai-erg.
1421 359 1448 402 4
1477 360 1547 403 24.

76 415 267 456 naurs-r.

191 497 288 538 130.
343 497 556 534 Persarum
584 496 761 535 moribus
794 497 898 534 inter
923 495 1027 548 insit,
1007 496 1099 533 onia
1128 496 1238 547 regia
1273 504 1357 535 erat
1385 503 1547 550 torques

77 565 235 592 aureus.
291 553 489 592 Aemilius
520 553 675 591 Probus
705 555 749 590 in
775 554 970 591 Datame.
1001 554 1161 590 ornavit
1184 553 1303 590 etiam
1325 561 1463 605 torque
1485 561 1551 591 at-

76 621 154 662 que
175 607 350 646 armillis
367 610 500 647 aureis
520 617 722 662 ceteroque
745 611 852 662 regio
884 610 1014 656 cultu,
1043 611 1128 660 ipse
1145 611 1297 662 agresti
1316 609 1550 662 duplicique

73 665 249 704 anniculo
282 666 554 704 circumdatus
579 665 764 718 hirtaque
791 669 947 714 tunica,
988 680 1130 718 gerens
1156 668 1199 704 in
1225 668 1354 717 capite
1382 667 1549 718 galeam

72 722 333 761 venaton'am.
392 723 428 760 is
446 722 630 761 transivit
650 722 702 760 ad
719 724 919 776 principes
941 724 1171 775 Cpolitanos
1185 753 1194 771 ,
1224 724 1327 761 luxu
1351 730 1390 761 et
1410 724 1548 762 molli-

73 778 131 817 tin
154 778 339 818 omnibus
361 780 482 818 Asiae
508 780 669 830 regibus
686 793 769 818 11011
788 781 1012 819 inferiores.
1069 782 1237 818 BAn'rn.

119 868 123 878 ²
184 869 240 907 ib.
300 867 472 906 Armati
498 881 647 906 nomen
675 868 834 907 videtur
859 883 946 907 esse
972 870 1178 921 proprium
1206 869 1281 906 viri
1305 869 1541 920 cuiuspiam,

71 925 132 964 uti
153 932 316 977 apparet
339 938 393 962 ex
411 938 458 962 eo
478 924 585 976 quod
604 924 786 962 subditur
806 939 844 963 v.
869 927 964 967 135.
1025 939 1117 962 cum
1145 933 1282 962 tamen
1311 938 1461 963 nomen
1491 926 1542 963 sit

70 982 320 1030 inusitatius,
347 981 561 1033 praecipue
587 981 660 1018 illo
683 994 802 1029 aevo,
836 987 875 1018 et
890 993 963 1031 pro
982 978 1147 1018 homine
1168 982 1404 1032 simpliciter
1420 984 1541 1020 armis

70 1037 211 1076 induto
226 1050 310 1076 non
328 1038 511 1090 posuerit
526 1037 734 1088 Corippus,
765 1037 987 1088 suspicatus
1008 1037 1225 1090 aliquando
1244 1050 1335 1075 sum
1355 1039 1543 1076 vitiosam

70 1096 308 1147 scripturam
330 1106 384 1132 ex
404 1093 701 1132 abbreviatione
723 1095 766 1131 in
788 1106 851 1132 ms
874 1093 1009 1131 codice
1031 1095 1276 1146 expressisse
1295 1093 1541 1133 Michaelem

68 1151 323 1203 Assaglium,
362 1156 402 1188 et
429 1149 685 1189 scribendum
716 1151 963 1188 Martinam.
1032 1164 1127 1188 eum
1155 1158 1291 1188 autem
1321 1153 1539 1189 Martinam

70 1220 158 1246 esse
185 1209 385 1260 suspicor,
416 1208 488 1260 qui
509 1220 563 1245 ex
580 1208 740 1245 tribuno
757 1209 834 1245 isto
852 1215 990 1259 postea
1008 1207 1138 1245 factus
1154 1207 1275 1244 fuerit
1293 1209 1482 1258 patricius
1500 1215 1540 1246 et

70 1265 294 1316 copiarum,
323 1264 419 1302 licet
448 1275 576 1316 aequo
596 1263 795 1313 timidior,
826 1263 936 1312 duxt,
968 1265 1079 1302 cuius
1096 1265 1282 1301 meminit
1299 1265 1477 1302 Zonaras
1495 1266 1538 1302 in

67 1321 151 1360 vita
177 1321 320 1360 Iustini
344 1321 530 1359 Iunioris.
587 1322 631 1358 in
658 1333 738 1373 qua
766 1322 991 1358 coniectura
1014 1322 1144 1371 magis
1173 1321 1294 1358 etiam
1314 1320 1537 1370 confirmor,

68 1389 162 1416 cum
181 1375 451 1430 Nicephorum
475 1377 686 1416 Callistum
710 1379 762 1418 17
791 1380 845 1418 37
876 1384 915 1415 et
944 1379 999 1418 38
1028 1391 1122 1415 eum
1142 1375 1351 1415 hominem
1371 1378 1538 1415 Martia-

68 1444 169 1472 num
194 1435 402 1472 nominare
429 1433 570 1482 vide03
601 1432 711 1486 quod
736 1435 876 1486 utique
903 1447 1053 1472 nomen
1082 1440 1312 1485 corruptum
1340 1441 1400 1471 est
1428 1433 1534 1486 apud

68 1491 287 1543 corippmn
308 1490 692 1528 ex·abbreviationis
717 1492 984 1528 contractione
1014 1491 1135 1544 (licet
1158 1492 1267 1528 enim
1290 1491 1536 1528 solemnibus

64 1547 199 1587 verbis
221 1546 272 1586 de
290 1546 355 1586 his
373 1547 520 1585 talibus
540 1545 703 1599 loqui),
730 1548 1006 1597 ignorantibus
1036 1547 1229 1595 librariis,
1260 1547 1327 1584 vel
1349 1554 1388 1584 et
1409 1548 1535 1585 inscio

67 1602 239 1654 editore,
269 1610 478 1642 accentum
496 1605 540 1640 in
557 1602 635 1640 hoc
652 1616 821 1654 genere,
850 1617 933 1641 non
955 1603 1242 1641 derivationem
1261 1605 1375 1655 sequi
1396 1609 1535 1655 poetas

67 1662 156 1699 aevi
183 1659 436 1709 inclinantis;
471 1670 550 1712 qua
572 1658 622 1696 de
647 1673 689 1698 re
708 1672 791 1697 non
813 1667 949 1712 repeto
972 1673 1074 1712 quae
1095 1660 1138 1697 in
1161 1660 1462 1711 Prolegomenis
1483 1658 1536 1697 ad

67 1716 334 1756 Claudianum
361 1729 464 1769 puer
489 1717 639 1754 notavi.
696 1717 832 1769 itaque
858 1718 930 1754 vix·
957 1716 1094 1755 dubito
1118 1723 1286 1769 utroque
1304 1717 1392 1754 loco
1411 1718 1535 1754 Mar-

67 1775 171 1811 tiam·
193 1786 344 1812 nomeu
366 1787 454 1812 esse
472 1771 775 1811 restituendmn.
806 1775 973 1811 BAnTn.
1032 1786 1085 1811 ex
1104 1775 1286 1826 sequenti
1306 1787 1344 1811 v.
1369 1773 1448 1814 135
1468 1773 1533 1810 vi-

66 1829 153 1868 deri
178 1837 309 1882 potest
335 1831 543 1882 proprium
566 1842 652 1868 esse
674 1829 882 1867 cuiusdam
902 1831 978 1867 viri
996 1842 1170 1877 nomen3
1203 1836 1243 1867 et
1264 1828 1342 1867 hoc
1361 1830 1532 1867 inusita-

64 1894 152 1926 tum
170 1901 253 1926 non
268 1887 394 1925 fuisse
412 1887 584 1938 probant
600 1888 708 1924 Fasti
735 1887 962 1924 consulares
974 1915 984 1934 ‚
1014 1887 1086 1923 ubi
1106 1899 1234 1924 annus
1257 1887 1330 1924 sal.
1350 1886 1433 1928 476
1453 1899 1530 1923 110-

63 1950 171 1982 tatur
203 1944 431 1982 consulibus
459 1943 525 1980 H.
552 1943 743 1981 Armatio
769 1950 808 1980 et
832 1943 899 1980 H.
931 1943 1152 1989 Basilisco,
1182 1950 1222 1980 et
1248 1954 1312 1980 an.
1334 1941 1417 1983 477
1436 1949 1531 1992 post

65 2000 318 2038 consulatum
341 1999 538 2038 Basilisci
560 2003 589 2041 2
620 2007 657 2037 et
682 1999 868 2046 Armati,
899 2002 968 2052 qui
987 2000 1218 2037 interfectus
1240 2006 1299 2037 est
1317 1999 1430 2036 iussu
1448 2001 1529 2035 im-

63 2059 255 2110 peratoris
272 2058 460 2095 Zenonis.
514 2055 609 2095 vide
627 2058 711 2094 Eva
715 2058 846 2108 grium
864 2058 889 2097 3
919 2055 988 2098 24.
1041 2069 1182 2094 verum
1197 2054 1299 2092 mihi
1316 2056 1448 2106 potius
1464 2068 1528 2092 vi-

50 2110 181 2152 'detm-
208 2114 402 2166 Corippus
427 2115 612 2165 generica
636 2115 786 2150 armati
808 2126 906 2151 voce
938 2126 1023 2150 esse
1044 2125 1140 2150 usus
1162 2111 1214 2149 ad
1235 2109 1528 2162 designandum

63 2182 190 2208 unum
222 2183 275 2208 ex
303 2170 499 2208 mssitibus
531 2168 754 2208 candidatis
786 2170 959 2221 corporis
994 2170 1187 2220 principis
1224 2167 1525 2220 protectoribus,

46 2227 135 2280 'qui
168 2239 288 2265 aureo
314 2234 456 2279 torque
482 2227 662 2277 insigniti
692 2233 824 2275 erant,
854 2226 1062 2263 subitaneo
1082 2227 1236 2276 impetu
1261 2232 1300 2262 et
1320 2225 1525 2276 inopinato

60 2281 206 2322 lustini
233 2282 335 2322 collo
361 2289 546 2336 torquem
571 2285 808 2335 imposuisse
837 2295 978 2330 suum,
1017 2295 1099 2319 non
1129 2293 1243 2319 secus
1271 2293 1317 2318 ac
1347 2283 1526 2318 fflaurns

49 2341 52 2348 ”
246 2342 406 2378 nomine
421 2339 667 2377 abstractum
682 2339 762 2377 sib1
775 2347 969 2391 torquem,
999 2353 1077 2391 quo
1094 2346 1139 2375 ut
1153 2339 1416 2376 draconarius
1438 2344 1524 2374 ute-

47 2391 62 2410 ⁸*
117 2403 200 2445 tur,
229 2399 353 2450 capiti
371 2397 533 2435 Iuliani
546 2397 787 2445 confidenter
814 2397 1019 2447 imposuit,
1049 2408 1141 2433 cum
1162 2396 1341 2433 Iulianus
1374 2406 1526 2445 coeno-

62 2460 198 2493 mento
223 2456 415 2507 Apostata
442 2455 681 2492 salutaretur
701 2455 940 2505 imperator,
969 2459 1153 2490 narrante
1179 2453 1392 2490 Ammiano
1414 2451 1523 2487 Mar-

54 2503 208 2549 eeffino
227 2511 299 2550 nb.
314 2513 383 2553 20.
441 2509 547 2549 hanc
570 2509 674 2549 mihi
700 2511 968 2561 suspicionem
991 2516 1111 2561 auget
1129 2522 1175 2547 ac
1194 2510 1279 2546 fere
1299 2507 1438 2546 suadet
1457 2505 1523 2543 hi-

63 2567 184 2605 storia
199 2568 511 2620 inungui-ationis
527 2569 727 2606 Anastasii
742 2568 877 2605 Dicori
892 2565 999 2618 apud
1018 2567 1322 2604 Constantinum
1337 2561 1524 2614 Porphy-

62 2629 324 2675 rogennetum
342 2625 392 2663 de
410 2626 636 2663 ceremoniis
656 2624 777 2662 aulae
796 2624 971 2676 Byzant.
997 2625 1020 2664 1
1051 2625 1128 2671 92,
1159 2623 1230 2660 ubi
1251 2623 1399 2674 pariter
1418 2620 1523 2669 legi-

62 2685 131 2718 tur
147 2678 255 2733 quod
270 2681 424 2720 sublato
439 2682 680 2721 Anastasio
668 2695 712 2719 111
730 2688 839 2719 scut-o
857 2679 1036 2719 ascendit
1061 2678 1334 2731 campiductor
1360 2678 1522 2713 lancea—

63 2731 250 2787 florum,
266 2744 304 2775 et
331 2739 519 2790 imposuit
543 2740 628 2778 eius
654 2739 774 2790 capiti
805 2745 989 2791 torquem
1019 2748 1136 2774 suum
1165 2736 1241 2774 sibi
1267 2734 1522 2771 abstractum.

59 2790 193 2832 Boeo.
