1702 3060
263 123 356 170 154
867 127 1086 170 CORIPPI

258 236 339 275 360
366 235 682 284 magnanimique
703 232 820 271 duces
839 232 1020 272 humecto
1038 241 1193 286 pectore
1213 237 1326 275 fletus

369 301 419 338 ad
440 302 588 337 caelum
610 302 750 336 misere
769 314 877 349 suos»,
907 301 1104 353 fortesque
1122 303 1279 350 tribuni,

370 375 486 417 atque
508 380 643 403 omne-s
662 369 805 416 pariter
822 368 1025 405 lacrimosa
1043 382 1136 405 voce
1156 367 1333 407 cohortes

366 440 454 469 ante
476 431 592 469 deum
612 433 748 470 fudere
766 447 912 484 preces.
971 448 1222 487 summusque
1244 434 1422 474 sacerdos

363 513 524 536 munera
543 512 612 549 pro
632 501 787 550 populis
800 529 809 547 ‚
840 514 1004 538 onerans
1028 503 1146 539 altare
1159 532 1169 550 ,
1200 503 1350 540 Latinis

254 565 333 606 365
364 566 522 613 obtulit,
554 573 668 617 atque
687 579 771 603 aras
788 567 1036 604 lacrimarum
1053 570 1158 606 fonte
1176 571 1329 619 rigavit.

362 640 455 669 tunc
469 633 647 682 precibus
663 632 826 682 placidis
842 644 994 684 patrem
1012 635 1215 672 benedixit
1233 634 1442 683 honorans,

364 706 401 735 et
422 700 553 735 solitas
573 697 739 735 reddens
760 699 910 737 Christo
931 701 1037 738 dedit
1053 701 1188 738 ordine
1205 701 1356 740 laudes.

360 778 504 802 munus
524 772 604 801 erat
623 767 767 802 summi
785 765 943 803 domino
964 770 1199 818 acceptabile
1219 770 1329 817 caeli,

362 831 603 868 sanctificans
623 831 896 884 mandansque
915 835 1033 871 simul
1055 847 1177 884 genus
1201 849 1317 872 mnne
1334 835 1532 872 Latinum.

251 900 333 938 370
361 898 576 948 adiungens
596 897 756 936 ducibus
778 894 914 937 “forfis
937 897 1182 937 Putzintule''
1212 900 1325 950 dixit,

355 959 470 1002 “cum
492 967 664 1003 numeris
685 967 885 1018 signisque
907 969 984 1004 tuis
997 997 1006 1014 ‚
1037 980 1113 1019 qua
1135 969 1278 1005 Cusina
1297 966 1398 1004 fidus

358 1033 469 1080 signa
494 1039 619 1079 tenet,
652 1045 829 1082 propera.
887 1035 1032 1083 pariter
1053 1040 1117 1080 tu,
1149 1033 1338 1071 Geisirich
1358 1035 1510 1083 ingens,

359 1098 476 1147 iunge
496 1100 578 1135 viro
600 1100 748 1135 socios:
780 1097 943 1149 dignum
964 1100 1135 1137 relevare
1159 1098 1308 1136 fideles.

357 1170 396 1199 at
413 1170 456 1200 tu
472 1193 481 1211 ‚
513 1165 728 1201 Gontractis
743 1194 752 1211 ‚
783 1166 970 1201 iuvenum
988 1164 1125 1202 modos
1147 1164 1308 1203 induitis
1330 1165 1462 1214 armis,

243 1229 323 1270 375
354 1230 461 1267 fortis
479 1230 652 1267 Ifisdaias
670 1232 738 1267 nbi
756 1239 914 1281 gentem
933 1238 969 1268 et
987 1233 1098 1280 sigua
1115 1232 1263 1279 locarit,

351 1297 546 1334 Romanas
566 1300 755 1348 coniunge
773 1299 888 1335 acies.
944 1298 1016 1335 tibi
1040 1299 1243 1348 proximus
1267 1298 1335 1335 ille

352 1362 583 1400 Fronimuth
602 1377 690 1402 acer
712 1367 803 1412 erit,
837 1377 1098 1415 numerosque
1119 1371 1157 1401 et
1178 1366 1288 1414 signa
1309 1366 1471 1403 iuvabit.
1481 1362 1501 1378 ’'

350 1429 516 1479 imperat
534 1432 601 1468 ille
621 1433 739 1468 viris:
773 1439 810 1468 et
830 1433 932 1479 iam,
960 1444 1029 1468 sua
1050 1431 1214 1482 quisque
1233 1437 1388 1468 secutus

347 1497 477 1545 signa,
507 1511 578 1547 per
603 1505 784 1535 extensos
802 1500 904 1535 acies
925 1504 1191 1535 construxerat
1213 1510 1326 1548 agros

234 1563 315 1602 380
341 1563 475 1612 miles,
507 1571 544 1600 et
565 1563 727 1602 hostiles
749 1565 1006 1615 properabant
1025 1563 1197 1615 undique
1215 1570 1382 1602 turmae.

342 1631 546 1682 primaque
567 1631 849 1670 Marmaridum
868 1633 1043 1682 clipeatis
1062 1633 1218 1681 agmina
1238 1633 1385 1681 campis

343 1710 432 1733 cum
455 1711 597 1747 magno
619 1700 787 1735 clamore
807 1706 942 1746 ruunt,
972 1697 1179 1749 hastasque
1200 1696 1368 1735 reductis

342 1765 495 1800 mittere
514 1772 706 1802 tentantes
726 1766 878 1802 vibrant
900 1767 941 1802 in
963 1765 1067 1802 bella
1086 1765 1254 1801 lacertis.

344 1831 496 1868 Zaboas
518 1831 631 1880 hinc,
663 1831 754 1868 hinc
773 1834 919 1868 Bruten
941 1838 1044 1878 eratt,
1077 1844 1174 1881 quos
1194 1829 1334 1868 deinde
1353 1834 1472 1870 secuti

235 1896 314 1938 385
343 1898 451 1933 mille
473 1897 603 1936 duces.
663 1899 810 1935 celsum
831 1898 1041 1935 subtexens
1060 1898 1193 1934 lancea
1214 1898 1366 1936 caelum

344 1963 463 2001 densa
485 1966 612 2002 volat:
643 1966 778 2015 clipeis
796 1965 991 2001 venientia
1012 1964 1172 2000 vulnera
1191 1965 1327 2001 vitant.

340 2032 476 2068 militis
501 2045 566 2068 ora
587 2039 748 2082 gemunt
765 2033 866 2068 inter
886 2037 941 2067 tot
961 2031 1039 2066 tela
1061 2031 1272 2067 furentum.

340 2099 515 2134 Romano
534 2099 689 2135 nullum
710 2099 948 2135 maculatum
965 2104 1022 2134 est
1040 2099 1228 2147 sanguine
1246 2097 1406 2135 ferrum.

394 2167 548 2202 Primus
567 2167 639 2202 init
658 2167 823 2203 Martem
846 2165 1078 2201 fortissimus
1099 2166 1180 2214 ipse
1198 2162 1406 2210 Iohannes,

228 2234 309 2273 390
338 2230 491 2267 hastam
511 2234 756 2279 concutiens3
786 2230 1015 2281 mediosque
1034 2232 1214 2280 irrumpit
1231 2231 1272 2267 in
1289 2228 1434 2278 hostes,

337 2305 374 2334 et
395 2299 483 2334 ferit
503 2298 657 2335 adversi
677 2306 789 2335 conto
810 2311 902 2335 cava
921 2304 1076 2348 pectora
1096 2296 1208 2334 Sasfi.
1388 2343 1389 2346 Ἴ
1412 2343 1415 2346 ι

331 2355 398 2400 ille
420 2363 522 2400 cadit
545 2366 743 2402 revolutus
764 2379 864 2417 equo
878 2395 887 2413 ‚
918 2366 1157 2415 fluviumque
1177 2363 1321 2400 cruoris
1349 2384 1366 2409 1,v
1401 2396 1407 2414 ,

333 2429 400 2466 dat
420 2444 557 2480 specus
575 2432 767 2481 irruptum
779 2460 790 2479 ,
820 2434 1017 2483 siccasque
1034 2429 1206 2467 infundit
1221 2440 1371 2465 arenas,
1423 2450 1468 2481 ,3¹3
1492 2474 1506 2481 U

330 2498 505 2548 protinus
524 2496 678 2533 Ifnateu
695 2499 892 2548 sequitur,
923 2510 1042 2550 quem
1062 2494 1220 2546 cuspide
1241 2495 1358 2544 longa
1413 2515 1514 2548 ww.

219 2619 287 2653 370
323 2616 523 2660 adiungens]
564 2616 721 2660 magister
751 2615 800 2648 Μ.
854 2616 1012 2650 excidisse
1045 2615 1180 2648 videtur
1213 2624 1326 2648 versus
1359 2625 1447 2647 unm
1480 2617 1513 2646 et
1547 2614 1648 2646 aller.

217 2665 282 2698 371
322 2674 387 2706 quo
417 2662 511 2707 apud
532 2662 571 2696 M
709 2661 776 2697 374
809 2661 908 2695 modo
934 2661 1054 2695 ductus
1073 2661 1106 2694 in
1130 2661 1169 2694 M
1308 2658 1376 2693 375
1406 2663 1526 2703 gentes
1549 2663 1584 2692 et
1609 2659 1650 2700 T,

218 2707 328 2752 gentis
345 2708 392 2742 Μ.

1668 0 1687 66 murt
