1702 3060
1637 0 1692 150 i

251 259 336 283 cam
359 246 556 295 ingressus
581 250 638 280 est
669 245 709 280 in
733 245 859 295 prima
889 243 1139 296 expeditione
1169 252 1301 284 contra
1329 246 1539 287 Vandalus.
1595 239 1694 290 elui*

249 303 428 338 meminit
443 301 654 349 Procopius
680 299 727 336 de
747 299 845 336 bello
869 301 999 338 Vand.
1024 305 1043 341 1
1068 303 1134 341 11.

358 355 452 396 846.
508 355 614 405 Virg.
639 354 738 392 Aen.
771 357 795 396 9
817 354 919 397 744:
958 357 1168 408 intorquet,
1204 358 1366 394 summis
1388 358 1558 396 adnixus
1582 360 1691 402 viri-1

251 412 339 456 bus,
367 411 535 446 hastam.

357 464 449 504 848.
511 466 618 514 Virg.
639 464 740 502 Aen.
769 467 814 506 11
837 465 941 507 705:
965 468 1073 517 sorti
1087 467 1190 516 fidis
1217 468 1346 519 equo?
1383 475 1423 506 et
1442 470 1468 510 9
1488 469 1593 512 580:
1623 469 1691 506 le:

249 520 323 557 tali
339 519 498 557 vulnere
516 522 634 569 rupit.

326 598 330 604 «
359 574 453 617 852.
511 575 686 626 refulsit]
718 574 923 627 quinquies
944 590 1037 614 usus
1059 584 1116 615 est
1134 578 1320 628 Virgilius
1342 575 1418 616 hac
1437 590 1547 627 voce,
1576 591 1681 617 sem-

249 642 396 682 perque
417 633 458 666 in
480 630 555 667 fine
577 643 724 668 versus.

360 685 536 727 853-4,
597 687 684 723 visu
704 686 949 735 tremefactus
966 688 1072 738 Virg.
1095 691 1195 726 Aen.
1221 691 1248 729 2
1267 690 1362 730 382,
1408 686 1516 726 idem
1534 692 1560 731 3
1582 687 1686 730 5972

250 748 408 790 aspectu
434 742 661 776 conterritus·
682 741 805 776 haesit
826 744 1091 792 continuitque
1111 744 1299 794 gradum.

362 794 441 836 855
457 798 557 835 —7.
618 797 724 844 Virg.
749 796 850 832 Aen.
886 798 937 837 12
964 800 1068 837 306:
1108 813 1195 835 ense
1221 812 1382 850 sequens
1406 799 1530 846 nudo;
1567 805 1605 836 et
1631 800 1678 839 11

251 850 356 892 714:
405 851 770 901 quadrupedemque
797 853 918 887 cltum
935 852 1096 902 serrata
1123 854 1229 890 calce
1245 855 1422 904 fatigat,
1460 861 1499 892 et
1527 858 1553 895 2
1577 855 1681 895 6132

254 908 475 956 sociumque
485 907 632 957 fieretis
654 920 680 942 a
702 906 870 942 navibm
892 921 1048 956 agmen.

363 962 457 1002 858.
518 962 647 998 densis
663 975 710 997 αν
711 975 785 997 mzs
806 964 912 1011 Virg.
915 936 1037 1000 ὸΑεη.
1065 966 1091 1003 2
1107 965 1186 1004 383
1205 971 1243 1000 et
1263 963 1358 1004 409.
1646 972 1655 989 ‘

363 1017 457 1058 859.
517 1024 562 1052 ut
584 1030 671 1052 vero
696 1018 802 1066 Virg.
830 1019 930 1053 Aen.
958 1018 1006 1056 11
1027 1020 1095 1058 36.
1156 1025 1193 1054 et
1213 1022 1238 1059 9
1257 1019 1361 1060 748:
1391 1032 1514 1070 neque
1531 1020 1632 1055 enim
1651 1019 1686 1055 ἰε

253 1071 321 1108 teli
336 1085 407 1108 nec
425 1072 598 1109 vulneris
616 1078 764 1108 auctor.

363 1128 458 1167 861.
517 1126 658 1162 addere
694 1128 839 1175 poteris
874 1126 1013 1162 lexicis
1046 1127 1197 1162 Latinis
1227 1140 1365 1163 vocem
1394 1128 1684 1177 supercelerem,

254 1184 287 1219 si
314 1189 445 1218 tamen
467 1195 546 1218 non
579 1181 777 1227 distincte,
821 1187 864 1216 ut
892 1188 949 1216 est
977 1182 1018 1216 in
1050 1178 1199 1227 codice,
1232 1194 1348 1231 super
1376 1195 1398 1218 a
1423 1183 1608 1230 celerem,
1639 1196 1684 1220 ea

254 1236 457 1275 scribenda
476 1238 546 1282 sit,
577 1243 615 1271 et
632 1238 708 1271 nisi
728 1235 828 1271 adsit
845 1234 1005 1286 aliquod
1025 1235 1213 1272 mendum
1230 1237 1272 1272 in
1294 1235 1368 1274 hoc
1385 1251 1514 1276 versu

363 1291 458 1332 864.
517 1291 602 1327 Val.
633 1291 759 1326 Flacc.
783 1293 807 1330 3
834 1293 933 1330 162:
972 1292 1078 1326 socia
1101 1291 1171 1327 sed
1193 1291 1339 1328 disiieit
1357 1295 1522 1343 agmina
1550 1293 1678 1331 clava.

252 1353 344 1383 nota
367 1346 531 1383 verbum
553 1347 714 1381 conserit
736 1357 805 1395 pro
826 1345 957 1395 config
934 1346 1003 1390 wit,
1034 1346 1142 1382 cuius
1169 1348 1352 1397 exempla
1375 1347 1503 1387 adhuc
1528 1348 1684 1387 deside-

253 1408 385 1438 rantur
405 1403 447 1437 in
463 1402 602 1437 lexicis
620 1402 783 1436 Latinis.

251 138 347 183 268
749 137 1188 180 MAZZUCCHELLII

363 1459 455 1497 868.
516 1456 623 1506 Virg.
646 1457 748 1493 Aen.
770 1457 795 1495 8
817 1454 920 1496 604·
957 1454 1132 1506 celsoque
1149 1457 1274 1494 omnis·
1287 1456 1335 1494 de
1350 1458 1447 1495 colle
1465 1458 1619 1496 videri
1603 1473 1684 1496 cam

246 1518 402 1561 poterat
421 1511 521 1562 legio

363 1569 457 1608 876.
517 1539 624 1616 Virg.
651 1565 752 1602 Aen.
780 1568 823 1606 11
847 1567 952 1608 728·
941 1593 951 1601 .
980 1568 1159 1611 suscitat,
1189 1574 1224 1603 et
1244 1568 1413 1605 stimuli-s·
1427 1568 1540 1605 haud
1553 1569 1684 1607 molli-

255 1621 327 1658 bus
347 1623 486 1658 incitat
502 1623 594 1657 iras.
655 1623 751 1657 item
771 1623 795 1660 9
818 1620 895 1661 341
917 1627 955 1657 et
975 1623 1024 1661 12
1044 1624 1090 1662 8:
1109 1623 1254 1672 fremit
1268 1637 1331 1659 ore
1347 1631 1515 1660 cruento.

365 1680 460 1718 881.
522 1675 627 1726 apud
646 1677 704 1712 De
722 1678 841 1712 Bonis
868 1677 979 1712 iuxta
999 1676 1085 1714 cod.
1109 1680 1145 1714 A
1162 1678 1244 1719 275
1261 1691 1300 1715 v.
1323 1682 1403 1720 716
1424 1679 1678 1731 insessusque.

364 1735 458 1773 882.
519 1734 625 1781 Virg.
650 1734 750 1768 Aen.
779 1734 830 1770 10
849 1734 952 1772 817:
983 1734 1140 1768 transiit
1157 1740 1193 1769 et
1203 1747 1391 1783 parmam
1415 1748 1560 1771 mucro·

365 1789 460 1828 883.
522 1787 722 1837 latofirro
741 1788 847 1836 Virg.
868 1787 977 1823 Aen..
995 1790 1014 1827 1
1036 1791 1141 1838 317,
1178 1788 1205 1828 4
1234 1790 1307 1829 131
1338 1796 1376 1826 et
1405 1790 1458 1831 12
1485 1789 1588 1838 165;
1627 1791 1678 1827 cf.

367 1895 462 1938 885.
524 1897 714 1933 crudescit
721 1909 866 1946 pugna
883 1897 989 1946 Virg.
1009 1897 1110 1935 Aen.
1139 1900 1188 1938 11
1205 1900 1298 1939 833.

366 1954 462 1993 888.
523 1959 617 2002 puto
641 1950 705 1987 hic
724 1953 935 2001 Corippum
963 1954 1158 1988 imitatum
1185 1965 1269 1989 esse
1289 1953 1396 2003 Virg.
1415 1954 1516 1991 Aen.
1536 1955 1563 1994 7
1582 1953 1680 1997 794.

256 2008 368 2058 peius
381 2014 439 2044 est
453 2007 558 2057 apud
576 2009 634 2043 De
652 2009 770 2043 Bonis
789 2019 828 2043 v.
850 2009 929 2047 721
949 2014 986 2044 et
1006 2009 1085 2048 781
1104 2009 1215 2044 iuxta
1233 2007 1317 2045 cod.
1333 2011 1368 2045 A
1386 2009 1488 2050 275:
1517 2012 1684 2059 agmina

257 2064 468 2100 densantur
488 2076 630 2099 omnes.
664 2069 702 2098 et
722 2064 764 2098 in
782 2060 868 2098 cod.
891 2063 927 2098 A
943 2061 1023 2104 274
1043 2076 1113 2113 pro
1137 2065 1286 2112 campis
1307 2070 1366 2100 est
1388 2071 1523 2100 cuncte
1541 2078 1579 2102 v.
1602 2067 1684 2107 778

258 2126 295 2154 et
314 2117 407 2159 846.

368 2176 461 2215 889.
520 2174 579 2209 De
597 2174 742 2210 Bonis
731 2187 772 2210 ln
793 2171 877 2210 cod.
901 2175 936 2210 A
955 2170 1036 2215 274
1056 2186 1094 2210 v.
1120 2175 1200 2215 779
1223 2180 1260 2210 et
1281 2172 1382 2215 847:
1425 2174 1586 2210 collettis
1599 2173 1682 2221 firt-

257 2229 381 2264 mavit
397 2228 530 2264 robore
552 2236 712 2266 turmas.
772 2227 865 2265 hinc
881 2235 974 2279 puto
995 2228 1265 2279 corrigendum
1285 2241 1392 2267 esse.
1413 2229 1591 2266 collectas
1597 2229 1681 2277 fir-

257 2285 380 2320 mavit
395 2283 526 2319 robore
551 2291 713 2321 turmas.

366 2340 461 2378 890.
521 2341 698 2388 quatiens
714 2339 872 2376 hastam
887 2340 992 2389 Virg.
1018 2339 1118 2377 Aen.
1146 2342 1195 2380 10
1215 2342 1308 2381 762.

367 2395 460 2433 891.
522 2395 627 2443 Virg.
653 2395 754 2432 Aen.
780 2399 807 2436 2
825 2396 928 2436 511:
959 2395 1094 2431 densos
1101 2395 1237 2446 fertur
1251 2394 1459 2431 moriturus
1474 2395 1517 2430 in
1536 2393 1678 2440 hostes,

256 2455 295 2485 et
317 2450 367 2489 10
386 2450 486 2488 379:
517 2450 665 2485 medius
693 2451 828 2487 densos
852 2452 1078 2500 prorumpit
1102 2452 1144 2486 in
1169 2449 1310 2494 hostes,
1345 2455 1384 2485 et
1400 2453 1426 2490 7
1426 2451 1500 2491 29:
1536 2450 1617 2485 ruit
1634 2450 1678 2485 in

257 2503 391 2541 densos
411 2503 543 2539 alacer
563 2505 781 2541 Mezentius
800 2506 937 2542 hostes.

367 2559 462 2598 892.
522 2558 657 2595 obvius
674 2560 829 2596 ardenti
846 2574 923 2597 sese
940 2559 1079 2598 obtulit
1094 2560 1198 2608 Virg.
1221 2559 1320 2597 Aen.
1345 2561 1397 2600 10
1413 2557 1508 2601 552.

368 2614 462 2654 893.
523 2613 633 2651 Ovid.
661 2615 768 2650 Fast.
793 2614 819 2654 4
837 2614 910 2654 543
940 2615 1021 2652 Ilia
1039 2628 1128 2650 cum
1144 2615 1279 2652 Lauso
1294 2615 1342 2652 de
1361 2614 1567 2652 Numitore
1582 2614 1672 2651 sati.

370 2669 463 2708 897.
513 2669 619 2720 ]ὶιίἱε
635 2670 780 2720 iniqui-5
796 2671 901 2720 Virg.
927 2671 1028 2709 Aen.
1050 2672 1078 2710 2
1097 2669 1190 2717 257,
1220 2673 1245 2711 3
1267 2672 1330 2718 17,
1359 2676 1398 2707 et
1417 2671 1467 2710 10
1488 2671 1582 2711 880.

371 2723 463 2764 898.
525 2726 630 2775 Virg.
651 2726 751 2762 Aen.
777 2728 828 2767 10
852 2727 956 2766 682:
976 2724 1140 2763 crudum
1150 2738 1226 2775 per
1243 2732 1366 2763 coetae
1384 2726 1516 2776 exigat
1536 2737 1677 2761 ensem.
