1702 3060
252 122 347 169 166
644 121 863 164 CORIPPI
894 121 969 162 DE
1001 120 1272 162 LAUDIBUS

360 230 464 267 alma
481 243 552 280 per
569 229 766 265 insomnes
785 229 929 265 meruit
943 229 1146 278 vigilantia
1165 234 1310 276 noctes,

359 296 404 334 hi
425 297 523 334 sacri
540 301 755 331 monstrant
775 296 918 345 apices.
974 296 1062 345 lege
1075 324 1085 342 ,
1113 308 1265 332 summe
1284 297 1481 345 magister,

279 361 333 404 45
362 369 400 400 et
419 374 575 398 causam
593 361 760 398 defende
779 375 923 398 meam.
979 362 1050 398 tibi
1070 363 1214 398 sanctio
1235 368 1405 399 vestrum

363 426 608 465 commendat
627 429 821 465 famuhun
837 440 848 465 ε
879 434 1006 464 vestro
1030 427 1078 464 de
1096 428 1203 464 fonte
1221 434 1370 464 creatur

359 494 509 530 rivulus
526 495 598 530 iste
619 507 732 532 meus
745 523 756 542 ‚
793 495 864 531 sub
886 495 994 530 cuius
1013 495 1171 530 nomine
1189 500 1298 543 gesto

360 561 545 610 principis
563 561 747 598 officium.
803 561 929 597 fessae
950 561 1132 596 nilserere
1152 567 1342 608 senectae,

360 627 664 678 vulneribusque
683 627 782 663 meis
805 627 920 663 solita
942 627 1085 676 pietate
1107 625 1277 674 medere,

281 691 335 734 50
364 700 405 730 ut
427 701 554 743 grates
573 693 644 730 tibi
665 693 790 730 laetus
808 706 940 743 agam,
970 705 1175 743 sacrosque
1191 690 1410 743 triumphos

363 760 551 810 principis
570 760 704 796 invicti
720 760 826 796 felici
850 760 1020 796 carmine
1044 758 1186 796 dicam.

544 1074 885 1132 LIBER
959 1072 1396 1132 PRIMUS.

370 1194 612 1270 Imperium,
644 1221 798 1258 culmen
818 1235 968 1270 rerum,
997 1235 1077 1259 non
1094 1222 1264 1258 motibus
1283 1221 1390 1269 ullis,

368 1300 447 1323 non
468 1288 584 1324 armis
604 1296 822 1338 sumptum,
856 1302 935 1326 non
957 1290 1168 1326 ambitione
1189 1289 1356 1338 potitum

369 1354 542 1403 auspicio
565 1355 726 1391 meliore
748 1368 856 1392 cano.
913 1357 1004 1392 licet
1023 1356 1154 1392 omnia
1176 1354 1310 1390 nullus

374 1421 508 1456 inclita
530 1426 726 1469 gestorum
746 1421 874 1457 valeat
893 1427 1147 1457 monumenta
1166 1423 1322 1470 piorum

318 1484 345 1527 5
375 1485 575 1523 ordinibus
590 1500 794 1523 numerare
812 1488 891 1523 suis
908 1515 918 1534 ,
947 1493 1079 1522 tamen
1098 1488 1193 1523 utile
1209 1487 1331 1523 servis

373 1565 458 1589 esse
476 1566 563 1590 reor
578 1561 753 1591 mentem
771 1552 938 1590 dominis
959 1560 1090 1604 aptare
1107 1552 1266 1590 fidelem

374 1619 502 1657 officio
525 1634 757 1672 quocunque
776 1619 902 1657 datur.
956 1618 1256 1670 praecommodo
1277 1619 1477 1668 linguam:

371 1698 443 1724 vos
463 1686 575 1723 divae
600 1687 687 1724 date
709 1687 847 1735 verba,
878 1693 916 1723 et
937 1699 1036 1738 quae
1054 1686 1263 1736 Vigilantia
1281 1692 1406 1721 mater

373 1760 414 1790 et
432 1767 532 1805 quae
552 1767 704 1791 summa
727 1766 864 1804 regens
887 1753 1085 1802 Sapientia
1106 1753 1277 1802 protegis
1300 1751 1448 1788 orbem.

294 1819 347 1858 10
374 1831 444 1856 vos
467 1819 567 1856 mihi
585 1834 655 1871 pro
680 1822 826 1858 cunctis
847 1817 1012 1855 dicenda
1030 1817 1081 1854 ad
1101 1820 1273 1854 carmina
1290 1819 1413 1855 Musis

376 1885 577 1934 sufficitis;
610 1900 678 1924 vos
698 1899 875 1938 quaeque
892 1886 1014 1921 latent
1027 1897 1171 1931 *arcana
1189 1886 1371 1921 monetis.

376 1958 497 2003 tuque
519 1952 583 1990 dei
601 1954 771 2003 genitrix
788 1957 961 1989 sanctam
975 1949 1074 1987 mihi
1091 1953 1244 2001 porrige
1264 1950 1442 1987 dextram

379 2025 417 2055 et
435 2020 494 2056 fer
513 2033 629 2070 opem
642 2049 651 2067 ‚
682 2029 848 2071 quaeso:
878 2018 1013 2066 magni
1031 2016 1130 2053 mihi
1151 2031 1264 2054 causa
1288 2018 1431 2054 laboris

379 2087 524 2135 surgit,
556 2094 593 2123 et
612 2085 805 2123 invalidos
828 2083 878 2121 ad
894 2083 1067 2134 pondera
1085 2082 1202 2120 tendo
1221 2085 1398 2120 lacertos.

300 2149 351 2190 15
382 2159 491 2200 urget
509 2165 644 2189 amans
663 2151 839 2189 dominos
857 2163 1089 2202 carmenque
1107 2152 1276 2201 impellit
1295 2150 1415 2187 adire.

379 2226 560 2268 quaestor
580 2221 819 2266 Anastasius,
848 2219 970 2255 sancti
991 2231 1079 2268 pars
1097 2230 1239 2267 magna
1257 2224 1426 2265 senatus,

379 2287 613 2334 compositor
631 2299 803 2334 morum,
832 2286 927 2321 iuris
945 2285 1155 2335 legumque
1173 2282 1372 2331 sacerdos3

380 2357 419 2387 et
436 2349 633 2399 Thomas,
663 2352 832 2402 Libycae
849 2352 1021 2387 nutantis
1042 2349 1193 2387 destina
1215 2357 1352 2397 terrae,

381 2419 450 2468 qui
467 2418 618 2468 lapsam
638 2420 792 2467 statuit,
822 2419 925 2454 vitae
947 2430 1057 2468 spem
1079 2415 1249 2453 reddidit
1269 2417 1388 2463 Afris·‚

298 2485 353 2524 20
381 2497 517 2534 pacem
537 2486 773 2534 composuit,
805 2485 954 2520 bellum
973 2486 1056 2520 sine
1077 2484 1201 2519 milite
1221 2484 1374 2532 pressit,

383 2551 474 2587 vicit
496 2551 664 2586 consiliis
688 2563 784 2600 quos
801 2551 932 2587 nullus
954 2552 1098 2586 vicerat
1119 2550 1258 2595 armis3

385 2631 458 2654 nec
471 2631 549 2654 non
567 2617 839 2666 magnanimus
852 2618 1005 2653 «meritis
1026 2622 1063 2652 et
1079 2616 1236 2652 nomine
1253 2616 1431 2664 Magnus,

386 2690 515 2721 mente
531 2684 689 2734 placens
713 2681 901 2731 dominis,
932 2683 1049 2719 sacris
1070 2681 1280 2718 rationibus
1301 2687 1424 2732 aptus,
