1702 3060
504 99 855 145 IOHANNIDOS
889 100 995 144 LIB.
1026 100 1062 144 1.

166 218 329 266 aspectu
349 212 531 266 placidus
551 212 685 251 senior
706 209 910 250 descendit
935 213 1118 265 Olympo,

55 282 137 326 260
165 280 335 320 candida
357 281 520 320 sidereis
539 287 698 332 gestans
715 279 913 317 velamina
930 282 1082 332 peplis3

165 363 212 387 ac
234 351 343 388 stetit
363 357 453 388 ante
473 349 609 388 oculos
631 348 856 399 quaerentis
878 349 958 386 tela
977 347 1179 396 Iohamfls,

166 419 437 471 continuitque
454 430 640 464 manum,
670 421 883 467 sanctoque
903 414 1003 453 haec
1021 414 1175 453 addIdit
1193 415 1292 453 ore.'

161 479 271 523 “non
288 486 398 524 furor
414 486 456 523 in
474 491 603 522 tantas
622 484 773 520 animos
795 484 853 520 sic
872 484 1039 521 concitet
1056 484 1149 521 iras.

165 567 307 605 sperne
323 553 476 591 malum
494 553 671 589 bonitate
690 557 780 599 tua3
811 551 907 602 suge
919 580 930 600 ,
961 550 1046 588 dira
1065 550 1232 601 maligni

53 620 136 664 265
164 622 292 673 iurgia
312 634 364 658 ne
381 614 567 658 timeas.”
623 619 687 656 cui
705 617 790 656 dux
813 613 955 671 “pater
972 614 1151 670 optime’'
1183 617 1286 655 dixit

159 684 324 742 “virque
346 687 432 736 dei,
466 687 593 724 cernis
616 693 832 725 certantem
854 685 1064 739 aditusque
1082 687 1239 724 viaru'm

164 755 354 829 claudere}
363 750 601 794 nitentem.'’
658 756 790 793 senior
806 762 903 793 tunc
920 761 1054 792 mente
1072 755 1247 805 benigna

162 823 263 862 haec
279 822 368 863 nist..
398 817 450 862 “o
470 824 595 872 felix,
623 825 792 874 vestigia
810 831 944 861 nostra
964 828 1121 860 secutus

160 905 226 930 me
245 891 345 930 duce
368 903 483 942 carpe
502 885 654 928 viam.”
710 892 768 929 sic
788 891 892 928 fatus
912 892 1065 928 lumine
1084 901 1235 940 magno

51 961 135 1004 270
163 960 291 998 erexit
308 957 488 1011 placidus
507 958 710 1009 fulgentes
725 957 923 1010 lampadis
938 959 1043 1008 ignis

162 1100 257 1133 tuno
274 1106 367 1133 vero
384 1092 513 1132 omnis
533 1093 640 1130 iners
658 1090 778 1130 dubia
797 1099 876 1130 stat
892 1099 1027 1131 mente
1045 1090 1250 1143 mag-ister,

166 1167 206 1200 et
219 1162 346 1200 ventis
364 1160 432 1200 dat
451 1169 562 1212 terga
583 1161 712 1212 fugax
724 1189 735 1209 ,
764 1162 990 1215 victamque
1005 1161 1152 1198 fatetur

161 1230 256 1268 artis
275 1243 412 1282 opem,
439 1230 644 1282 nescitque
663 1230 785 1267 miser
801 1242 879 1282 quo
898 1230 1054 1268 flectere
1069 1240 1262 1281 puppem.

162 1310 236 1336 nec
254 1299 428 1336 breviata
446 1298 537 1335 sinu
555 1304 777 1335 sustentant
795 1299 919 1336 lintea
939 1299 1069 1336 flatus.

50 1365 132 1410 275
159 1379 241 1403 non
260 1379 359 1418 opus
378 1372 437 1404 est
455 1366 570 1404 ullis:
600 1364 803 1417 deponunt
822 1366 957 1403 omnia
976 1371 1122 1402 nautae

160 1432 251 1470 vela
270 1434 410 1482 simul,
439 1434 648 1485 ventisque
666 1441 769 1472 rates
789 1432 990 1485 undisque
1007 1433 1250 1484 relinquunt.

162 1508 402 1552 sparguntur
419 1502 529 1539 vario
552 1499 707 1539 diversa
724 1514 798 1552 per
818 1513 991 1553 aequora
1012 1512 1142 1546 eursu,

160 1555 246 1621 quo⁴
263 1581 395 1617 casus,
427 1581 505 1621 quo
524 1574 666 1607 ventus
687 1581 830 1620 agens,
861 1573 1078 1606 nocturnus
1100 1571 1140 1603 et
1161 1577 1269 1601 error

159 1636 263 1674 forte
279 1634 414 1674 trahit.
471 1649 635 1674 saevum
649 1637 806 1674 miseris
822 1636 981 1673 fortuna
998 1635 1175 1672 minatur

49 1707 132 1748 280
158 1704 433 1756 naufragium:
460 1703 615 1742 nullam
635 1702 798 1742 credunt
812 1717 1018 1755 superesse
1039 1702 1223 1750 salutem,

162 1771 450 1824 desperantque
469 1784 583 1810 suam
597 1786 670 1824 per
687 1779 823 1824 aperta
840 1772 1016 1823 pericula
1033 1771 1173 1808 vitam.

214 1842 415 1892 Ingemuit
435 1838 593 1890 ductor,
621 1847 877 1892 mentemque
896 1838 949 1876 ad
966 1837 1096 1877 sidera
1113 1835 1236 1875 tristis

159 1908 298 1959 erigit3
328 1909 604 1961 auxiliumque
624 1907 688 1946 dei
706 1909 852 1960 pietate
870 1908 1073 1959 magistra,

160 1983 206 2014 ut
222 1982 351 2016 metus
373 1977 459 2028 ipse
483 1975 623 2026 dabat,
652 1977 827 2015 lacrimis
841 1977 1008 2029 inquirit
1024 1973 1186 2023 obortis,

49 2044 130 2088 285
156 2057 304 2096 pronus
323 2050 362 2082 et
377 2057 546 2083 exorans
564 2045 736 2096 supplex
753 2044 816 2084 his
834 2045 998 2083 vocibus
1016 2043 1117 2080 infit.

153 2101 429 2163 “ormlipotens
450 2113 562 2151 verbi
581 2115 736 2164 genitor
754 2126 964 2166 rerumque
983 2117 1146 2158 creator,

157 2181 396 2233 principium
415 2181 500 2218 sine
518 2180 617 2230 fine,
647 2180 744 2220 deus
756 2211 766 2231 ‚
800 2188 840 2219 te
857 2187 995 2219 mmcta
1009 2180 1184 2216 fatentur

160 2255 360 2286 auctorem
379 2254 418 2285 et
437 2246 664 2298 dominum,
696 2257 734 2287 et
749 2250 940 2287 factorem
959 2249 1156 2285 elementa
1170 2243 1416 2283 tremiscunt.

160 2323 200 2355 te
218 2317 327 2356 venti
346 2316 550 2368 nubesque
568 2323 733 2368 pavent3
765 2317 839 2353 tibi
858 2316 1004 2352 militat
1022 2318 1104 2363 aer,

50 2387 133 2428 290
158 2385 404 2438 imperioque
422 2391 491 2422 tuo
512 2397 618 2421 nunc
639 2383 785 2422 arduus
805 2385 958 2420 intonat
976 2381 1114 2420 aether

159 2465 383 2505 magnaque
401 2453 579 2490 concussi
599 2451 778 2490 turbatur
793 2449 979 2489 machina
995 2449 1151 2488 mundi.

159 2526 205 2558 tu
222 2523 319 2571 scis,
349 2533 502 2559 summe
522 2526 656 2572 pater,
686 2526 731 2558 tu
751 2520 950 2571 praescius
973 2521 1106 2557 omnia
1128 2517 1257 2557 nosti:

51 2640 120 2675 262
140 2639 226 2675 haec
238 2642 320 2676 add.
336 2641 379 2676 M
512 2643 580 2679 263
602 2642 752 2678 concitat
769 2642 803 2677 Τ
929 2642 998 2679 270
1019 2641 1132 2677 exexit
1151 2641 1184 2675 Τ

51 2686 157 2732 pudas
172 2686 213 2722 M
352 2689 421 2724 272
442 2689 612 2736 uitamque
628 2691 723 2736 apud
737 2690 778 2724 M
916 2690 984 2725 274
1007 2690 1164 2724 substant
1181 2687 1214 2722 Τ

51 2732 92 2766 lis
106 2732 147 2767 M
281 2732 347 2768 279
369 2737 462 2769 sorte
479 2736 548 2770 ΤΜ
682 2736 748 2772 281
774 2745 869 2770 suum
886 2735 926 2770 Τ.

1449 99 1512 144 35

1308 2637 1392 2672 ibid.
1417 2635 1499 2668 lam-

1346 2683 1412 2718 275
1438 2692 1499 2715 ue-
