1702 3060
308 141 365 186 16
770 144 801 183 F
805 144 850 183 L.
883 143 1239 187 MEROBAUDIS
1255 183 1257 185 .
1654 0 1702 224 ἔ

411 251 448 286 in
467 257 596 286 tenero
614 250 693 286 iam
710 251 884 287 membra
903 251 1038 288 Getam
1094 262 1165 289 rex
1183 254 1266 303 ipse
1278 282 1288 301 ‚
1317 254 1528 292 verendum

307 315 382 357 135
409 318 567 352 miratus
586 317 697 366 pueri
718 316 833 354 decus
855 325 892 354 et
909 317 1109 368 prodentia
1126 317 1250 355 fatum

410 383 574 428 lumina,
603 383 819 431 primaevas
837 382 995 421 dederat
1014 392 1163 434 gestare
1179 385 1353 431 faretras,

409 446 667 499 laudabatque
685 461 823 486 manus
843 448 1049 488 librantem
1069 459 1107 488 et
1126 453 1203 488 tela
1222 459 1434 501 gerentem,

409 514 550 551 oblitus
572 510 677 565 quod
693 523 823 552 noster
842 525 934 553 erat.
990 532 1060 568 pro
1079 516 1207 554 nescia
1228 520 1327 567 regis

412 579 526 617 corda
538 608 548 628 ‚
573 581 666 618 seris
684 589 825 633 quanto
846 584 999 634 populis
1020 584 1239 621 discrimine
1258 588 1404 621 constet

302 646 381 690 140
409 646 514 699 quod
531 647 686 685 Latium
707 648 818 685 docet
834 663 939 686 arma
955 649 1112 687 ducem!
1170 650 1239 687 sed
1262 652 1419 687 nomine
1441 656 1574 686 natum

407 721 623 762 nuncupat,
654 721 691 750 et
708 715 856 751 mavult
873 722 1032 753 naturae
1051 716 1177 753 dicere
1195 719 1336 767 pignus

409 792 528 831 quam
544 779 663 828 pacis.
718 778 787 815 tali
806 787 956 818 teneros
973 783 1042 818 sub
1057 782 1183 819 iudice
1202 786 1371 833 primum

410 843 602 896 gaudebat
623 843 759 882 studiis
776 846 973 882 flammare
989 848 1180 886 ferocibus
1201 862 1322 887 almos
1364 846 1384 904 ΙΙ
1430 857 1521 897 ⁰131
1543 847 1583 884 ’ἆ

839 982 859 1004 *
995 984 1013 1007 *
1151 985 1171 1008 ¹*

407 1094 666 1134 Teutonicum
682 1094 802 1133 Latiis
821 1094 972 1134 hostem
991 1111 1078 1134 cum
1097 1100 1280 1136 sterneret
1297 1102 1434 1146 armis,
1490 1114 1529 1153 p.
1553 1099 1627 1143 194
1645 1115 1680 1140 a.

300 1164 376 1207 145
405 1171 497 1200 tunc
512 1162 562 1198 ad
578 1163 680 1198 bella
697 1162 833 1199 rudem
850 1177 922 1200 nec
941 1164 1070 1201 adulto
1091 1167 1212 1201 Marte
1218 1166 1390 1216 fhrocem
1393 1191 1408 1210 ‚

407 1227 474 1267 ille
491 1235 621 1265 tamen
640 1231 792 1278 maguis
814 1232 949 1279 opibus
962 1260 971 1278 ,
1000 1233 1199 1282 Romaque
1224 1233 1382 1278 virente,

405 1296 556 1332 Gallica
578 1295 638 1331 bis
663 1297 801 1344 quinos
823 1298 1031 1333 certamina
1050 1299 1167 1333 traxit
1185 1299 1228 1333 in
1248 1311 1387 1343 annos,

406 1368 444 1397 et
463 1361 592 1397 senior
609 1366 696 1408 post
714 1360 817 1396 bella
837 1361 949 1398 redit.
1005 1374 1107 1399 nunc
1125 1365 1252 1412 gloria
1275 1367 1414 1410 maior,

406 1425 511 1476 quod
528 1424 608 1461 iam
624 1425 844 1461 barbaricae
862 1434 1028 1464 mutatos
1047 1426 1192 1465 semine
1209 1437 1331 1466 terrae

296 1493 374 1535 150
403 1499 440 1528 et
457 1490 602 1527 bellare
620 1503 754 1540 pares,
787 1504 865 1527 uno
886 1491 991 1542 quod
1007 1499 1181 1543 tempore
1201 1495 1317 1540 vicit,-

403 1555 509 1609 quod
529 1557 678 1592 clausos
699 1558 831 1593 castris
849 1556 979 1594 hostes
999 1561 1219 1609 superavit,
1247 1567 1285 1596 et
1300 1572 1413 1597 arma

403 1637 502 1675 quae
520 1621 716 1673 quondam
736 1620 892 1660 victoris
911 1631 1019 1660 erant
1037 1623 1100 1661 hic
1122 1624 1262 1662 dextra
1282 1628 1423 1676 recepit

406 1689 646 1739 magnanimi
667 1689 810 1725 luctata
829 1687 950 1726 ducis.
1006 1703 1099 1727 nam
1118 1692 1284 1728 claustra
1306 1693 1487 1732 vetabant

403 1765 440 1793 et
459 1757 616 1792 turritus
638 1767 741 1804 apex
757 1756 985 1806 ingestaque
1000 1759 1155 1794 moenia
1173 1759 1296 1804 caelo,

296 1825 373 1867 155
401 1830 579 1859 naturam
595 1821 813 1858 cumulante
828 1834 961 1860 manu.
1016 1836 1088 1860 nec
1105 1824 1268 1874 signifer
1288 1825 1394 1862 ullus

402 1887 501 1935 illic,
531 1888 642 1924 turba
661 1888 754 1924 fuit:
783 1888 900 1938 longo
918 1887 987 1925 sed
1002 1895 1174 1939 tempore
1192 1892 1327 1928 castris

401 1955 595 1992 barbaries
611 1953 750 1990 ‘iunctis
769 1966 947 1991 occasum
964 1956 1120 1992 miscuit
1137 1962 1236 1991 orta.

404 2028 477 2059 stat
496 2017 640 2070 clypeis
656 2021 797 2056 vallata
817 2020 951 2059 cohors
963 2051 973 2070 ‚
1003 2020 1158 2059 hastilia
1176 2028 1325 2073 torquet
1331 2034 1348 2069 ,⁴

403 2101 494 2125 ense
511 2087 664 2134 minax,
691 2086 914 2138 volucrique
936 2097 1079 2125 nocens
1096 2098 1166 2138 per
1182 2089 1299 2125 inane
1315 2090 1473 2140 sagitta,

297 2156 374 2195 160
401 2153 531 2191 nobile
551 2166 629 2189 non
651 2153 809 2200 animis,
839 2152 909 2191 sed
927 2166 1006 2190 non
1023 2151 1192 2204 ignobile
1198 2155 1326 2205 sactis

402 2219 542 2269 vulgus
558 2219 755 2270 inaequali
772 2219 895 2256 iustus
911 2221 1016 2257 Mars
1035 2226 1135 2258 sorte
1146 2222 1321 2271 peremit.

292 2383 408 2417 lacuna
438 2380 562 2415 incidit.
592 2400 638 2408 —-
665 2391 699 2414 v.
723 2379 798 2417 144.
829 2382 882 2416 De
902 2382 989 2416 Divo
1010 2383 1092 2417 Iulio
1115 2394 1221 2419 sermo
1246 2386 1315 2427 est,
1346 2380 1438 2420 cuius
1458 2381 1545 2420 bella
1568 2383 1700 2422 Gallica

292 2438 366 2461 cum
389 2428 487 2460 rebus
508 2427 551 2459 ab
576 2423 673 2459 Aetio
698 2426 731 2459 in
754 2426 870 2460 eadem
891 2429 1059 2471 provincia
1080 2430 1183 2471 gestis
1210 2431 1431 2464 conseruntur.
1476 2426 1510 2464 in
1524 2431 1564 2463 iis
1579 2443 1664 2474 quae
1679 2441 1700 2467 a

292 2483 392 2506 versu
411 2473 473 2505 148
489 2474 685 2514 sequuntur,
713 2471 776 2504 hoc
790 2471 876 2504 clare
890 2472 988 2505 video
1003 2473 1045 2505 de
1060 2473 1143 2506 bello
1159 2475 1212 2517 agi
1226 2485 1289 2518 quo
1306 2475 1422 2508 Aetius
1435 2475 1470 2508 in
1484 2475 1594 2509 Gallia
1608 2476 1699 2510 fero-

292 2517 378 2550 cium
392 2516 530 2549 hostium
546 2525 672 2549 manum
685 2516 894 2559 superaverit
905 2540 914 2555 ‚
938 2517 1169 2559 Bagaudarum
1184 2524 1264 2562 puto
1274 2542 1285 2560 ‚
1309 2519 1483 2552 conflatam
1498 2531 1539 2553 ex
1555 2521 1699 2560 barbarie

292 2561 488 2604 rusticisque
507 2560 668 2593 exulibus.
713 2560 797 2594 hanc
812 2560 982 2594 colluviem
996 2560 1118 2595 indicat
1132 2570 1163 2595 v.
1182 2563 1263 2603 1573
1293 2574 1428 2608 eamque
1442 2564 1473 2596 in
1488 2563 1697 2601 resarciendo

293 2616 328 2642 v.
344 2606 407 2640 149
433 2602 586 2648 cogitavi.
631 2610 772 2650 apparet
794 2605 1069 2650 oppugnationem
1089 2606 1233 2647 castelli,
1263 2618 1328 2652 quo
1349 2609 1530 2652 Bagaudae
1547 2614 1626 2652 post
1638 2618 1696 2644 ac-

293 2653 422 2695 ceptam
435 2649 558 2684 cladem
573 2661 610 2684 se
623 2649 835 2689 contulerint,
863 2649 1016 2686 describi.
1057 2661 1089 2684 v.
1110 2651 1175 2686 150
1202 2662 1337 2686 moveor
1351 2658 1390 2687 ut
1401 2665 1504 2687 unum
1515 2659 1640 2698 tempus
1655 2654 1699 2689 de

294 2705 360 2730 uno
374 2707 461 2731 anm
475 2694 647 2741 accipiam,
673 2698 711 2730 ut
723 2693 959 2730 recentioribus
973 2695 1115 2732 Graecis
1126 2694 1256 2742 χρόνος
1269 2709 1330 2743 pro
1346 2697 1425 2739 ἔτος
1438 2698 1538 2736 valet.
1579 2710 1614 2734 v.
1631 2697 1696 2734 155
