1702 3060
348 168 410 212 IN
437 167 789 213 IOHANNIDOS
822 169 885 213 ΙΙΙ
918 170 1120 213 NOTAE.
1371 168 1469 215 239

0 276 138 315 ‘futur
154 273 206 314 ml
223 277 274 318 17
294 289 443 314 annum
460 278 618 329 imperii
635 279 864 327 Iustiniani,
896 293 1041 331 nempe
1060 278 1151 320 chr.
1168 277 1270 327 543,
1300 279 1349 317 de
1367 278 1468 317 bello

10 329 153 371 fiand.
177 335 204 373 2
229 335 298 374 21.
356 347 395 370 v.
415 341 452 370 et
471 335 650 372 Morcelli
666 335 765 386 Afi'·
796 336 940 374 Christ.
963 343 992 373 t.
1014 339 1039 377 3
1064 351 1103 388 p.
1124 335 1220 378 295.

126 391 194 431 78.
250 391 359 440 virg.
369 390 476 427 Aen.
493 391 518 431 5
544 392 623 432 533
650 393 787 442 incipit
804 393 916 430 iuxta
935 394 1087 444 aliquot
1109 393 1288 430 codices:
1317 406 1470 431 summe

19 452 144 495 pater,
173 446 242 483 ubi
270 452 404 484 tamen
430 447 614 484 meliores
642 448 732 484 libri
760 446 907 486 habeut
933 463 1062 495 sume,
1087 457 1222 500 [παρις
1250 456 1291 487 et
1309 451 1336 491 8
1360 449 1466 492 484:

11 501 76 539 *dii
98 503 224 552 capiti
243 503 370 552 ipsius
384 505 596 554 generique
613 511 819 541 reservent.

127 561 195 600 80.
253 558 421 596 terribili
438 562 590 597 monitu
609 562 717 611 Virg.
735 560 843 598 Aen.
866 559 891 600 4
914 558 1012 602 465

129 617 198 656 81.
242 615 368 666 fama
387 615 497 652 tolat
517 618 625 667 Virg.
647 617 755 654 Aen.
781 619 805 658 3
835 619 909 657 121
931 623 969 652 et
991 619 1016 658 8
1039 617 1120 656 392
1136 623 1175 654 et
1191 615 1287 658 554.

128 670 183 708 ib.
244 671 458 710 secundam
488 673 530 709 in
559 674 773 710 Ammonis
804 674 961 724 corripit
987 680 1121 710 noster
1148 677 1286 724 poeta,
1317 680 1361 710 ut
1387 674 1470 712 iam

18 727 163 765 fecerat
190 735 463 766 conterraneus
496 730 580 767 eius
607 731 829 768 Marcianus
859 730 1020 781 Capella
1050 729 1097 766 cle
1115 731 1266 779 nuptiis
1284 730 1470 768 Philolo-

17 785 106 835 giae
125 786 151 825 2
172 783 241 822 illo
261 798 377 822 versu
399 787 468 837 qui
491 787 650 837 incipit:
679 786 859 823 Ammon
877 793 912 822 et
930 800 979 822 ar
980 787 1081 822 entis
1099 787 1268 836 Libyae.

125 841 192 880 83.
249 842 358 892 Virg.
385 841 492 878 Aen.
524 844 549 883 8
581 842 656 883 84:
697 842 786 886 tabi,
815 843 992 879 maxima
1025 843 1145 887 Icmo,
1175 849 1326 879 mactat
1353 856 1471 880 sacra

17 895 160 942 serens,
193 903 231 934 et
251 897 355 938 544:
385 905 537 935 mactat
552 899 678 936 laetas
701 899 748 936 de
768 913 874 936 more
894 898 1078 946 bidentes.
1113 898 1204 936 vide
1230 906 1269 936 et
1287 899 1342 936 ib.
1363 897 1392 938 4
1418 901 1471 941 57

16 959 56 990 et
80 955 105 994 6
130 955 197 994 38.
254 967 326 1004 pro
348 968 442 991 aras
462 954 589 992 codex
609 954 730 992 habet
753 957 848 992 iras.
909 956 1074 992 forsitan
1100 957 1354 1006 exscriptoris
1382 969 1472 993 me-

15 1011 164 1046 moriae
190 1017 441 1047 occurrerunt
470 1012 530 1048 illi
555 1013 711 1062 Virgilii
733 1025 870 1049 versus
891 1011 982 1048 Ecl.
1005 1014 1032 1052 2
1062 1010 1112 1051 14
1135 1019 1173 1048 et
1191 1013 1299 1048 Aen.
1326 1015 1350 1052 3
1376 1015 1471 1059 30'6,

17 1078 187 1117 quorum
203 1068 353 1117 primus
373 1064 516 1105 desinit
540 1069 667 1105 tristes
685 1067 958 1119 Amaryllidis
978 1069 1079 1113 iras,
1112 1075 1151 1106 et
1170 1069 1269 1106 alter
1292 1075 1328 1104 et
1346 1069 1474 1105 tristes

16 1122 226 1159 denuntiat
248 1124 344 1160 iras.

127 1178 194 1220 85.
250 1180 360 1230 Virg.
378 1178 485 1216 Aen.
509 1182 533 1220 3
561 1180 664 1222 359:
696 1181 768 1232 qui
797 1180 964 1218 numina
989 1179 1159 1227 Phoebi,
1190 1182 1261 1232 qai
1278 1180 1473 1231 tripodas,

3 1233 149 1279 ⁴Clarii
169 1235 316 1272 lauros.

129 1293 195 1333 87.
253 1293 396 1330 vittata
429 1292 614 1330 sacerdos
642 1292 792 1330 Lucan.
823 1297 842 1333 1
881 1292 978 1334 597.
1037 1292 1086 1330 de
1118 1307 1160 1331 re
1193 1306 1231 1331 v.
1258 1294 1476 1344 Procopius

11 1347 66 1385 -tle
83 1346 183 1385 bello
207 1348 341 1386 Vand.
363 1351 390 1389 2
415 1351 455 1389 8.

127 1407 194 1446 88.
251 1406 400 1442 Lucan.
424 1408 441 1444 1
475 1406 577 1445 617:
607 1412 727 1456 atque
747 1406 850 1441 iram
869 1417 1056 1455 superum
1081 1406 1202 1442 tantis
1221 1406 1416 1456 qnaesivit
1431 1406 1476 1443 im

18 1461 124 1497 extis.
185 1462 296 1513 Virg.
321 1461 430 1498 Aen.
463 1462 516 1501 12
549 1461 656 1502 214:
708 1460 899 1512 iugulant
927 1461 1101 1511 pecudes
1131 1468 1167 1497 et
1196 1463 1346 1499 viscera
1375 1463 1477 1499 νίνιε

18 1518 203 1568 eripiunt.

129 1575 196 1614 89.
251 1574 362 1624 Virg.
383 1572 535 1624 Georg.
564 1574 584 1613 1
614 1570 718 1615 484:
757 1571 935 1610 tristibus
963 1579 1038 1609 aut
1064 1575 1161 1610 extis
1179 1573 1316 1622 fibrae
1344 1587 1475 1624 appa-—

16 1643 99 1667 rere
123 1631 313 1675 minaces,
345 1636 382 1667 et
401 1630 508 1666 Aen.
534 1631 555 1669 1
581 1631 687 1671 645:
718 1631 833 1666 series
853 1629 1084 1680 longissima
1101 1644 1246 1667 rerum.

129 1688 197 1727 90.
254 1688 364 1738 Virg.
381 1686 490 1723 Aen.
514 1689 539 1728 6
565 1687 673 1728 2532
704 1693 741 1722 et
760 1686 890 1724 solida
908 1687 1077 1736 imponit
1097 1693 1304 1725 taurorum
1325 1688 1476 1724 viscera

12 1742 205 1792 flammis.

127 1801 196 1840 91.
252 1800 361 1850 Virg.
381 1797 489 1835 Aen.
515 1795 542 1838 4
565 1799 670 1839 6972
704 1797 910 1849 subitoque
930 1798 1265 1850 aceensaficrore.

129 1857 197 1896 92.
257 1854 306 1893 de
326 1854 401 1892 hoc
418 1855 583 1892 barbaro
602 1856 781 1906 gentium
803 1857 879 1891 ritu
893 1854 984 1892 vide
1006 1856 1166 1906 Regum
1187 1859 1212 1897 3
1238 1858 1288 1897 18
1311 1857 1376 1904 28,
1407 1856 1476 1894 ubi

0 1911 162 1963 ‘legitur
179 1911 287 1965 quod
306 1910 523 1963 prophetae
542 1912 641 1947 Baal
660 1911 893 1948 clamabant
915 1925 1004 1949 voce
1025 1926 1175 1963 magna
1195 1919 1230 1948 et
1248 1911 1477 1949 incidebant

19 1980 59 2006 ee
82 1969 194 2006 iuxta
219 1971 342 2006 ritum
367 1981 484 2005 sunm
509 1967 647 2005 cultris
680 1975 715 2005 et
744 1968 951 2014 lanceolis,
988 1969 1111 2005 donee
1138 1969 1477 2020 perfimderentnr

18 2026 224 2076 sanguine.
287 2025 421 2063 confer
446 2025 566 2062 etiam
595 2026 839 2076 expositores
865 2023 984 2062 huius
1013 2025 1109 2073 loci,
1149 2027 1273 2062 veluti
1304 2026 1421 2063 Corn.
1452 2038 1476 2063 a

3 2080 167 2133 JLapide
193 2089 230 2120 et
248 2083 351 2132 Aug.
374 2082 550 2130 Calmet,
582 2084 651 2134 qui
678 2083 812 2134 plures
841 2083 1092 2119 auctoritates
1121 2095 1173 2118 ex
1202 2082 1379 2133 profanis
1401 2095 1475 2118 au-

0 2138 187 2177 ›atui-ibus
207 2140 459 2190 potissimum
477 2145 756 2189 congesserunt
776 2151 895 2189 super
917 2136 992 2175 hoc
1014 2140 1105 2174 ritu.

128 2196 195 2236 94.
251 2197 361 2245 Virg.
388 2195 533 2245 Georg.
556 2198 580 2235 ὃ
605 2198 709 2236 221:
741 2193 969 2231 vulneribus
988 2193 1145 2231 crebris.
1179 2196 1274 2231 Hor.
1296 2195 1318 2234 1
1343 2196 1396 2235 26
1421 2196 1447 2235 8

1 2270 5 2275 ·
14 2251 222 2302 geminant
245 2250 482 2302 Corybantes
496 2264 608 2297 aera,
640 2258 678 2288 et
698 2250 837 2289 Claud.
858 2251 905 2287 de
921 2250 1020 2287 bello
1041 2251 1131 2288 Get.
1156 2263 1275 2289 carm.
1287 2254 1342 2293 26
1367 2253 1461 2292 387:

19 2313 56 2344 et
84 2308 263 2346 Trebiam
283 2321 399 2345 saevo
410 2308 679 2358 geminassent
683 2309 833 2359 fimere
854 2308 1030 2344 Cannae.

129 2365 198 2407 95.
253 2366 363 2415 Virg.
389 2365 498 2401 Aen.
529 2366 554 2405 7
587 2363 690 2404 448:
728 2372 813 2401 tum
838 2364 1039 2414 flammea
1072 2370 1257 2415 torquens
1298 2363 1470 2402 lamina.

27 2418 171 2473 Geor-g.
196 2423 222 2463 3
245 2419 350 2462 433:
382 2427 420 2457 et
426 2421 691 2471 flammantia
711 2420 866 2457 lumina
887 2427 1084 2471 torquens-

129 2479 197 2519 97.
252 2476 373 2514 rubor
391 2479 531 2528 igneus
550 2477 679 2525 inficit
694 2491 764 2514 ora
782 2479 930 2523 Lucan.
951 2478 976 2519 5
1001 2476 1094 2520 214.

75 2531 79 2540 ’
130 2534 198 2573 98.
251 2535 441 2585 Apuleius
452 2536 552 2571 Met.
568 2535 613 2574 8:
645 2535 811 2570 cervices
828 2532 991 2570 lubricis·
1004 2535 1269 2586 intorquentes
1285 2531 1474 2577 motibus,

21 2588 223 2639 crinesque
230 2590 428 2640 pendulos
443 2597 615 2628 rotantes
633 2592 676 2627 in
694 2590 902 2628 circulum.
960 2590 1074 2630 Ovid.
1094 2591 1195 2627 filet.
1221 2593 1272 2630 12
1294 2592 1396 2630 396:
1429 2602 1474 2624 ex

22 2643 196 2683 humeris
213 2646 357 2684 medios
375 2661 487 2685 coma
505 2647 795 2685 descendebat
779 2661 822 2684 ιη
840 2661 983 2684 armos.
1046 2647 1200 2684 Colum.
1224 2648 1249 2686 8
1276 2648 1325 2685 2·
1357 2644 1474 2681 iubae

23 2701 160 2739 varc'ae
195 2701 259 2738 ret
293 2715 339 2740 ex
368 2717 466 2740 auro
489 2717 566 2755 per
588 2704 693 2742 colla
724 2705 967 2762 cervicesque
997 2705 1041 2741 in
1069 2703 1250 2740 humeros
1282 2699 1467 2752 difficsue.

24 2755 131 2818 Virg-
152 2757 259 2795 Aen·
279 2760 305 2799 9
327 2759 432 2800 755.
462 2759 624 2798 humero
645 2774 693 2798 ex
711 2768 888 2812 utroque.

136 2815 228 2856 100.
284 2814 392 2865 Vin-g.
395 2815 514 2853 ..Aen
539 2815 566 2857 4
588 2819 692 2858 210:
721 2818 863 2855 inania
881 2829 1088 2854 murmura
1107 2815 1281 2852 miscent.

89 2884 217 2921 merob.
248 2889 280 2920 ct
310 2886 388 2919 Cor.
1146 2883 1201 2921 20
