1702 3060
262 114 357 158 352
672 113 855 155 NOTAE
886 111 944 154 IN
978 111 1188 154 LIBRUM
1219 112 1262 155 H

261 235 450 275 perquam
468 220 641 271 apposita
673 225 744 255 est.
802 231 824 256 a
847 219 1059 256 Iustiniano
1091 219 1236 256 etenim
1266 219 1432 256 obeunte
1462 226 1680 270 surrogatur

263 280 423 328 imperio
451 276 620 312 Iustinus
634 302 644 320 ,
686 281 727 310 ut
754 275 932 323 novellus
963 273 1140 324 phoenix
1164 288 1185 310 e
1213 275 1321 311 senio
1351 275 1517 312 confecti
1538 276 1679 328 cinere,

264 334 411 369 ultimis
437 331 611 380 reliquiis
625 357 635 376 ‚
675 330 908 376 renascitur,
945 331 1000 366 sic
1017 330 1085 366 ille
1109 342 1160 366 ex
1178 330 1338 366 consilio
1357 330 1438 367 sive
1454 331 1593 366 ultima
1612 343 1678 369 ve.-

265 389 408 423 iuntate
428 387 508 421 iam
529 391 629 421 terra
649 383 834 422 cedentis.
866 386 1028 422 ΒΛΜἫ.
1059 385 1196 421 malim
1212 383 1474 434 distinguere:
1504 382 1690 434 sanctur,-

262 443 316 478 xic
334 442 433 477 Iota.
493 441 621 476 Foco.

318 530 323 535 ,
372 494 466 536 355.
521 501 668 531 rectum
685 507 827 532 nomen
845 508 1013 545 congrue
1031 493 1144 531 dicit:
1184 506 1236 531 ex
1256 494 1435 532 omnibus
1453 495 1559 531 enim
1577 494 1679 545 litte·¹

263 553 314 587 ris
335 551 422 587 Iota
448 550 576 587 soltun
605 557 775 586 erectum
803 556 840 586 et
865 552 974 587 nullo
1002 551 1079 587 nisi
1101 562 1171 586 suo
1191 548 1292 600 pede
1311 551 1441 586 nisum
1462 557 1532 597 est,
1563 556 1601 586 et
1624 555 1679 587 r&

263 613 366 642 ctum
384 606 465 642 sive
483 606 673 641 iustitiam
690 612 887 655 praeterea
910 612 1032 643 notat.
1069 604 1167 642 haec
1185 605 1278 642 talia
1299 605 1463 654 Corippo
1483 605 1679 654 ingenium

262 674 340 697 non
359 659 528 697 defuisse
548 659 699 707 docent,
733 667 770 697 et
789 673 912 710 genus
935 659 1090 697 dicendi
1111 673 1190 697 non
1208 666 1266 697 est
1286 658 1383 696 adeo
1406 667 1531 710 turpe,
1561 660 1678 711 siqui-

263 715 354 752 dem
376 728 465 751 cum
483 714 658 751 eiusdem
677 717 763 752 aevi
785 717 870 752 aliis
891 728 1121 765 componere
1139 716 1321 752 volueris.
1359 716 1521 752 BAR‘rn.

372 769 425 806 ib.
485 771 726 806 Alemannus
749 772 790 806 in
812 783 894 820 cap.
914 766 939 811 6
969 771 1070 807 Hist.
1089 772 1262 806 Arcanae
1289 768 1381 806 hinc
1407 770 1556 819 colligit
1581 767 1678 821 quod

261 825 495 862 lastinianus
520 827 761 862 consueverit
777 838 921 862 nomen
946 837 1061 862 suum
1088 825 1202 861 unica
1227 825 1355 861 littera
1383 825 1412 862 I
1429 831 1579 862 notare.
1637 836 1679 860 an
1699 855 1702 858 .

263 881 355 917 satis
376 880 627 930 probabiliter
646 881 821 927 senserit,
850 893 930 916 non
951 879 1095 916 iudico.
1152 881 1281 916 Foco.
1693 923 1699 926 η

374 935 468 974 356.
526 933 729 970 sciendum
747 936 788 969 in
810 946 904 970 voce
922 935 1169 970 lastinianus
1186 934 1378 969 Graecum
1394 939 1596 970 accentum
1613 945 1678 969 na·
1700 981 1702 984 ι

264 998 372 1026 turae
389 990 494 1025 vocis
511 1001 747 1038 praeponere
767 989 950 1038 exemplo
971 989 1057 1024 aevi
1079 988 1139 1024 sui
1159 989 1370 1038 Corippum
1388 994 1578 1025 nostrum.
1634 987 1677 1025 si«

263 1047 303 1080 iu
329 1045 607 1093 epigrammate
626 1042 832 1080 Pandectis
853 1042 1049 1092 praefixo:
1080 1043 1230 1093 βίβλον.
1285 1044 1449 1079 BAn‘rn.

374 1099 467 1138 358.
524 1100 659 1134 vincas
678 1098 847 1148 Izi-stine]
876 1104 969 1134 nota
992 1098 1139 1134 faustas
1160 1098 1456 1134 acclamationes
1477 1096 1677 1147 imperato-

265 1154 369 1190 ribus
385 1153 468 1189 fieri
487 1154 635 1189 solitas.
691 1154 747 1189 sic
768 1153 869 1189 infra
889 1155 916 1192 2
937 1154 1014 1193 168
1040 1159 1077 1189 et
1095 1165 1131 1189 v.
1157 1154 1252 1192 308.
1308 1153 1386 1189 tale
1411 1158 1470 1189 est
1493 1151 1591 1189 illud
1618 1165 1677 1190 vo-

265 1216 369 1245 tum:
400 1207 447 1244 de
464 1209 603 1243 nostris
620 1209 736 1244 annis
754 1207 826 1244 tibi
843 1208 1020 1256 Iuppiter
1040 1213 1184 1257 augeat
1204 1220 1345 1252 annos,
1386 1208 1493 1244 cuius
1509 1208 1676 1244 memini*

264 1263 532 1299 Tertullianus
550 1263 817 1312 Apologetico.
857 1263 1037 1312 exempla
1055 1263 1223 1312 plurima
1243 1262 1562 1299 acclamationum
1585 1263 1676 1299 eius·
1697 1287 1699 1289 -

265 1317 373 1354 modi
399 1316 648 1367 suppeditant
675 1316 860 1355 historiae
876 1318 1073 1366 Augustae
1098 1318 1324 1366 scriptores,
1338 1328 1340 1331 ’
1354 1329 1451 1368 quos
1470 1316 1673 1354 incredibil
1695 1346 1702 1351 .

267 1372 469 1421 diligentia
503 1371 811 1425 dexteritateque
851 1373 1062 1410 illustratos
1096 1370 1203 1409 dedit
1234 1374 1388 1410 Isaacus
1407 1395 1409 1398 <
1425 1373 1674 1411 casaubonus

265 1429 386 1465 ΒΗΤ.

375 1485 468 1523 561.
526 1482 732 1534 elementa]
780 1485 903 1522 multa
941 1485 1059 1522 etiam
1098 1483 1146 1521 de
1185 1483 1377 1520 famulatu
1411 1483 1676 1519 elementorun
1695 1503 1702 1520 ·,

266 1538 526 1588 principibus,
557 1538 608 1574 ad
627 1539 727 1575 illud
750 1538 797 1576 de
815 1542 839 1579 3
860 1541 1022 1576 Honorii
1046 1539 1269 1576 consulatu:
1300 1539 1367 1577 cui
1391 1538 1536 1574 militat
1562 1537 1676 1574 aetha-
1700 1553 1702 1558 ·

267 1601 304 1628 et
320 1594 513 1629 coniurati
529 1595 690 1630 ven-iant
707 1595 765 1631 ad
780 1594 946 1630 classica
963 1595 1078 1630 venti.
1138 1594 1234 1630 Stat.
1255 1593 1352 1630 Silv.
1373 1591 1400 1632 4
1427 1596 1464 1632 l.
1506 1595 1622 1629 Ianus
1641 1604 1675 1628 a(
1694 1602 1702 1614 '⁴

267 1649 553 1685 Domitianum:
585 1649 671 1698 ipsa
687 1663 794 1685 meae
810 1656 965 1698 tepeant
979 1647 1051 1684 tihi
1066 1648 1195 1685 sidera
1214 1647 1386 1684 brumae.
1423 1648 1608 1684 Dnnn’sr.

377 1702 469 1743 364.
527 1705 624 1752 quin
643 1706 759 1740 etiam
778 1706 999 1741 exanimum
1015 1704 1202 1754 gaudere.
1263 1704 1317 1740 sic
1339 1701 1577 1752 explendam
1590 1701 1676 1739 han·
1696 1719 1702 1735 ,-

266 1759 447 1794 lacunam
474 1759 619 1807 putavi.
649 1760 770 1796 Rrrr.
824 1761 1006 1796 lacunam
1035 1757 1294 1809 supplendam
1321 1770 1405 1795 esse
1431 1770 1526 1794 voce
1558 1758 1675 1797 exani

268 1826 375 1848 mum
394 1812 531 1848 suadet
552 1815 726 1862 superior
744 1827 782 1850 v.
802 1815 894 1854 249.
952 1815 1081 1851 FOGG.

378 1865 430 1903 ib.
490 1865 554 1903 hic
575 1868 715 1904 lacuna
734 1876 828 1904 erat.
859 1869 1037 1918 supplevi
1055 1867 1130 1904 hoc
1146 1874 1273 1917 pacto,
1293 1867 1501 1904 manifesta
1519 1867 1667 1904 ratione

268 1923 397 1971 ipsum
415 1923 627 1972 quinetiam
636 1923 777 1973 fitne-ti
792 1923 966 1973 gaudere
976 1930 1151 1972 putare-5.
1212 1923 1396 1959 Dmarsr.

377 1977 471 2017 365.
527 1978 569 2013 in
591 1978 772 2027 angelica
790 1985 984 2015 mutatum
1003 1984 1122 2014 morte
1127 1977 1291 2028 figura]
1321 1977 1458 2014 malim
1474 1978 1515 2013 in
1539 1976 1673 2027 angeli
1699 2020 1702 2024 η

268 2044 356 2068 cam
369 2031 558 2081 figuram.
609 2034 729 2070 Rrrr.
1700 2036 1702 2041 ’

378 2088 471 2126 366.
521 2089 719 2140 posuisse]
742 2089 878 2125 malim
897 2089 1132 2138 imposuisse.
1192 2088 1315 2124 Rrrr.
1510 2126 1513 2129 ,

379 2142 500 2178 me
520 2145 547 2182 2
576 2155 614 2179 v.
638 2144 674 2182 1.
731 2144 945 2180 Persimilis
977 2150 1034 2180 est
1062 2144 1122 2180 illi
1151 2143 1218 2194 qui
1242 2148 1368 2179 exstat
1390 2139 1495 2191 apud
1516 2140 1673 2178 Dracon·
1698 2162 1702 2168 ·

267 2197 367 2231 tium
386 2197 650 2236 Hexaemero:
691 2199 823 2235 rosida
846 2211 1092 2248 purpureum
1121 2211 1310 2249 spargens
1331 2196 1494 2234 Aurora
1515 2194 1674 2232 rubore„
1696 2207 1702 2228 :

268 2250 376 2286 ducit
392 2250 535 2302 ubique
549 2252 662 2289 diem.
722 2255 884 2291 BARTH.
1698 2294 1702 2300 ι

379 2307 419 2344 2.
475 2306 674 2358 dominus]
705 2310 761 2345 sic
788 2310 913 2346 vocati
937 2309 1202 2359 imperatores,
1232 2319 1454 2359 quanquam
1471 2307 1597 2357 primo
1616 2319 1673 2343 no
1695 2301 1702 2331 -’

269 2372 361 2395 men
378 2359 478 2396 illud
498 2363 667 2400 invisum
685 2365 860 2400 reiecerit
878 2371 966 2414 post
984 2366 1204 2414 Augustum
1221 2362 1415 2409 Tiberius,
1448 2369 1485 2398 et
1498 2362 1672 2406 Domitia·

271 2427 344 2451 nus
363 2413 479 2452 modo
501 2415 674 2454 delatum
692 2418 939 2469 cupidissime
963 2420 1159 2469 exceperit
1176 2415 1292 2454 modo
1312 2419 1557 2454 recusaverit.
1611 2418 1673 2453 Pa·

269 2470 352 2519 pin.
374 2470 443 2506 lib.
467 2471 490 2508 1
511 2471 608 2508 Silv.
631 2474 725 2509 ult.:
765 2481 801 2509 et
816 2474 925 2511 dulci
943 2474 1141 2511 dominum
1143 2472 1289 2522 favore
1307 2472 1504 2509 clamant.-
1533 2472 1605 2508 hoc
1625 2483 1673 2508 εο-

272 2524 355 2560 lum
372 2525 493 2561 vetuit
509 2525 622 2562 licere
645 2528 799 2565 Caesar.
858 2530 982 2566 multa
1001 2528 1051 2565 ad
1068 2525 1295 2578 Symmachi
1309 2528 1491 2578 epistolas
1511 2527 1670 2564 observa
1698 2558 1702 2563 ⁴

272 2579 357 2615 loca
381 2580 440 2616 vir
466 2580 636 2618 eruditus
660 2583 723 2618 Fr.
745 2585 908 2620 Iuretus.
965 2581 1201 2620 Claudianus
1225 2594 1355 2634 saepe.
1411 2595 1534 2620 unum
1557 2582 1672 2618 locun

273 2634 457 2682 referam,
493 2638 560 2687 qui
579 2643 666 2687 eget
685 2639 916 2675 correctione
930 2667 940 2686 ‚
978 2639 1020 2674 in
1041 2638 1207 2675 Praefat.
1230 2636 1281 2674 ad
1300 2637 1370 2674 lib.
1390 2640 1418 2678 2
1438 2638 1482 2674 in
1499 2638 1657 2686 Eutrop-

273 2689 476 2727 indomc'tos
499 2704 637 2728 vanas«
650 2692 759 2743 luget
786 2691 911 2732 abisse
941 2694 1082 2730 minas.
1142 2691 1405 2744 reponendum
1429 2693 1472 2730 in
1495 2692 1671 2735 domimo,
