1702 3060
293 131 385 177 172
676 136 902 187 ¹CORIPPI
934 133 1007 179 DE
1040 137 1308 184 LAUDIBUS
1334 152 1339 155 ⁴

396 240 569 278 cinxerat
592 248 707 293 atque
727 244 843 280 armis
861 250 983 281 totam
1002 246 1229 286 caelestibus
1252 250 1410 289 aulam?

394 310 524 343 omnia
545 308 752 358 disponens
767 338 776 356 ‚
805 313 972 348 munivit
989 313 1173 363 providus
1197 325 1326 353 arcem

393 372 595 420 Tiberius,
627 373 775 411 domini
789 389 943 427 semper
961 381 1022 415 cui
1043 383 1215 418 maxima
1240 396 1331 420 cura

390 439 567 476 utilitatis
588 447 693 478 erat:
723 455 891 494 namque
912 446 1026 483 illum
1044 449 1242 484 maximus
1263 449 1366 486 orbis

279 501 360 542 215
391 507 605 542 communis
627 507 848 546 benefactor
865 511 972 548 alens
992 518 1029 547 et
1049 513 1096 548 ab
1116 514 1232 550 ubere
1249 517 1384 552 matris

391 571 604 621 suscipiens
623 575 757 623 primis
777 588 942 626 puerum
964 580 1152 629 praelegit
1173 581 1220 617 ab
1238 584 1362 629 annis,

388 643 508 693 utque
523 646 633 688 pater
650 643 824 689 genitum
843 645 1002 681 nutrivit
1018 674 1027 691 ‚
1056 646 1155 683 fovit
1167 676 1176 694 ‚
1206 650 1363 694 amavit,

387 702 653 756 paulatimque
675 709 802 745 virum
818 723 969 747 summa
987 713 1027 747 in
1048 713 1204 762 fastigia
1225 712 1351 750 duxit.

390 766 483 805 hinc
505 773 621 807 etiam
638 773 790 811 iuvenis
807 781 887 811 tota
906 778 1045 814 virtute
1061 779 1241 816 laborans

279 833 362 874 220
388 848 457 884 pro
477 850 605 874 rerum
624 837 791 876 dominis
814 843 985 879 animam
1004 846 1201 895 vitamque
1218 842 1372 895 periclis

389 913 467 938 non
488 902 637 941 dubitat
655 907 839 955 praebere
858 921 988 957 suam,
1024 912 1256 962 vigilatque,
1285 911 1482 961 fidemque

388 966 567 1017 exhibet,
599 979 636 1008 et
655 985 852 1010 summum
869 978 1010 1013 meruit
1033 976 1266 1015 dominantis
1288 990 1476 1014 amorem.

385 1031 451 1070 hic
472 1036 570 1074 bene
594 1042 761 1090 suscepti
782 1041 994 1090 primordia
1009 1056 1192 1094 prospera
1212 1045 1324 1093 regni

387 1099 551 1140 discreta
570 1108 716 1143 ratione
740 1120 880 1144 vocans
898 1122 1125 1159 properare,
1153 1109 1288 1148 fideles

274 1164 355 1205 225
384 1170 546 1217 urgebat
568 1172 736 1210 famulos
754 1181 791 1210 et
811 1182 945 1211 cuncta
963 1189 1097 1225 parare
1119 1177 1292 1214 iubebat.

440 1237 585 1274 Aurato
605 1240 752 1276 interea
772 1254 909 1291 corpus
929 1243 1094 1278 sublime
1115 1244 1256 1280 feretro

381 1300 631 1353 hnpositum‚
661 1307 773 1343 turba
794 1308 1032 1344 famulorum
1052 1310 1167 1345 flente
1180 1338 1190 1356 ,
1219 1310 1394 1358 iacebat3

382 1375 420 1404 et
439 1370 601 1407 flentum
620 1373 790 1410 lacrimis
805 1374 928 1410 iustus
947 1373 1057 1411 dolor
1074 1388 1139 1411 ora
1155 1377 1319 1425 rigabat.

379 1436 493 1472 arbor
511 1439 566 1473 uti
584 1438 747 1486 mediis,
778 1440 913 1476 avibus
934 1442 1151 1489 gratissima
1163 1470 1172 1488 ‚
1201 1443 1348 1492 campis

267 1502 349 1541 230
378 1505 490 1540 annis
510 1503 610 1540 victa
631 1504 772 1541 cadens
794 1507 999 1557 antiquum
1018 1507 1134 1543 robur
1153 1510 1285 1558 opacis

375 1577 503 1606 servat
520 1569 647 1607 adhuc
663 1572 788 1619 foliis,
821 1579 859 1608 et
879 1585 1037 1621 corpore
1056 1572 1143 1609 fusa
1161 1575 1300 1624 supino

377 1635 562 1685 languida
583 1650 654 1686 per
675 1639 773 1675 latas
797 1638 985 1688 expandit
1006 1638 1164 1675 brachia
1181 1647 1325 1678 terras:

378 1709 417 1738 at
438 1705 582 1739 circum
599 1706 783 1754 querulae
802 1706 1041 1756 volitantque
1061 1705 1274 1757 sedentque
1294 1708 1483 1757 volucres,

377 1777 672 1820 maerentesque
691 1770 822 1807 dolent
837 1770 970 1807 sedem
988 1771 1171 1808 cecidisse
1187 1774 1369 1822 priorem,

268 1832 348 1873 235
379 1842 416 1871 et
437 1835 656 1886 qniaerenda
675 1839 785 1874 novis
808 1838 920 1873 arbor
940 1839 1067 1887 placet
1085 1840 1205 1874 altera
1227 1838 1354 1877 nidis:

378 1904 433 1939 sic
451 1915 632 1952 suprema
653 1916 745 1939 suae
765 1916 922 1940 servans
941 1905 1106 1953 iusignia
1128 1906 1230 1941 vitae

376 1970 611 2006 Iustinianus
631 1975 734 2015 erat,
763 1982 842 2006 non
861 1976 1016 2006 mutans
1038 1978 1160 2007 morte
1182 1972 1366 2020 colorem,

375 2034 445 2071 sed
465 2036 578 2071 solito
601 2034 765 2072 candore
783 2038 925 2073 nitens.
983 2036 1088 2087 quod
1106 2039 1240 2074 vicerit
1261 2039 1409 2088 orbem,

373 2114 477 2138 mors
494 2101 714 2138 veneranda
733 2104 805 2138 viri
824 2104 944 2152 signis
961 2107 1189 2141 monstravit
1209 2108 1367 2155 apertis.

261 2165 343 2208 240
370 2168 455 2217 ipse
474 2167 679 2204 videbatur
696 2171 841 2206 cunctis
858 2171 1132 2219 plangentibus
1152 2184 1253 2208 unus

372 2235 500 2284 effigie
517 2235 686 2285 gaudere
705 2238 770 2286 pia
783 2265 792 2283 ‚
824 2235 1041 2272 diademate
1057 2245 1232 2287 comptus

367 2313 638 2353 purpureaque
659 2305 700 2339 in
718 2310 824 2340 veste
843 2304 972 2340 iacens
986 2332 995 2350 ,
1024 2305 1263 2354 requiescere
1284 2317 1420 2342 somno

371 2367 526 2404 credere
552 2368 657 2419 quod
678 2371 821 2419 possis,
851 2383 929 2406 nou
953 2369 1046 2406 duro
1063 2371 1221 2418 funere,
1252 2383 1403 2420 corpus.

369 2431 476 2470 haud
488 2463 497 2480 ,
523 2448 625 2487 reor,
655 2438 848 2472 immerito
868 2438 923 2472 sic
946 2437 1070 2473 laetus
1089 2443 1125 2473 et
1143 2449 1207 2472 ore
1226 2437 1416 2486 benignus

259 2498 339 2541 245
368 2502 435 2537 ille
456 2502 554 2538 foret
569 2504 760 2549 moriens,
790 2504 865 2538 nisi
884 2515 996 2539 mens
1014 2503 1087 2539 sibi
1111 2504 1261 2539 conscia
1282 2504 1376 2539 recti

369 2569 410 2606 in
431 2569 582 2605 caelum
600 2581 809 2618 properans
827 2581 980 2605 securos
1002 2569 1194 2618 linqueret
1213 2575 1316 2606 artus

373 2643 411 2673 et
432 2643 559 2672 tutum
577 2636 783 2685 imperium
802 2635 951 2670 firmato
969 2633 1111 2671 herede
1128 2635 1286 2672 locaret.

427 2706 514 2740 Huc
532 2702 600 2738 ubi
619 2703 892 2750 magnanimus
915 2714 1021 2739 sacra
1041 2714 1130 2739 cum
1152 2702 1314 2752 coniuge
1332 2703 1450 2751 venit,
