1702 3060
424 62 633 108 IUSTINI
664 63 904 106 MINORJS
938 63 1043 107 LIB.
1076 65 1130 107 11.

159 185 283 225 regna
302 171 400 211 deus
420 186 588 225 regnum
604 174 719 212 nobis
740 174 933 212 concessit
950 175 1114 221 avitum,

54 241 134 285 180
162 247 200 278 et
216 243 388 292 patrium
410 240 593 279 diadema
615 240 748 290 dedit,
777 255 968 293 curasque
990 239 1154 291 regendi

52 578 129 621 185

159 310 349 360 imposuit
370 322 501 346 rerum
517 310 690 360 genitor,
722 308 820 360 quas
841 310 927 359 ipse
945 310 1104 346 creavit.

161 375 370 414 laudamus
386 378 543 414 factoris
561 389 658 427 opus
669 405 680 424 ,
711 388 924 427 regemque
940 375 1193 413 tremendum

159 445 416 494 suspicimu53
446 451 576 495 grates
595 445 768 494 agimus,
799 449 1008 494 gratesque
1029 444 1213 481 fatemur.

161 512 284 562 ipsius
303 517 361 553 est
379 510 641 563 quodcunque
662 523 818 559 sumus,
849 511 999 548 ratione
1018 511 1223 562 probante,

159 585 198 616 et
216 592 348 616 rerum
366 585 489 616 certas

114 650 120 653 '
159 647 340 698 pluribus
357 659 409 684 ex
425 647 614 684 membris
635 647 783 683 animal
802 647 1050 698 componitur
1068 658 1206 693 unum,

49 920 128 962 190

45 1258 124 1302 195

39 1598 122 1637 200

36 1933 117 1978 205

35 2273 116 2314 210

34 2607 115 2649 215

159 713 231 753 sed
249 720 365 765 caput
386 721 444 751 est
465 712 572 766 quod.
588 714 766 751 membra
785 715 907 764 regit:
940 714 1036 751 deus
1056 728 1148 764 ergo
1167 721 1317 753 creator

158 795 398 833 componens
418 779 623 818 hominem
640 789 804 819 naturae
827 780 987 819 foedere
1008 783 1122 819 iussit

159 850 343 889 omnibus
359 855 403 886 ut
420 849 611 887 membris
629 856 745 900 caput
761 851 951 901 imperet3
981 856 1102 902 utque
1123 855 1321 900 regantur,

158 920 364 956 coniuncta
384 923 443 954 est
464 918 582 968 capiti
600 919 792 968 sapientia
804 947 814 966 ‚
845 919 1018 968 corporis
1037 931 1167 954 arcem

157 999 259 1039 quae
279 986 450 1022 retinens
470 985 595 1022 oculis
612 985 838 1035 speculetur
853 985 1031 1022 membra
1053 985 1214 1033 serenis,

156 1061 196 1092 et
215 1065 467 1105 quoscunque
486 1050 593 1088 videt
609 1052 790 1103 vigilanti
806 1053 959 1090 lumine
978 1053 1117 1091 sollers

155 1127 265 1174 peste
285 1121 510 1157 laborantes
527 1119 694 1157 subiecti
714 1122 886 1172 corporis
903 1128 1009 1159 artus

156 1195 290 1237 sanet,
320 1194 358 1225 et
376 1188 542 1225 infestos
562 1189 685 1238 pellat
700 1188 964 1225 medicamine
983 1187 1154 1225 morbos.

153 1259 375 1295 Romanum
392 1257 603 1306 imperium
619 1269 758 1307 corpus
781 1257 880 1293 bene
900 1258 1060 1307 ponitur
1078 1268 1203 1293 lunum

154 1325 413 1376 compositum
430 1324 588 1372 multis⁷
619 1323 727 1375 quod
747 1324 807 1361 fas
826 1331 884 1362 est
904 1323 1032 1360 dicere
1045 1352 1058 1372 ,
1086 1323 1289 1359 membris.

153 1405 225 1430 nos
241 1404 377 1429 sumus
395 1404 487 1440 ergo
512 1397 628 1441 caput
649 1390 808 1428 solidati
832 1392 1003 1442 corporis
1022 1389 1162 1428 huius:

151 1458 246 1498 huic
269 1471 378 1496 sacro
401 1459 519 1509 capiti
537 1459 640 1495 facta
662 1465 720 1496 est
739 1459 941 1510 SapientIa
962 1471 1132 1506 consors,

153 1540 254 1580 quae
272 1525 373 1563 mihi
390 1527 646 1564 cclmnissum
665 1528 812 1577 pariter
829 1533 940 1576 regat
958 1527 1094 1563 inclita
1113 1524 1310 1562 mundum

152 1594 291 1647 [sede]
321 1593 464 1632 sedens
481 1607 572 1631 una.
629 1607 700 1632 vos
721 1608 743 1632 ο
760 1593 863 1631 mihi
881 1596 1066 1646 proxima
1083 1594 1274 1640 membru,

151 1663 361 1713 conscripti
375 1668 527 1713 patres,
557 1663 683 1700 nostri
703 1675 792 1714 spes
812 1663 989 1699 maxima
1008 1663 1134 1713 regni,

149 1743 220 1768 vos
242 1731 334 1767 estis
355 1737 513 1780 pectus,
543 1743 612 1767 vos
631 1729 792 1767 brachia
810 1731 966 1768 verticis
986 1729 1129 1779 huius;

150 1811 318 1851 quorum
339 1798 512 1835 consiliis
531 1811 778 1850 quorumque
798 1798 999 1836 laboribus
1017 1811 1090 1835 usa

148 1867 306 1919 publica
325 1879 387 1908 res
407 1865 559 1903 domuit
576 1872 715 1916 gentes
733 1873 772 1903 et
790 1878 912 1916 regna
933 1866 1103 1917 subegit.

149 1946 303 1972 summa
322 1932 585 1984 regendarum
607 1946 698 1971 cura
721 1939 779 1971 est
799 1931 900 1970 mihi
924 1932 1072 1971 credita
1095 1947 1225 1970 rerum
1239 1945 1251 1969 :

146 2008 187 2039 at
204 2002 296 2052 quia
317 2002 537 2039 subiectum
556 2008 736 2038 nostrum
753 2007 811 2038 est
832 1999 1040 2052 disponere
1061 2000 1271 2049 mundum,

146 2082 218 2107 nos
235 2070 354 2106 etiam
371 2069 483 2107 vobis
503 2082 614 2107 curas
633 2070 913 2106 committimus
931 2069 1051 2107 orbis.

145 2136 397 2188 adloquimur
416 2135 536 2185 fidos,
568 2143 607 2174 et
624 2151 694 2175 vos
715 2136 791 2174 hac
812 2150 908 2175 voce
930 2149 1155 2174 monemus.

145 2205 188 2242 in
209 2205 347 2255 primis
366 2202 464 2242 deus
483 2211 542 2241 est
560 2211 642 2242 tota
661 2206 804 2242 virtute
825 2202 1027 2252 colendus,

144 2285 301 2323 semper
321 2270 544 2309 adorandus
555 2302 565 2321 ,
598 2286 755 2323 semper
771 2270 1010 2309 metuendus
1025 2269 1231 2318 amandus,

146 2341 279 2378 mmlia
300 2340 368 2391 qui
386 2339 480 2376 fecit
500 2338 656 2389 pulchri
674 2341 865 2377 miracula
890 2337 1045 2377 mundi.

144 2421 216 2446 nos
234 2409 450 2445 imitatores
468 2408 627 2446 factoris
650 2415 688 2445 et
708 2409 841 2445 omnia
863 2406 1007 2455 dantis,
1027 2452 1031 2456 Α

147 2475 188 2511 in
207 2482 398 2526 quantum
418 2482 556 2512 natura
579 2476 707 2523 valet,
737 2474 1010 2513 contendimus
1029 2485 1136 2521 esse3

147 2547 266 2592 utque
287 2541 383 2581 deus
403 2544 547 2592 voluit,
577 2544 744 2595 propriis
769 2549 885 2594 caput
903 2544 1055 2594 impero
1074 2541 1279 2578 membris.

146 2609 334 2646 iustitiam
353 2611 509 2662 populis
525 2612 760 2662 generaliter
778 2610 960 2648 onmibus
975 2621 1143 2662 aequam

149 2682 188 2712 et
208 2677 302 2715 iuris
324 2685 474 2716 servate
491 2679 644 2718 modos.
703 2678 897 2730 disponite
917 2678 1066 2730 plebes,

1410 65 1499 110 181
