1702 3060
371 107 430 152 IN
463 107 814 157 IOHANNIDOS
845 108 911 154 lv
942 109 1144 154 NOTAE.
1382 99 1491 155 '255

28 225 193 270 sag-apter
210 218 348 259 electos
367 217 651 260 breviabuntur
669 219 752 259 dies
769 219 846 258 illi.
906 221 1030 258 Marc.
1053 220 1105 261 13
1133 221 1210 262 2Οὲ
1240 226 1276 257 et
1299 220 1380 257 nisi
1404 219 1491 258 bre-

30 276 180 326 :flasset
203 275 386 314 dominus
410 276 510 322 dies,
539 290 619 314 rwn
639 276 790 328 ficisset
814 276 930 314 salva
957 277 1084 314 omnis
1110 289 1218 313 caro:
1247 276 1318 314 sed
1327 285 1491 328 propter

33 328 190 380 aheim,
219 346 317 385 quos
350 332 485 384 elegit,
515 331 707 370 breviavit
729 333 824 371 dies.
886 333 1078 384 Corippus
1106 334 1236 370 innuit
1252 331 1327 372 hic
1355 333 1490 373 brevi-

23 392 158 431 *maun
190 391 302 441 regni
333 387 571 438 Guntarioh‚
603 388 652 427 de
678 402 757 442 quo
790 390 845 426 ait
870 391 1086 441 Procopius
1110 389 1159 426 de
1177 389 1278 427 bello
1304 390 1436 428 Vand.
1461 395 1490 434 2

29 447 95 540 ἓίὅ
119 453 163 487 et
184 447 351 486 Victor
340 459 384 484 m
415 445 605 485 Chronico
632 445 684 484 ad
704 458 854 484 annum
870 445 972 495 546,
1006 444 1242 498 perdurasse
1261 453 1417 489 tantum
1436 449 1491 511 36

77 515 135 541 es.

144 571 242 613 232.
299 566 512 621 Procopius
544 568 755 607 Athanasii
793 570 1026 618 consilium,
1071 567 1181 622 quod
1203 577 1397 608 memorat
1423 568 1490 609 hic

24 630 171 679 poeta,
208 639 289 664 non
319 628 462 664 innuit.
518 624 638 664 huius
662 628 738 664 viri
764 633 899 664 tamen
926 628 1076 678 pluries
1107 627 1354 664 mentionem
1379 627 1488 677 facit,

34 683 184 722 scilicet
204 682 255 720 de
273 682 379 724 bello·
399 682 518 721 Goth.
544 686 566 724 1
599 685 645 732 6,
674 683 744 720 ubi
773 695 867 720 eum
886 682 982 720 dicit
988 684 1166 734 fratrem
1182 683 1413 720 Alexandri
1429 698 1490 722 se·-

27 740 185 780 natoris
210 746 257 776 et·
270 738 446 791 legatmn
475 741 682 778 Iustiniani
707 738 758 777 ad
781 739 1040 777 Theodatum
1059 740 1197 776 Italiae
1216 752 1374 790 regemr,
1406 747 1444 778 et
1463 743 1491 782 2

26 798 111 846 22,
139 797 182 833 in
210 808 288 848 quo
313 803 447 834 narrat
473 795 681 834 dimissum
701 797 824 834 fuisse
854 809 877 834 a
905 797 1044 846 Vittigi
1067 802 1106 832 et
1129 803 1313 833 ornatum
1331 797 1491 847 praefe-

23 859 142 890 σωκ
164 854 351 904 praetorii
375 853 535 901 Italiae3
566 860 605 890 et
634 867 667 890 c.
687 856 755 895 29.
812 853 915 890 libro
937 859 1071 890 autem
1091 853 1116 892 3
1139 864 1173 888 c.
1193 855 1248 893 32
1265 859 1380 890 vocat
1398 866 1491 890 eum

22 909 194 948 meontfi
221 922 414 947 socerum.
474 908 619 947 deinde
646 910 743 956 fuit,
774 916 819 946 ut
847 909 994 959 legitur
1020 909 1068 946 de
1088 907 1188 944 hello
1213 908 1346 946 Vand.
1369 913 1396 951 2
1421 909 1490 958 24,

32 965 84 1005 ad
105 966 396 1017 praefecturam
419 966 577 1004 Africae
598 965 836 1014 translatus,
865 965 936 1002 ubi
962 963 1180 1002 Guntarich
1199 971 1369 1016 tyranno
1389 965 1492 1003 adu-

22 1023 136 1060 *latus
166 1028 249 1071 est3
278 1023 327 1060 ab
355 1035 482 1075 eoque
507 1023 589 1061 vita
618 1020 809 1070 donatus,
843 1034 934 1058 cum
959 1022 1048 1073 ipso
1073 1021 1255 1072 epulatus
1276 1028 1336 1059 est
1354 1022 1398 1059 in
1416 1035 1492 1060 ex-

31 1085 159 1116 trema
177 1079 286 1116 illius
305 1091 425 1127 cena,
453 1085 499 1116 ut
514 1077 738 1117 videbimus
756 1078 874 1116 infra.

141 1145 238 1187 242.
294 1143 550 1182 Marcellinus
570 1145 712 1183 Comes
732 1158 774 1196 p.
791 1145 878 1186 75
866 1158 910 1182 m
937 1145 1127 1184 Chronico
1154 1143 1206 1182 ad
1234 1157 1328 1182 ann.
1347 1143 1494 1184 Christi

19 1201 115 1250 ,547
141 1200 243 1239 haec
273 1203 452 1253 scripsit:
494 1201 588 1239 Ind.
619 1203 670 1242 10
696 1203 749 1238 Ρ.
783 1201 828 1238 C'.
858 1200 1013 1237 Basilii
1036 1203 1074 1242 6.
1138 1202 1270 1238 eodem
1307 1216 1412 1239 anno
1446 1203 1494 1240 de

31 1258 183 1311 Africa
211 1259 339 1309 neptis
358 1259 612 1309 'imperatoris
639 1258 848 1295 revertitur
871 1257 1016 1302 vidua,
1052 1257 1178 1293 occiso
1202 1256 1439 1294 Areobinda
1467 1274 1495 1297 a

37 1315 263 1354 Gunthario
290 1322 476 1366 tyranno,
513 1316 584 1366 qui
611 1327 703 1350 cum
733 1314 869 1351 Stotza
895 1314 1046 1350 iuniore
1071 1319 1250 1349 tractans
1275 1326 1363 1350 eum
1388 1315 1494 1351 occi—

18 1371 157 1410 ·derat.
218 1371 292 1408 sed
304 1369 536 1408 Artabanes
564 1378 748 1422 utrosque
771 1369 1066 1420 comprehensos
1091 1368 1365 1406 Guntlzarium
1388 1373 1494 1408 occi—

19 1428 111 1475 dit,
148 1427 368 1466 Iohannem
407 1427 513 1464 idem
552 1428 729 1464 Stotzam
762 1428 957 1463 iuniorem
987 1427 1166 1463 vinetum
1194 1427 1414 1464 transmisit
1438 1428 1498 1466 ad

26 1486 264 1537 principem.
324 1484 458 1521 Victor
492 1484 747 1521 Tunonensis
778 1483 821 1519 in
860 1482 1050 1519 Chronico
1085 1480 1198 1518 haec·
1214 1482 1356 1520 refert:
1397 1484 1497 1522 Post

38 1542 83 1580 C.
108 1540 261 1578 Boeitii
279 1539 304 1581 5
331 1539 375 1577 C.
399 1553 505 1576 anno
522 1542 548 1581 6
579 1538 700 1592 (chr.
721 1537 830 1591 546)
868 1538 1088 1576 Guntaritli
1113 1539 1303 1590 magister
1323 1539 1496 1578 militum

32 1596 307 1635 Ariobindum
337 1597 558 1646 patricium
593 1597 893 1647 principemque
926 1596 1137 1632 Romanae
1164 1595 1279 1645 apud
1302 1595 1496 1648 Africam

33 1653 218 1700 militiae,
246 1666 289 1690 eo
306 1659 476 1704 tempore
491 1652 544 1690 ab
563 1653 796 1704 imperatore
814 1654 997 1697 missum,
1035 1651 1279 1703 Carthagine
1295 1653 1402 1690 intra
1412 1668 1496 1704 pa-

33 1710 180 1748 latium
207 1716 320 1746 noete
334 1710 516 1760 perimit,
545 1716 583 1746 et
608 1723 776 1762 regnum
800 1723 891 1746 eum
916 1708 1126 1759 tyrannide
1142 1710 1325 1746 assumit.
1386 1709 1496 1748 hunc

42 1765 301 1818 Carthaginis
323 1766 409 1803 dux
434 1765 693 1812 Artabanus,
722 1767 922 1817 trigesimo
947 1772 1052 1802 sexto
1072 1765 1189 1816 regni
1205 1766 1271 1802 sni
1288 1765 1352 1802 die
1362 1780 1497 1817 pran-

33 1823 189 1862 dentem
214 1822 422 1874 interfecit.
482 1822 699 1861 Iornandes
725 1823 773 1860 de
795 1835 1008 1874 regnorum
1038 1822 1279 1858 successione
1303 1823 1375 1863 int.
1393 1824 1492 1861 Rer.

31 1879 170 1919 Italic,
199 1879 417 1930 Scriptores
433 1885 465 1916 t.
488 1881 508 1920 1
532 1893 573 1930 p.
591 1881 698 1920 282:
727 1879 835 1916 alius
855 1878 1072 1924 Iohannes,
1102 1879 1173 1930 qui
1197 1878 1338 1916 Stozas
1365 1880 1497 1918 iunior

31 1935 257 1982 dicebatur,
285 1943 472 1986 suscepta·
485 1935 696 1986 tyrannide
726 1935 970 1973 Guntharim
990 1935 1228 1986 magistrum
1246 1935 1420 1974 rnilitum
1435 1951 1496 1974 se·-

34 2006 127 2032 cum
146 2006 228 2031 esse
246 1991 399 2030 suadet.
462 1994 535 2044 qui
549 1993 786 2041 interficiens
808 1991 1095 2037 Ariobindam,
1125 1991 1302 2042 iugalem
1323 1994 1407 2030 eius
1426 2007 1496 2030 ne-

26 2057 140 2116 ptem
164 2050 410 2115 imperatoris
433 2048 512 2086 sibi
537 2050 700 2101 cupiens
719 2051 885 2095 sociare,
907 2049 1169 2100 praevenitur
1187 2046 1239 2084 ab
1263 2048 1496 2096 Artabane,

34 2108 108 2160 qui
126 2119 168 2144 eo
187 2108 230 2143 in
248 2106 427 2144 convivio
443 2106 640 2144 trucidato
657 2113 812 2157 neptem
828 2106 1076 2156 imperatoris
1094 2111 1266 2154 ereptam
1285 2105 1345 2142 ad
1359 2105 1496 2144 urbem

30 2163 210 2216 principi
236 2162 376 2214 dirigit
401 2176 493 2200 cum
508 2162 633 2201 lzonor
634 2177 671 2209 e,
700 2163 897 2214 simulque
903 2162 1052 2213 firreis
1071 2160 1244 2198 vinculis
1261 2161 1497 2213 colligatum

34 2221 74 2258 ei
93 2227 309 2272 tyrannum
332 2219 546 2257 destinavit
564 2219 802 2266 Iohannem,
834 2220 905 2270 qui
930 2219 1049 2256 Stoza
1069 2223 1273 2268 perempto
1295 2219 1338 2255 in
1361 2219 1496 2256 eadem

34 2282 276 2315 successerat
305 2276 537 2327 tyrannide;
584 2290 699 2328 quem
737 2278 779 2313 in
812 2274 950 2313 urbem
986 2274 1208 2311 discussum
1233 2273 1496 2327 manibusque

35 2334 232 2371 humatis
257 2332 316 2370 ad
339 2332 561 2383 exemplum
584 2339 795 2370 ceterorum
811 2333 854 2369 in
864 2329 1169 2382 patibulofixit.
1230 2329 1302 2368 sed
1322 2339 1496 2383 praestat

34 2394 172 2428 totam
185 2388 435 2441 tragoediam
457 2388 564 2441 apud
584 2391 822 2442 Procopium
842 2389 997 2440 legere,
1023 2388 1092 2471 qui
1108 2387 1197 2425 fuse
1215 2400 1305 2425 eam
1328 2390 1495 2440 exponit

34 2444 66 2489 2
84 2445 134 2484 dc
152 2445 252 2483 betto
276 2446 411 2485 Vand.

82 2504 87 2520 ξ
150 2512 248 2556 255.
303 2521 440 2553 auctor
463 2514 512 2552 de
531 2514 646 2552 laud.
669 2513 770 2552 Just,
789 2516 818 2555 2
844 2511 899 2554 94
929 2510 978 2551 de
1008 2512 1091 2550 soIe
1120 2511 1285 2550 cecinit.
1315 2511 1495 2549 ardentes

41 2568 174 2608 radice
197 2571 319 2608 mittit
339 2570 469 2609 iubar.
531 2570 598 2610 hic
623 2579 757 2610 autem
777 2571 916 2608 lunam
935 2575 1025 2621 apte
1043 2575 1159 2607 vocat
1180 2567 1340 2605 tardum
1358 2567 1490 2605 iubar.

83 2676 86 2678 .
153 2635 252 2678 259·
306 2639 422 2691 Virg..
441 2637 550 2679 Aen.
574 2642 599 2681 3
627 2639 731 2682 588.
754 2645 917 2690 postera
946 2650 1119 2690 namque
1145 2636 1227 2674 dies
1246 2636 1381 2687 primo
1403 2648 1494 2672 sur-

119 2699 164 2730 at
179 2706 258 2730 eoo.

38 2690 117 2744 3³²³
156 2761 256 2802 263.
309 2761 418 2812 virg.
433 2763 541 2802 Aen
563 2764 613 2804 11
646 2764 722 2805 18:
753 2774 868 2804 arma
881 2770 1039 2813 parate.

32 2799 36 2869 ‘-
105 2829 237 2867 Moror».
265 2835 298 2866 et
327 2831 407 2866 Gor.
1166 2828 1218 2867 21
