1702 3060
420 94 496 138 DE
529 93 802 143 LAUDJBUS
835 92 1056 142 IUSTINJ.
1352 92 1462 144 <315

106 255 110 258 ι
205 203 314 258 apud
333 203 506 244 eundem
524 206 748 246 Vitruvium
768 204 794 247 5
819 206 871 247 12
902 211 1007 245 recte
1033 202 1183 244 habent
1209 202 1463 242 membranae

30 262 66 311 ’ᾗ
109 257 114 266 ’
155 261 241 303 dri:
282 269 322 301 at
344 276 426 301 non
445 264 540 301 satis
558 263 660 302 bene
686 263 758 300 ille
785 262 951 306 vincula
972 263 1169 314 exposuit.
1227 261 1464 300 contrarium

33 322 122 367 ,ἡ
175 326 309 372 potest
332 327 371 361 et
396 318 506 364 idem
533 333 620 358 esse
645 320 859 358 terminum
885 317 1146 358 subcumbam
1168 319 1212 356 in
1232 317 1465 369 fragmentis

38 376 161 427 *dinis
180 375 230 414 de
249 377 465 414 Terminis.
496 389 574 428 quo
594 376 680 414 loco
699 382 846 424 tamen,
877 388 968 417 cum
984 376 1167 415 Termini
1186 373 1336 428 effigies
1354 387 1467 426 cym-

38 446 107 484 m,
124 433 282 483 referat,
311 433 488 488 suspicer
504 431 763 484 subcymbum
781 430 1010 482 legendum,
1049 444 1130 469 non
1157 431 1337 468 obstante
1362 429 1469 482 quod
1493 477 1498 481 ἢ

30 502 152 530 trum
170 490 314 528 Latina
334 495 402 526 aut
422 490 582 541 elegans
598 501 680 527 vox
697 490 760 538 sit,
790 487 1070 536 satisfaciente,
1101 485 1210 540 quod
1227 484 1383 540 τεχνικὴ
1402 488 1468 524 in-

37 547 202 591 eniatur.
259 545 411 584 faciunt
431 543 510 586 huc
540 551 579 582 et
605 547 757 585 altinae
782 543 937 597 lapides
966 543 1018 582 ad
1037 542 1311 583 sustinendam
1331 556 1468 581 mace-

27 605 112 648 ‹iam
127 603 363 653 interpositi,
394 602 442 642 ab
464 600 665 639 attinendo
686 599 793 639 dicti.
823 600 930 640 unde
952 602 1103 638 altinae
1121 602 1316 638 maceriae
1334 598 1469 651 lapide

34 657 185 726 zpidem
213 660 429 697 sustinente
459 664 690 709 congestae,
723 655 831 710 apud
850 658 1031 696 Siculum
1049 658 1248 696 Flaccum.
1279 659 1340 694 In.
1398 656 1469 694 de·-

16 713 134 764 Ἰἰείη,
161 715 327 754 verbum
341 715 481 763 rarius,
509 713 613 753 nihil
637 713 746 753 aliud
767 727 889 767 quam
898 715 1087 766 fulcrum
1109 713 1314 766 significat.
1375 713 1467 751 abs-

32 785 89 824 ·[ue
105 767 318 811 Bra‘ulione
336 771 380 809 in
397 772 481 808 vita
500 769 643 809 Isidori
672 778 711 808 et
736 779 997 809 monstratore
1018 773 1180 809 Perezio
1203 772 1285 808 iam
1305 768 1371 807 hic
1394 782 1466 820 pro

31 828 163 872 festina
185 827 342 868 dextera
370 827 590 879 legeretur,
632 827 822 865 beneficio
846 829 1000 877 Ruizii,
1041 829 1111 880 qui
1138 829 1272 866 locum
1304 827 1466 864 omnino

30 879 198 937 itiosum
226 897 311 922 esse
333 882 538 932 credebat,
582 890 627 921 ut
642 884 728 935 ipse
745 885 918 936 ingenue
934 885 1094 923 fatetur.
1150 883 1222 924 sed
1238 883 1467 920 meminisse

29 936 199 980 [abemus
219 941 341 980 etiam
357 941 561 979 Atlantem
586 940 790 977 tibicinem
813 948 852 978 et
876 941 1072 979 destinam
1092 941 1192 978 caeli
1216 939 1467 990 elegantissi-

28 994 74 1036 αθ
91 997 224 1036 vocari
250 997 300 1034 ab
321 997 494 1037 Arnobio
524 994 678 1034 advers.
706 1003 814 1047 gent.
834 1000 875 1039 2.
933 995 1078 1034 horum
1104 998 1226 1048 igitur
1244 997 1466 1032 imitatione

28 1061 50 1092 >t
66 1054 180 1092 nobis
199 1053 352 1091 destina
378 1053 491 1104 regni
516 1053 690 1090 nutantis
716 1058 880 1090 venuste
900 1050 1052 1091 dicetur
1070 1055 1135 1091 vel
1154 1067 1228 1091 rex
1248 1053 1314 1090 vel
1336 1052 1468 1089 consi-

26 1112 145 1149 larius
163 1111 310 1162 regius,
339 1110 409 1161 qui
432 1109 661 1146 auctoritate
683 1109 878 1160 sapientia
896 1110 1059 1146 consilio
1077 1123 1122 1146 ac
1141 1110 1281 1146 robore
1297 1121 1466 1158 regnum

16 1167 213 1205 ›abascens
234 1166 464 1204 statumiuat
484 1165 599 1202 fulcit
618 1177 664 1203 ac
680 1171 893 1214 sustentat,
923 1177 974 1201 ne
995 1171 1162 1203 corruat.
1191 1166 1316 1202 Rrr‘r.
1345 1177 1466 1216 prae—

28 1236 70 1262 οι·
86 1222 344 1263 Braulionem
364 1228 403 1260 et
422 1221 645 1260 Arnobium
677 1221 726 1258 ab
755 1222 844 1259 aliis
874 1220 1010 1259 citatos
1040 1222 1164 1259 utitur
1191 1234 1288 1258 voce
1313 1220 1467 1258 destina

23 1278 303 1330 §.Fulgentius
323 1277 373 1315 de
393 1278 592 1328 coniugali
612 1276 744 1315 debito
762 1274 784 1329 ξ
806 1278 830 1317 1
846 1289 856 1313 :
888 1278 1042 1327 parieti
1063 1277 1255 1314 inclinato
1277 1283 1316 1313 et
1334 1289 1467 1314 mace-

11 1336 91 1373 .·iae
106 1334 302 1386 impulsae
319 1347 399 1372 non
416 1333 590 1384 neglexit
607 1333 742 1370 doctor
761 1334 943 1384 egregius
957 1328 1234 1371 consolationis
1253 1333 1469 1379 destinam,

22 1390 170 1432 Christo
189 1391 233 1429 in
247 1403 288 1427 se
307 1389 505 1441 loquente,
537 1403 769 1440 supponere.
828 1390 961 1428 Foco.

119 1449 191 1489 21.
247 1446 443 1498 consiliis]
489 1444 566 1483 hoc
598 1452 656 1483 est
684 1445 919 1497 sagacitate,
967 1443 1192 1497 prudentia.
1250 1444 1439 1485 Sidonius
1456 1457 1468 1484 :

20 1504 163 1556 dupuit
187 1503 335 1554 primis
372 1516 414 1540 se
457 1501 637 1539 Parthus
675 1503 719 1539 in
756 1503 876 1539 annis
915 1501 1124 1540 consilium
1156 1516 1236 1539 non
1263 1503 1380 1554 serre
1408 1516 1471 1540 se·-

0 1563 87 1599 mis.
146 1559 346 1598 Arnobius
373 1561 422 1600 7:
462 1557 533 1596 ubi
559 1557 627 1595 bos
652 1558 801 1610 aliquis
827 1559 963 1596 Iovem
990 1558 1228 1610 alloquitur,
1273 1574 1330 1596 an
1364 1559 1475 1611 quod

13 1615 168 1657 .mimal
185 1615 265 1654 vile
282 1629 388 1661 sum,
419 1627 490 1652 nec
507 1615 674 1652 rationis
691 1629 763 1652 nec
784 1615 942 1652 consilii
947 1616 1171 1667 particeps,
1211 1616 1472 1667 quemadmo-

17 1673 108 1711 dum
121 1673 392 1723 pronuntiant
412 1672 480 1708 icti
506 1673 579 1722 qui
602 1685 643 1708 se
661 1671 837 1709 homines
854 1672 1005 1710 dicunt.
1066 1673 1253 1710 Aurelius
1275 1674 1408 1712 Victor
1426 1673 1470 1710 in

10 1729 238 1780 {Originibus
259 1729 399 1766 Rom.:
440 1734 555 1766 tanta
584 1742 709 1779 usque
740 1729 787 1766 id
811 1735 964 1779 tempus
990 1731 1248 1780 antiquorum
1262 1728 1470 1766 hominum

8 1785 185 1825 ¹traditur
190 1785 327 1839 fuisse
345 1783 597 1835 simplicitas,
634 1791 679 1822 ut
698 1786 894 1823 venientes
910 1785 969 1822 ad
983 1799 1023 1822 se
1037 1786 1233 1833 advenas,
1263 1787 1335 1837 qui
1354 1785 1471 1823 modo

12 1842 173 1881 oonsilio
193 1848 231 1879 et
248 1833 443 1894 sapientia
454 1841 634 1891 praediti
648 1841 708 1878 ad
722 1841 996 1879 instruendam
1014 1843 1140 1880 vitam
1147 1842 1470 1894 jbrmandosque

0 1911 135 1946 »mores
153 1897 315 1949 aliquid
329 1897 567 1950 conferrent,
597 1897 705 1934 eaelo
730 1905 767 1934 et
784 1904 889 1934 terra
908 1898 1030 1935 editos
1045 1898 1256 1936 crederent.
1298 1900 1467 1936 BARTH.

6 1954 200 2006 &mirum
225 1954 352 1992 multo
370 1959 545 2005 praestat
566 1966 611 1990 ac
631 1954 752 1991 satius
772 1960 831 1992 est
851 1955 1015 1993 consilio
1036 1967 1155 2007 quam
1172 1956 1293 1992 armis
1314 1956 1467 1993 bellum

14 2011 224 2060 conficere,
261 2023 344 2049 non
369 2008 514 2059 modo,
564 2009 673 2062 quod
699 2011 892 2048 maiorem
920 2019 1148 2050 mereantur
1171 2010 1335 2049 laudem
1361 2013 1467 2049 vires

4 2069 138 2117 antimi
163 2079 286 2120 quam
314 2068 507 2118 corporis,
544 2073 589 2103 ut
618 2065 670 2104 ad
690 2068 915 2119 Oppianum
941 2067 1078 2116 docui,
1118 2067 1191 2106 sed
1221 2070 1342 2106 etiam
1359 2066 1469 2120 quod

0 2121 188 2176 ,apim-ium
205 2123 324 2162 saluti
340 2123 570 2161 mortalium
584 2123 655 2160 illa
671 2136 790 2175 quam
806 2122 884 2160 hac
902 2126 1053 2161 ratione
1074 2124 1313 2162 consulatur.
1343 2126 1469 2164 Rrr'r.

28 2203 78 2233 μ.
125 2182 195 2222 22.
252 2180 450 2230 Magnus.
509 2180 763 2218 Marcellinus
804 2181 945 2218 Omnes
990 2179 1183 2218 Chronico
1216 2179 1359 2218 Indjot.
1391 2182 1468 2221 10:

2 2233 222 2291 «ᾖραίίιω
242 2237 457 2287 Pompeius
481 2242 520 2273 et
537 2235 711 2282 Probus,
743 2250 887 2287 genere
907 2236 1148 2283 consobrini,
1181 2236 1269 2275 divi
1283 2238 1470 2274 Anasta-

0 2292 249 2346 =dinepotem
311 2299 351 2330 et
370 2293 639 2330 innominatus
659 2291 982 2345 chronographus
1002 2294 1238 2344 Pompeium
1265 2293 1471 2332 consulem

0 2349 112 2397 *finit
125 2352 278 2390 Avieno
296 2349 474 2402 collega,
513 2349 585 2387 sub
606 2351 815 2387 Anastasio
833 2351 1025 2401 principe.
1083 2363 1136 2388 ex
1155 2351 1299 2403 quibus
1319 2357 1470 2388 certum

0 2412 79 2448 'U
94 2408 215 2446 etiam
229 2404 306 2445 hoc
324 2419 421 2446 aevo
442 2406 596 2445 illustre
613 2406 736 2444 fuisse
757 2408 1042 2458 Pompeiorum
1059 2413 1241 2457 stemma,
1272 2409 1383 2445 cuius
1403 2407 1470 2444 fa-

0 2463 150 2504 »flline
177 2464 426 2515 gentilicium
456 2470 762 2514 cognomentum
790 2463 868 2500 fuit
891 2463 1091 2516 Magnus.
1152 2464 1316 2502 Sueton.
1341 2464 1469 2514 Galig.

18 2518 98 2560 35:
125 2526 256 2558 vetem
257 2520 520 2571 familiarum
544 2521 722 2571 insignia
739 2518 981 2558 nobilissimo
1001 2521 1143 2572 cuique
1161 2521 1328 2567 ademit,
1371 2521 1471 2557 Tor-

18 2581 140 2626 qum
155 2582 345 2628 torqloem,
368 2577 604 2618 Cincinnato
622 2578 788 2623 crinem,
814 2576 888 2615 Cn.
912 2578 1102 2628 Pompeio
1122 2579 1256 2628 stirpis
1280 2578 1470 2627 antiquae

18 2629 174 2682 1103πί
184 2645 410 2684 cognomen.
468 2634 550 2673 scio
568 2631 879 2672 eruditissimum
893 2634 1138 2674 Savaronem
1154 2635 1347 2685 Magnum
1363 2631 1470 2669 hunc

18 2697 160 2744 {enare
175 2689 364 2739 gentilem
379 2691 516 2741 Magni
530 2689 694 2739 Felicis,
734 2689 793 2731 ad,
809 2703 931 2743 quem
962 2697 1022 2729 est
1049 2703 1207 2728 carmen
1228 2693 1253 2731 9
1283 2687 1438 2728 Sidonii
1454 2697 1467 2722 :

15 2741 93 2793 aad
115 2745 329 2797 Pompeiae
358 2748 486 2798 gentis
511 2759 731 2798 cognomen
755 2745 833 2788 hoc
861 2760 943 2787 non
969 2747 1064 2798 legi.
1104 2748 1290 2784 Dssm’sr.
1347 2742 1467 2782 huius
