1702 3060
302 142 395 189 186
691 145 907 188 CORIPPI
938 147 1011 188 DE
1043 147 1309 192 LAUDIBUS

404 252 483 288 iam
500 251 619 288 servis
638 265 814 289 succurre
831 253 921 290 tuis.
976 266 1047 291 nos
1064 261 1194 292 nostra
1214 255 1360 293 iubenti

296 319 376 358 370
406 316 638 354 credidimus
660 317 831 355 domino.
887 319 996 356 vobis
1018 322 1104 370 quis
1123 328 1247 358 vestra
1267 329 1439 372 negaret,

404 396 492 419 cum
507 390 676 419 vestrum
691 391 748 420 est
763 383 868 435 quod
881 384 1048 422 mundus
1059 385 1174 423 habet
1185 386 1203 423 ’ἔ
1225 389 1311 435 scis,
1332 400 1482 424 summe
1493 392 1702 439 regentiuu,

402 449 556 498 publica
574 449 668 500 quid
688 457 811 486 vestro
830 452 977 499 prosint
996 454 1225 488 commercia
1244 453 1350 490 fisco.

403 514 506 551 unde
524 515 665 551 tributa
685 516 762 551 tuis
780 515 986 553 succedent
1005 530 1131 554 annua
1154 519 1280 565 rebus,

403 580 554 617 deficiet
577 582 609 617 si
629 587 758 617 nostra
778 580 946 618 manus?
1003 582 1074 617 tibi
1095 585 1237 620 militat
1256 597 1369 620 omne

292 645 371 686 375
402 646 507 698 quod
526 648 716 696 gerimus:
744 659 834 694 nos,
865 660 964 697 quae
984 654 1049 683 tua
1070 655 1178 696 sunt,
1207 651 1355 699 privata
1378 663 1573 688 vocamus.

399 714 468 749 vix
489 714 599 749 nobis
620 714 720 749 vitae
743 719 917 749 constant
939 714 1120 750 alimenta
1142 714 1301 752 diurnae

400 779 551 815 afflictis
564 808 573 826 ,
604 792 702 830 quae
721 780 838 828 longa
857 778 940 815 dies
960 780 1152 830 longoque
1171 781 1303 818 labore

400 858 481 882 sors
503 848 672 896 quaerit,
702 857 919 895 parvosque
940 845 1043 881 cibos
1064 846 1134 881 sub
1155 854 1267 882 nocte
1287 843 1482 898 reponit.’'

401 912 490 947 flere
512 910 578 947 diu
593 918 721 948 tantos
739 912 908 947 lacrimis
925 924 1003 947 non
1022 923 1157 960 passus
1177 913 1323 950 acerbis

290 978 370 1016 380
400 976 595 1014 condoluit
611 979 798 1014 miserans
811 1006 820 1024 ‚
853 983 890 1014 et
908 990 949 1014 se
967 979 1108 1026 pietate
1129 978 1280 1027 subegit

397 1044 549 1092 legibus
572 1045 672 1080 ultro
691 1045 784 1081 suis.
834 1038 989 1080 “aliena
1007 1039 1201 1093 pecunia’'
1229 1043 1328 1080 dixit

392 1105 616 1146 “reddenda
637 1116 714 1157 est,
747 1110 858 1146 vivus
878 1111 977 1160 patri
996 1111 1063 1160 qui
1082 1111 1250 1147 substitit
1267 1110 1394 1148 heres.
1403 1106 1425 1124 '²

396 1174 595 1213 thesauros
614 1175 700 1212 fidis
720 1177 887 1226 privatos
908 1177 1006 1212 ferre
1024 1176 1210 1211 ministris

392 1245 569 1294 imperat.
626 1245 851 1279 innumerae
869 1255 965 1278 mox
983 1240 1172 1277 advenere
1192 1247 1365 1278 catervae

283 1308 363 1350 385
391 1310 504 1346 fortia
524 1310 694 1345 centenis
712 1315 891 1345 oneratae
911 1306 1066 1344 brachia
1085 1308 1208 1343 libris.

393 1375 604 1425 deposuere
624 1373 816 1421 humeris3
846 1381 995 1410 turmae
1015 1375 1278 1422 glomerantur
1295 1373 1336 1409 in
1353 1386 1485 1422 unum,

391 1448 429 1478 et
447 1448 549 1478 totus
565 1442 652 1478 fuso
671 1442 792 1477 circus
811 1437 1049 1490 resplenduit
1067 1452 1174 1475 auro.

390 1515 479 1546 tunc
497 1509 622 1558 posita
643 1508 790 1543 ratione
810 1506 962 1555 palam,
990 1506 1213 1556 populoque
1235 1503 1404 1554 vidente,

389 1572 518 1610 debita
536 1574 722 1623 persolvit
742 1573 948 1622 genitoris,
979 1578 1090 1608 cauta
1107 1571 1266 1620 recepit.

279 1641 359 1680 390
388 1639 528 1689 gaudia
546 1646 690 1690 quanta
705 1640 806 1685 illic,
836 1644 1002 1689 quantus
1021 1635 1150 1674 favor!
1180 1635 1353 1687 undique
1371 1637 1496 1674 laetus

388 1707 537 1742 tollitur
558 1707 598 1741 in
622 1706 773 1741 caelum
791 1705 1024 1754 populorum
1045 1705 1191 1740 clamor
1207 1709 1406 1740 ovantum.

387 1773 577 1808 mirantur
596 1784 791 1821 proceres,
820 1772 1010 1806 mirantur
1028 1770 1119 1806 talia
1135 1769 1282 1819 plebes.

387 1838 480 1874 hinc
497 1839 603 1874 rutili
621 1839 751 1874 lucent
770 1835 911 1873 chartis
929 1835 1150 1872 ardentibus
1169 1835 1293 1884 ignes,

389 1903 479 1941 hinc
496 1903 619 1940 radiat
638 1904 789 1939 fulvum
809 1909 1031 1939 concertans
1050 1901 1203 1951 ignibus
1222 1913 1373 1936 aurum.

279 1970 359 2012 395
387 1969 479 2006 hinc
499 1969 649 2007 chartas
668 1971 833 2006 flammis
855 1970 1056 2019 subigunt,
1085 1967 1176 2004 hinc
1194 1965 1365 2016 pondere
1382 1967 1489 2004 fusos

388 2043 608 2087 exaequant
625 2035 769 2073 solidos
782 2065 792 2083 ,
824 2043 861 2072 et
877 2036 1029 2071 lancem
1048 2035 1189 2084 pollice
1210 2034 1382 2083 pulsant.

383 2109 476 2138 tunc
496 2103 642 2139 sinibus
666 2103 791 2152 plenis
811 2102 952 2138 abeunt
964 2130 974 2148 ,
1004 2107 1242 2152 quaestuque
1259 2101 1447 2148 laborant,

385 2170 573 2220 elatisque
594 2170 715 2206 oculis
733 2182 802 2218 pro
826 2170 904 2204 vita
921 2167 1104 2217 principis
1128 2173 1251 2204 orant.

382 2237 524 2285 largior
540 2238 719 2272 inventus
742 2242 851 2285 pater
869 2241 927 2270 est
940 2263 950 2281 ,
981 2234 1207 2269 clementior
1222 2231 1342 2281 idem,

270 2301 350 2343 400
377 2303 443 2352 qui
466 2303 604 2338 virtute
626 2303 747 2338 animi
763 2307 935 2338 mentem
953 2301 1114 2336 calcavit
1129 2298 1314 2348 habendi,

378 2368 533 2416 publica
550 2370 698 2417 privato
719 2381 807 2404 cum
826 2367 953 2404 debita
974 2366 1151 2404 redderet
1174 2379 1266 2402 auro

378 2441 513 2483 sponte
535 2447 603 2469 sua
618 2463 627 2480 ‚
662 2433 840 2471 dominus
863 2435 983 2470 servis
1003 2434 1205 2469 miseratus
1231 2432 1377 2481 egenis.

377 2501 592 2549 priscorum
613 2498 685 2535 hoc
703 2513 780 2536 uno
799 2501 891 2535 vicit
910 2512 1034 2536 novus
1052 2500 1181 2535 omnia
1200 2498 1300 2533 facto

380 2566 479 2600 facta
501 2566 587 2614 pius
605 2567 797 2615 princeps.
855 2567 1032 2615 quamvis
1053 2565 1213 2600 meliora
1232 2571 1455 2614 sequantur,

272 2630 351 2672 405
381 2629 452 2666 hoc
467 2633 635 2680 prinlum
654 2639 785 2668 tamen
807 2644 919 2666 omen
941 2637 1020 2666 erat
1034 2659 1043 2677 ,
1075 2628 1177 2680 quod
1199 2628 1328 2667 nullus
1347 2643 1507 2667 avorusn

381 2699 574 2748 Augustos
596 2710 768 2750 unquam
789 2697 926 2734 cecinit
946 2697 1080 2733 secisse
1102 2697 1261 2745 priores.
