1702 3060
409 127 469 170 ΙΝ
503 123 857 170 IOHANNIDOS
890 123 912 167 1
944 121 1150 167 NOTAE.
1415 120 1513 167 217

51 259 82 283 »η
104 271 105 274 ¹
163 240 258 280 162.
316 245 501 290 urguent.
564 237 621 275 sic
639 236 850 288 legebatur
868 235 978 288 prius
998 236 1042 275 in
1061 233 1217 286 codice,
1249 232 1317 272 hic
1336 239 1382 273 ut
1400 234 1510 283 alibi,

48 293 122 342 {ed
137 294 234 334 inde
253 294 440 334 effectum
458 295 535 333 fuit
552 301 709 346 urgent.

162 363 258 406 165.
314 362 404 400 alta
419 364 529 413 Virg.
554 363 701 413 Georg.
727 362 747 402 1
777 358 881 409 142,
910 359 1019 398 Aen.
1040 364 1067 404 2
1091 363 1172 402 203
1194 368 1232 399 et
1257 362 1307 402 10
1326 363 1423 404 687.

162 420 260 463 168.
315 422 426 471 Virg.
445 420 553 457 Aen.
577 421 603 460 9
630 421 732 460 122:
762 425 922 454 aeratae
938 425 1126 455 steterant
1142 419 1202 456 ad
1218 419 1337 455 litora
1350 432 1510 469 prorae.

49 498 55 507 ·
162 477 259 519 178.
315 478 425 528 Virg.
444 475 553 514 Aen.
577 478 603 516 2
627 477 730 516 300:
759 473 1044 527 arboribusque
1061 474 1212 514 obtecta
1229 477 1397 513 recessit.

106 538 109 540 ’
163 535 258 576 180.
315 533 551 572 ,Βεηιοῖειιιη
571 533 681 583 Virg.
702 530 811 568 Aen.
835 531 862 573 5
886 533 985 572 260.

163 602 257 644 181.
314 601 480 640 fortasse
510 607 569 638 est
595 597 814 650 legendum
832 599 1056 650 prositqu
1085 606 1130 637 ut
1153 598 1275 637 habet
1294 597 1382 637 Ioh.
1400 601 1447 637 L.
1467 599 1516 637 de

49 657 173 697 Bonis
191 659 411 710 exscriptor
428 655 574 695 codicis
592 658 635 694 in
655 669 725 693 sua
743 655 900 706 Eeloga
920 660 986 705 10,
1018 669 1120 709 quae
1136 657 1364 694 inscribitur
1382 658 1517 702 Mors,

50 728 89 753 v.
114 717 214 764 106,
243 715 314 753 ubi
346 715 480 766 plures
508 723 564 751 ‘ex
590 711 701 751 hisce
730 713 911 751 versibus
939 714 1088 752 intulit.
1147 727 1171 752 a
1195 714 1364 766 Virgilio
1395 715 1517 751 etiam

43 771 247 836 profugus
267 771 410 810 dicitur
428 773 586 810 Aeneas
606 770 715 808 Aen.
742 772 762 811 1
791 771 833 810 2.

162 840 259 880 186.
314 841 424 890 Virg.
445 838 554 876 Aen.
578 841 597 879 1
623 837 728 878 493:
759 838 869 888 nigri
886 838 1117 876 Memnonis
1135 851 1271 878 arma.

162 896 260 939 188.
319 895 503 934 bellatrix
520 893 774 933 Penthesilea
794 896 904 945 Virg.
920 894 1030 934 Aen.
1057 899 1079 938 1
1103 894 1202 939 495.

164 954 261 995 189.
318 953 479 994 Rhesus
497 954 607 1003 Virg.
626 950 734 988 Aen.
762 954 781 991 1
811 949 907 991 473.

0 1025 2 1054 5
164 1022 260 1063 190.
314 1021 358 1059 in
369 1021 460 1059 Eel.
479 1023 528 1061 10
549 1017 635 1057 Ioh.
651 1020 699 1056 L.
718 1016 768 1055 de
783 1019 906 1056 Bonis
921 1019 979 1056 sic
998 1020 1120 1057 etiam
1135 1019 1278 1072 incipit
1293 1018 1362 1059 hic
1378 1035 1518 1061 versus

49 1075 107 1116 ibi
125 1079 222 1121 120.
288 1078 519 1129 Doilusque
535 1090 659 1128 usque
672 1077 782 1125 Virg.
801 1075 911 1113 Aen.
938 1078 956 1116 1
979 1076 1076 1118 478.

167 1147 262 1187 191.
317 1146 444 1183 victor
461 1143 605 1181 dicitur
620 1143 807 1181 Achilles
822 1157 844 1181 a
859 1145 970 1194 Virg.
991 1143 1102 1182 Aen.
1124 1147 1150 1186 6
1175 1146 1275 1194 168,
1307 1151 1347 1183 et
1365 1144 1414 1182 ab
1432 1146 1519 1182 Ho-

50 1202 150 1242 ratio
169 1201 198 1244 4
219 1206 246 1245 6
270 1206 296 1245 3
310 1201 415 1243 -4.
474 1200 524 1238 de
543 1202 654 1238 illius
672 1208 799 1238 morte
819 1202 929 1251 Virg.
945 1200 1055 1238 Aen..
1079 1204 1103 1242 6
1129 1202 1182 1243 56
1197 1224 1248 1229 --
1261 1204 1302 1242 8.

167 1261 261 1300 193.
319 1260 377 1298 sic
405 1259 526 1296 etiam
554 1259 702 1309 legitur
724 1257 830 1309 apud
850 1257 937 1296 loh.
956 1260 1004 1295 L.
1027 1258 1077 1295 de
1096 1260 1220 1296 Bonis
1241 1258 1333 1295 Bel.
1362 1261 1415 1299 10
1440 1260 1520 1300 123

49 1315 94 1354 in
122 1322 291 1368 utroque
321 1315 469 1354 codice.
529 1328 579 1352 au
601 1314 788 1352 exustae?
815 1315 1050 1365 Virg.Aen.
1073 1318 1100 1356 2
1124 1315 1206 1356 555
1229 1315 1334 1352 dixit
1363 1316 1523 1352 'lb-olam

49 1373 271 1419 incensam,
310 1380 349 1410 et
374 1375 399 1414 7
427 1372 532 1414 295:
562 1386 660 1409 num
685 1373 847 1409 incensa
877 1373 1068 1409 cremavit*
1103 1373 1223 1408 Troia
1253 1372 1387 1410 viros?
1440 1373 1524 1410 imo

51 1431 230 1484 quinque
248 1431 337 1468 aliis
355 1430 398 1466 in
413 1429 512 1466 locis
530 1430 733 1466 incensam
753 1428 924 1465 eandem
941 1430 1082 1466 urbem
1105 1427 1224 1467 dixit.

165 1488 260 1528 196.
310 1500 389 1537 per
407 1486 516 1523 vada
535 1485 698 1522 caerula
718 1486 827 1536 Virg.
849 1486 959 1522 Aen.
981 1489 1007 1526 7
1034 1488 1130 1528 198.

166 1546 262 1584 197.
320 1556 383 1581 ms
415 1543 637 1587 narrantis,
668 1541 777 1594 quod
807 1549 990 1593 poteram
1017 1544 1120 1580 tueri
1149 1543 1383 1581 auctoritate
1412 1542 1525 1580 Sosi-

51 1599 157 1651 patri
185 1599 357 1638 Charisii
385 1603 431 1647 1,
463 1601 533 1652 qui
562 1600 743 1650 regulam
769 1612 791 1636 a
815 1601 1018 1637 Prisciano
1046 1598 1255 1648 traditam,
1287 1613 1410 1652 qnam
1433 1598 1526 1636 vide

51 1657 174 1707 paulo
194 1670 313 1708 supra
331 1655 383 1694 ad
399 1669 438 1694 v.
464 1656 543 1699 114
556 1685 566 1705 ‚
596 1657 782 1693 transfert
802 1658 923 1694 etiam
943 1655 994 1694 ad
1009 1657 1090 1694 alia
1107 1658 1274 1695 nomina
1292 1659 1433 1695 tertiae
1453 1655 1526 1693 de-

54 1714 300 1763 clinationis,
331 1726 433 1766 quae
452 1721 630 1750 crescunt
651 1715 841 1764 genitivo.

168 1772 264 1813 198.
321 1770 454 1808 audiit
469 1771 578 1821 Virg.
595 1770 704 1808 Aen.
727 1772 752 1811 8
775 1771 872 1812 516.

165 1829 364 1870 202-3.
423 1827 475 1864 cf.
506 1828 777 1865 Alemannnm
804 1829 846 1864 in
875 1826 980 1865 notis
1010 1825 1062 1864 ad
1085 1829 1270 1880 Procopii
1298 1828 1527 1866 Ili-storiam

51 1883 267 1923 Arcanum
289 1884 352 1922 ed.
377 1883 507 1935 Lugd.
533 1898 573 1935 p.
595 1886 647 1925 69
677 1885 742 1921 vel
771 1885 897 1922 Paris.
922 1898 962 1935 p.
984 1886 1086 1933 139,
1118 1886 1188 1922 ubi
1214 1888 1319 1923 inter
1336 1893 1526 1936 parente-s·

54 1942 275 1981 Iustiniani
291 1943 388 1992 imp.
409 1954 450 1978 n.
469 1943 523 1982 39
547 1942 767 1979 stemmatis
800 1940 981 1979 eiusdem
1013 1940 1126 1979 adest
1155 1943 1355 1980 lohannes
1386 1943 1523 1994 (idem

55 2011 101 2036 ac
116 1996 276 2050 noster)
311 1998 511 2037 Wtaliatzi
527 1998 702 2035 consulis
718 2012 856 2049 nepos,
886 1999 1066 2036 lusanae
1091 2000 1288 2037 Germani
1292 2001 1415 2048 filiae
1434 2015 1525 2038 ma-

53 2056 167 2093 ritus.
227 2053 327 2093 haec
357 2062 491 2093 autem
520 2057 671 2093 Iustina
694 2057 828 2092 vocari
855 2058 998 2093 merito
1017 2058 1255 2106 potuitfilia
1276 2059 1381 2107 regis
1404 2071 1425 2094 a
1445 2072 1524 2094 lio-,-

54 2118 135 2151 stro
163 2116 302 2164 possta,
335 2119 472 2163 utpote
509 2113 698 2149 Germani
725 2113 829 2160 filia,
862 2114 931 2164 qui
956 2113 1032 2149 fuit
1050 2116 1260 2151 Iustiniani
1281 2116 1452 2165 Augusti
1470 2128 1524 2152 ex

53 2169 175 2207 fratre
200 2181 348 2220 nepos:
378 2171 493 2206 iuxta
523 2168 626 2206 illud
655 2170 785 2206 Servii
818 2168 869 2206 ad
895 2171 1053 2220 Virgilii
1075 2171 1168 2208 Eel.
1193 2173 1216 2211 3
1249 2175 1352 2213 106:
1383 2186 1523 2222 regum

55 2227 236 2272 nomina,
265 2239 346 2263 non
368 2227 558 2277 quoniam
580 2227 658 2276 ipsi
687 2225 964 2278 (Hyacinthus
985 2233 1024 2263 et
1042 2226 1178 2278 Aiax)
1208 2242 1318 2279 reges
1327 2228 1522 2280 suerunt,

55 2282 128 2326 sed
153 2286 250 2335 quia
279 2297 421 2334 regum
437 2282 550 2331 filii,
579 2290 625 2319 ut
644 2277 867 2333 “magnum
894 2285 1057 2334 reginae
1087 2285 1158 2321 secl
1181 2287 1284 2322 enim
1316 2287 1527 2324 miseratus

55 2335 271 2386 amorem,'’
297 2353 388 2377 cum
410 2339 457 2376 (le
473 2339 661 2376 Ariadne
682 2340 826 2376 diceret
846 2340 1074 2390 Pasiphaes
1091 2343 1255 2393 reginae
1263 2343 1377 2391 filia.
1428 2358 1527 2381 con—

55 2397 118 2433 fer
135 2399 255 2434 etiam
274 2397 564 2449 praefationem
583 2403 783 2444 nostram,
815 2397 884 2434 nbi
909 2396 958 2434 de
982 2397 1159 2436 Iohanne
1182 2402 1379 2451 poematis
1405 2400 1528 2439 hero&

59 2451 330 2492 disseruimus.
381 2452 565 2490 videatur
584 2460 787 2504 praeterea
813 2454 1064 2492 Glossarium
1084 2457 1142 2493 ad
1155 2458 1362 2507 scriptore-s·
1379 2459 1533 2495 mediae

60 2516 95 2546 et
114 2510 276 2558 infimae
295 2511 532 2548 Latinitatis
553 2517 712 2547 anctore
728 2511 801 2547 Da
818 2512 953 2563 Gange
968 2526 1020 2549 ex
1038 2512 1100 2550 ed.
1123 2513 1308 2551 monach.
1331 2517 1373 2552 S.
1387 2517 1531 2563 Mauri,

60 2571 102 2603 et
128 2566 306 2605 Glossar.
328 2581 476 2604 novum
494 2568 726 2618 Carpentier
746 2569 890 2605 verbo:
923 2570 1029 2615 Rex,
1059 2571 1192 2621 Reges
1206 2572 1297 2619 stlta·
1315 2586 1470 2623 regum.

171 2623 268 2664 204.
319 2631 547 2674 pertentant
559 2625 717 2676 gandia
735 2632 904 2662 mentem
920 2628 1028 2677 Virg.
1046 2627 1156 2666 Aen.
1179 2630 1205 2671 5
1226 2631 1307 2672 828
1327 2636 1366 2667 et
1385 2633 1408 2672 1
1431 2629 1530 2671 506.

175 2681 272 2721 206.
330 2694 437 2718 mare
455 2681 669 2719 velivolum
690 2683 797 2733 Virg.
821 2683 929 2720 Aen.
958 2688 976 2725 1
1003 2687 1099 2726 228.

174 2737 272 2776 207.
330 2751 416 2787 spes
435 2738 563 2775 altera
585 2740 695 2790 Virg.
715 2739 823 2777 Aen.
849 2744 903 2782 12
926 2743 1022 2784 168.

174 2793 271 2834 208.
329 2793 479 2832 labitur
499 2796 607 2847 Virg.
630 2797 738 2834 Aen.
767 2799 792 2840 8
819 2799 888 2840 91.
