1702 3060
303 106 397 153 344
724 110 907 152 NOTAE
937 110 995 151 IN
1028 110 1238 154 LIBRUM
1270 113 1290 155 1

410 219 503 259 301.
560 216 706 252 Famae
721 218 864 255 multas
883 218 1036 268 linguas
1056 217 1236 255 adscribit
1256 222 1435 272 exemplo
1457 221 1630 272 Virgilii:
1658 224 1671 259 't

299 273 474 323 linguae,
504 272 659 307 totidem
676 285 743 308 ora
763 279 914 309 sonant.
966 280 1004 309 et
1019 275 1192 311 Valerius
1209 275 1368 313 Flaccus
1383 280 1432 317 2:
1462 278 1574 313 motis
1590 289 1672 327 qua.

298 327 442 376 oppida
462 327 622 376 linguis.
680 329 839 364 BARTH.

405 395 497 432 302.
554 406 710 430 somnus
731 407 770 429 se
793 396 984 444 veniente]
1026 401 1180 431 acutum
1209 402 1266 432 est
1291 409 1466 449 somnum
1496 410 1535 433 se
1550 397 1673 447 finger

296 453 335 482 et
362 446 467 496 apud
491 449 686 484 Avienum
703 451 918 500 Periegesi:
941 450 1087 498 procul
1104 464 1143 486 se
1163 450 1328 486 inclinat
1346 465 1460 500 rupes
1478 464 1573 497 cese,
1603 461 1675 502 qun

296 502 433 551 procul
463 503 595 540 abiens
615 517 638 539 a
656 517 821 555 corpore
834 518 916 542 suo.
945 506 1105 541 BARTH.
1163 518 1231 555 pro
1251 519 1290 542 se
1307 509 1460 557 reposui
1479 520 1540 551 ea,
1569 508 1674 544 scilic

286 557 420 606 fama.
480 559 602 595 Rrr'r.

408 626 500 664 306.
556 625 728 662 imitatus
768 632 825 662 est
857 627 991 676 Virgil.
1029 629 1126 663 Aen.
1155 626 1203 667 4:
1256 629 1523 678 castigantque
1563 617 1702 679 morast]

298 691 410 727 opere
427 681 553 715 omnis
573 680 859 730 semitaservet.
918 684 1100 719 Dmn‘s'r.
1698 677 1702 681 ⁴

409 747 501 785 307.
558 748 653 782 sorti
679 759 749 797 pro
776 754 874 783 sorte
901 746 975 784 hoc
1001 749 1085 784 loco
1115 750 1334 786 restitutum
1355 756 1432 796 est,
1463 750 1609 786 ratione
1630 762 1671 786 ca
1698 736 1702 772 3

298 799 426 836 minis.
482 802 602 839 Rtnz.

407 869 502 908 308.
557 869 690 906 dilecti
712 883 854 906 numen
880 872 1086 920 struerent]
1119 870 1214 921 quid
1242 869 1341 907 haec
1370 871 1444 908 sibi
1467 871 1607 916 velint,
1636 883 1675 906 n(
1691 886 1702 920 *3

300 923 424 972 capio.
476 934 525 958 an
540 923 751 972 legendum
770 925 903 959 dilecti
918 923 1113 959 tumulum
1130 930 1334 967 struerent,
1363 929 1428 959 aut
1443 925 1573 960 dilecti
1587 925 1676 960 lum·
1697 947 1702 959 1

301 985 507 1022 struerent,
539 985 582 1014 ut
610 977 828 1014 indicentur
853 979 957 1014 faces
983 979 1236 1027 sepulcrales,
1265 979 1306 1014 in
1327 978 1526 1014 funeribus
1545 985 1583 1014 et
1602 991 1676 1016 saci
1697 973 1702 1015 ἰ

299 1031 478 1068 adhiberi
503 1034 638 1069 solitae
664 1035 743 1069 iam
771 1034 963 1070 veteribus
990 1034 1086 1069 olim
1113 1032 1351 1071 Christianis.
1409 1034 1463 1069 sic
1482 1033 1583 1068 infra
1602 1036 1625 1072 3
1651 1035 1702 1072 δ’ἐξ

298 1088 367 1123 ubi
395 1086 484 1124 vide
512 1090 798 1137 Dempsterum.
855 1089 953 1124 forte
982 1090 1067 1138 quis
1093 1087 1235 1124 dixerit
1255 1086 1332 1124 huc
1349 1089 1541 1137 pertinere
1557 1089 1676 1125 Minu«
1698 1099 1702 1104 ·

298 1143 429 1179 locum
452 1145 494 1178 in
516 1144 673 1179 Octavio
694 1156 725 1178 c.
745 1146 818 1183 38:
849 1157 916 1193 ego
947 1157 1012 1179 vos
1038 1145 1080 1179 in
1104 1143 1176 1179 hoc
1206 1144 1335 1192 magis
1367 1144 1502 1187 miror,
1531 1155 1677 1193 querna·
1697 1157 1702 1182 ι,

299 1198 456 1234 modam
473 1197 652 1234 tribuatis
671 1199 838 1234 exanimi
855 1206 927 1234 ant
948 1212 1025 1234 non
1052 1199 1227 1234 sentienti
1242 1199 1421 1248 facem
1448 1205 1519 1234 aut
1540 1211 1617 1234 non
1631 1211 1677 1234 sea
1699 1213 1702 1230 ι

298 1254 408 1288 tienti
438 1265 635 1297 coronam,
665 1267 754 1289 cum
782 1260 818 1288 et
843 1252 977 1289 beatus
1007 1267 1084 1289 non
1109 1259 1219 1303 egeat
1245 1260 1279 1289 et
1304 1254 1419 1289 miser
1446 1266 1522 1289 non
1546 1253 1677 1302 gaude

286 1306 472 1356 floribus.
532 1315 578 1344 at
598 1309 699 1344 enim
719 1321 787 1344 nos
809 1310 1006 1358 exsequias
1028 1309 1264 1344 adornamus·
1287 1309 1419 1344 eadem
1439 1307 1678 1357 tranquillita
1697 1328 1702 1345 ι

298 1376 378 1412 qna
395 1364 582 1408 vivimus,
611 1377 682 1400 nec
698 1364 938 1400 adnectimus
953 1371 1185 1400 arescentem
1201 1376 1395 1399 coronam.
1455 1369 1568 1413 atque
1587 1364 1641 1398 ita
1657 1375 1678 1398 v
1697 1372 1702 1390 ³

296 1416 389 1454 hinc
411 1425 601 1455 constaret
619 1421 787 1470 antiquis
807 1420 900 1455 olim
921 1418 1147 1456 Christianis
1177 1417 1339 1469 (eorum
1359 1430 1527 1468 namque
1546 1416 1610 1454 hic
1629 1430 1679 1459 ca]
1691 1433 1702 1450 τ

296 1486 382 1510 sam
404 1476 484 1523 agit
504 1476 683 1511 Octavius
703 1474 886 1511 adversus
908 1473 1142 1524 Caecilium)
1174 1487 1325 1510 morem
1341 1471 1445 1510 hunc
1464 1473 1577 1522 plane
1599 1473 1676 1509 fuis
1698 1488 1702 1505 ε

297 1530 559 1578 incognitum,
594 1532 661 1580 qui
689 1537 820 1565 tamen
844 1529 948 1578 apud
977 1531 1171 1579 sequiores
1202 1528 1383 1578 deinceps
1418 1527 1514 1564 adeo
1543 1527 1678 1563 invalu

248 1628 252 1635 x
298 1583 367 1619 sed
393 1586 483 1634 quia
507 1598 595 1621 cum
624 1587 666 1620 in
693 1585 941 1635 sequentibus
956 1613 965 1630 ‚
994 1590 1079 1619 tum
1103 1587 1220 1620 etiam
1240 1586 1282 1619 in
1305 1585 1353 1619 iis
1376 1595 1475 1632 quae
1499 1595 1674 1632 praecess

299 1646 410 1686 runt,
439 1640 547 1676 nulla
567 1653 721 1690 prorsus
734 1640 895 1690 faciam
914 1641 1076 1675 occurrit
1096 1640 1262 1684 mentio,
1293 1644 1331 1674 at
1352 1639 1467 1674 unica
1490 1636 1537 1673 de
1559 1650 1680 1674 coron:
1700 1660 1702 1669 ι

300 1696 404 1730 tione
430 1702 693 1742 mortuorum,
727 1708 749 1731 a
781 1693 1006 1731 Christianis
1029 1695 1176 1743 negligi
1200 1694 1332 1739 solita,
1363 1693 1569 1742 gentilibus
1593 1701 1678 1728 cont

300 1752 675 1798 superstitiosissima
696 1751 897 1787 observata
910 1779 920 1797 ‚
950 1751 1086 1786 malim
1105 1751 1261 1786 omnino
1280 1750 1431 1798 legere:
1459 1755 1531 1784 aut
1547 1749 1679 1784 sentiet

298 1818 439 1853 pacem
455 1812 524 1840 aut
543 1819 620 1841 non
635 1807 830 1850 sentienti,
854 1819 1046 1841 coronam.
1108 1804 1222 1855 idque
1239 1817 1339 1854 pene
1359 1804 1530 1852 flagitare
1546 1802 1676 1839 vident

305 1871 405 1910 quae
432 1862 670 1896 continenter
697 1860 823 1906 addit,
859 1874 947 1895 cum
969 1859 1102 1896 beatus
1122 1873 1200 1895 non
1217 1866 1329 1909 egeat
1343 1865 1380 1894 et
1394 1860 1508 1895 miser
1525 1871 1602 1894 non
1617 1870 1680 1907 gaz
1699 1878 1702 1888 ι

304 1915 395 1951 dent
413 1914 598 1964 floribus.
660 1916 799 1966 quibus
830 1929 881 1951 ex
904 1916 1031 1951 verbis
1053 1915 1304 1951 manifestum
1325 1919 1382 1950 est
1400 1915 1441 1949 in
1463 1913 1674 1963 superiorib

305 1983 395 2006 eum
425 1971 583 2007 beatum
611 1978 648 2007 et
674 1984 752 2007 non
778 1971 953 2017 beatum,
983 1971 1046 2006 vel
1073 1972 1303 2007 sentientem
1320 1981 1456 2018 pacem
1475 1981 1518 2004 ac
1535 1981 1614 2004 non
1632 1980 1702 2004 seJ⁴

305 2026 466 2062 tientem
496 2027 570 2063 sibi
597 2028 834 2076 opposuisse.
892 2033 929 2062 et
950 2024 1047 2062 haec
1067 2024 1267 2062 hacteuus.
1323 2036 1426 2061 nuuc
1444 2023 1494 2060 ad
1513 2023 1680 2073 Corippu
1699 2042 1702 2047 ·

304 2080 433 2117 redeo.
462 2083 619 2119 VONCK.
674 2083 805 2118 locum
822 2080 1042 2132 usquedum
1060 2094 1081 2117 a
1099 2083 1255 2117 nemine
1275 2086 1362 2130 apte
1382 2077 1682 2134 emendattun'e:

299 2136 561 2186 plicatumque
585 2138 632 2173 ob
656 2138 787 2174 oculos
807 2136 942 2174 habes.
997 2138 1149 2187 liquent
1176 2137 1326 2181 omnia,
1357 2137 1391 2172 si
1413 2133 1463 2170 ad
1492 2139 1681 2171 conventu

300 2203 504 2239 procerum
542 2192 685 2228 referas
718 2190 760 2232 τὸ
790 2206 891 2242 quo,
934 2200 971 2228 et
1001 2193 1108 2241 legas
1137 2191 1324 2228 delectum
1350 2203 1492 2226 numen
1516 2195 1682 2224 struerem

299 2247 396 2281 scias
425 2253 555 2283 autem
580 2247 730 2297 oportet
762 2261 813 2284 ex
842 2249 955 2284 Festo
987 2247 1092 2300 quod
1116 2254 1258 2283 struere
1285 2246 1440 2295 antiqui
1455 2243 1635 2281 dicebant
1647 2256 1682 2292 p.

296 2300 479 2345 adiicere,
507 2315 667 2351 angere;
698 2315 775 2353 qua
804 2303 1082 2353 significatione
1112 2308 1271 2351 usurpat
1297 2302 1451 2338 Persius
1478 2301 1504 2339 2
1533 2297 1607 2338 44:
1642 2310 1682 2334 re

296 2362 443 2391 struere
460 2364 615 2406 exoptas
631 2371 738 2394 caeso
755 2358 859 2395 bove.
920 2360 1048 2395 FOGG.

408 2423 501 2462 313.
559 2425 695 2474 serpit]
738 2438 789 2461 ex
823 2426 985 2474 Virgilio
1020 2423 1095 2461 hoc
1122 2435 1350 2474 expressum
1379 2423 1496 2458 etiam
1521 2422 1621 2458 Aen.
1649 2421 1683 2460 15

296 2478 488 2527 serpitque
500 2491 576 2526 per
595 2481 759 2528 agmina
782 2494 970 2516 marmur.
1029 2481 1211 2516 DEMPST.

411 2531 504 2572 314.
561 2536 691 2570 nescio
723 2547 790 2570 cur
818 2534 882 2571 hic
911 2535 1050 2571 debeat
1081 2534 1245 2570 describi
1276 2534 1428 2579 Circus,
1458 2539 1497 2570 et
1523 2533 1684 2570 circeus

301 2587 486 2623 celebrari
508 2587 578 2623 lib.
598 2591 637 2628 2.
696 2591 868 2638 suspicor
895 2590 1091 2626 turbatum
1119 2602 1236 2638 opus,
1266 2602 1337 2624 nec
1364 2601 1433 2625 suo
1460 2588 1546 2624 loco
1570 2589 1679 2634 singu

301 2655 397 2680 esse.
454 2641 525 2678 sed
552 2650 683 2679 tamen
709 2643 808 2680 nihil
827 2651 976 2681 mutare
997 2645 1104 2682 volui
1124 2652 1254 2682 contra
1277 2643 1394 2680 fidem
1411 2642 1572 2688 codicis,
1603 2653 1683 2691 quer

301 2697 501 2749 sequebar.
557 2699 739 2736 Dnmrsr.
