1702 3060
602 105 928 151 PRAEFATIO.
1443 116 1505 147 xv

46 230 87 275 qt
113 220 314 262 cedreno.
329 247 340 257 .
355 246 389 257 ..
449 219 484 257 si
504 219 593 271 quis
618 218 676 272 (p.
698 215 766 270 16)
793 224 928 255 autem
951 215 1068 254 malit
1094 213 1391 263 adnotatorem,
1436 228 1503 252 se-

46 290 220 333 cumdum
247 289 387 326 aetatis
417 301 511 325 suae
542 301 717 335 morem,
775 287 1064 324 Saracenorum
1096 284 1259 321 nomine
1294 283 1503 321 Africanas

43 366 183 412 gentes
201 358 444 410 appellasse,
489 355 676 392 Africana
697 356 790 392 licet
809 354 915 392 bella
934 355 1006 392 sub
1027 355 1244 391 Iustiniano
1265 359 1376 404 gesta
1395 350 1505 390 indi-

42 440 131 466 care
150 427 342 474 voluerit,
381 437 472 462 eum
498 436 579 461 non
601 424 723 461 fuisse
743 421 979 459 mendacem
999 422 1100 459 dabo
1113 453 1122 471 ‚
1168 420 1241 459 sed
1261 422 1304 458 in
1321 422 1503 472 proprie-

42 501 122 535 tate
139 495 351 533 verboru-m
370 493 502 530 minus
525 490 757 541 diligentem
776 485 947 527 dicam-'³

156 565 259 601 Hinc
274 560 510 614 prudenter,
539 566 584 596 ut
604 573 676 611 ego
696 560 882 607 arbitror,
913 559 998 609 ipse
1017 558 1233 608 Fogginius
1251 570 1333 594 non
1351 564 1505 595 tantam

41 632 164 670 fidem
181 632 324 669 mereri
344 628 618 667 adnotatorem
633 633 744 679 putat
765 632 956 678 quantam
972 628 1123 676 passim
1142 627 1178 662 ei
1198 626 1378 663 tribuunt
1396 628 1505 664 citati

39 707 238 748 auctores,
269 700 390 736 etiam
409 696 506 734 dum
522 697 692 734 affirmat
710 696 964 732 Cresconium
985 695 1202 745 Corippum
1219 699 1381 746 poetam
1401 708 1502 732 eun-

40 767 132 806 dem
156 781 242 806 esse
265 781 311 804 ac
334 767 451 804 illum
479 766 733 803 Cresconium
762 776 960 801 canonum
991 763 1263 811 collectorem,
1319 776 1395 800 nec
1420 776 1502 801 non

31 834 146 875 -hunc
171 849 215 874 re
241 848 335 874 vera
364 835 488 872 fuisse
518 835 760 884 episcopiun.
830 830 1009 869 concedit
1043 832 1150 868 enlm
1179 831 1250 868 sub
1280 833 1500 872 Iustiniana

35 905 183 943 vixisse
203 911 438 956 utrumque,
470 901 541 938 sed
563 903 605 938 in
624 901 788 951 epistola
812 900 1035 936 collectioni
1056 900 1275 949 praemissa
1297 901 1356 937 acl
1374 900 1500 937 Libe—

34 973 169 1010 tinum
193 973 347 1023 aliquas
372 966 632 1019 deprehendit
652 965 816 1018 phrases
838 980 939 1018 quae
964 966 1081 1003 haud
1107 965 1200 1002 bene
1227 967 1285 1019 (p.
1307 966 1378 1019 15)
1401 982 1497 1006 con-

33 1042 202 1078 veniunt
212 1040 392 1088 episcopo
408 1036 467 1073 ad
480 1037 705 1086 episcopum
725 1035 922 1074 scribenti.
981 1033 1058 1072 hac
1075 1036 1117 1071 in
1136 1048 1177 1072 re
1195 1036 1380 1073 nonnulli
1411 1036 1497 1073 for-

33 1115 141 1147 tasse
155 1112 271 1144 erunt
292 1105 436 1158 quibus
453 1105 702 1157 acquiescere
722 1104 895 1155 placebit
914 1105 1091 1155 opinioni
1112 1105 1160 1141 cl.
1181 1105 1383 1152 Morcelli,
1427 1105 1496 1156 qui

31 1177 76 1214 in
92 1174 246 1226 Africa
268 1173 495 1212 Clarastiana
518 1173 615 1226 (vol.
634 1175 658 1213 3
683 1186 724 1224 p.
745 1174 822 1214 321
858 1178 897 1209 et
922 1171 1022 1223 329)
1047 1178 1214 1210 testatur
1234 1177 1396 1223 poetam
1419 1186 1497 1210 no-

28 1249 157 1281 strum
174 1243 403 1294 episcopum
422 1242 559 1290 fuisse,
587 1254 663 1279 nec
684 1254 765 1278 11011
784 1248 985 1279 auctorem
1003 1240 1192 1278 breviarii
1210 1247 1248 1277 et
1264 1241 1498 1278 concordiae

30 1325 230 1350 canonum
237 1339 255 1357 ,
297 1310 369 1348 sub
402 1323 504 1348 anno
534 1311 638 1359 571,
683 1311 757 1348 etsi
786 1317 1019 1361 argwnenta
1045 1309 1230 1359 Fogghffi
1259 1322 1342 1347 non
1374 1307 1495 1348 modo

28 1391 110 1418 non
128 1378 253 1417 diluat
272 1377 346 1416 sed
361 1392 412 1416 ne
433 1378 608 1430 proferat
629 1377 808 1430 quidem.
865 1393 907 1416 re
923 1392 1018 1416 vera
1034 1379 1175 1426 fateor,
1208 1383 1247 1414 et
1266 1378 1495 1430 quicunque

28 1452 194 1500 poema,
235 1446 448 1500 quodiam
477 1449 654 1498 primum
680 1454 883 1498 utcunque
914 1448 957 1484 in
986 1448 1119 1484 lucem
1148 1459 1171 1483 a
1196 1459 1263 1483 me
1282 1446 1495 1496 profertur,

26 1515 190 1567 legerit,
219 1528 380 1552 mecum
395 1515 513 1551 fateri
532 1513 711 1562 debebit,
741 1513 844 1550 nihil
861 1527 946 1551 esse
965 1515 1008 1550 in
1030 1513 1256 1551 Iolzannz'cle
1276 1513 1385 1565 quod
1408 1516 1496 1565 epi-

28 1597 193 1635 scopum
217 1581 419 1621 dedeceat.
486 1582 645 1618 nullum
668 1594 764 1618 sane
795 1595 974 1619 amorem
999 1582 1214 1633 profanum
1237 1582 1419 1620 invenies
1447 1596 1495 1621 eo

26 1654 70 1690 in
99 1652 290 1698 carmine,
329 1647 401 1687 sed
433 1655 567 1686 contra
596 1662 689 1686 vere
722 1648 994 1687 Christianmn
1022 1654 1184 1702 poetam
1210 1649 1314 1687 illud
1344 1651 1495 1704 ubique

25 1717 190 1758 redolet.
248 1719 349 1767 imo,
388 1718 535 1755 utiam
552 1717 775 1756 observavit
794 1719 1010 1770 Fogginius
1034 1732 1076 1770 p.
1097 1721 1175 1768 21,
1225 1719 1394 1770 Corlppo
1411 1721 1494 1772 sa·-

25 1786 201 1825 miliare-5·
230 1793 346 1824 erant
366 1800 505 1824 sacrae
529 1786 706 1836 litterae,
750 1788 860 1839 quod
888 1788 971 1824 eius
999 1800 1137 1824 versus
1166 1788 1404 1837 ostendant,
1446 1791 1491 1828 in

25 1854 170 1907 quibus
191 1854 320 1906 plura
351 1868 398 1892 ex
428 1854 511 1892 illis
538 1856 734 1894 imitatur.
795 1854 871 1894 hoc
897 1855 1009 1893 idem
1040 1855 1245 1894 confirmat
1276 1857 1490 1905 Iohannis,

24 1924 80 1960 ita
102 1930 148 1961 ut
164 1923 247 1961 fere
268 1922 317 1960 de
337 1921 413 1960 hoc
430 1924 516 1975 ipso
535 1928 720 1975 poemate
745 1923 823 1962 dici
846 1931 967 1977 queat
990 1923 1099 1977 quod
1116 1924 1303 1964 Barthjus
1326 1925 1375 1965 de
1398 1927 1487 1966 aliis

24 1990 203 2031 eiusdem
228 1993 396 2030 auctoris
425 1994 664 2030 carminibus
686 2000 877 2031 testatum
899 1994 1060 2045 reliquit
1089 1994 1159 2030 lib.
1181 1995 1233 2035 21
1259 1994 1482 2034 Adversar.

24 2072 59 2098 c·
86 2062 115 2101 2
146 2060 219 2098 col.
241 2059 368 2110 1014,
405 2074 552 2113 nempe
572 2062 760 2112 phrasim
787 2076 946 2099 sacram
977 2063 1020 2099 in
1045 2075 1091 2099 eo
1120 2063 1295 2114 singulis
1317 2066 1488 2116 paginis

0 2135 226 2180 'apparet-e.
289 2127 443 2168 codices
460 2137 665 2182 praeterea
688 2132 758 2184 qui
779 2130 882 2168 fflud
902 2131 1174 2179 continebant,
1208 2139 1246 2169 et
1268 2131 1316 2170 de
1341 2134 1486 2185 quibus

20 2191 415 2239 mox⁴subiiciendus
449 2206 508 2237 est
534 2213 688 2250 sermo,
744 2201 969 2238 luculenter
1002 2206 1197 2237 testantur
1229 2201 1487 2240 Cresconium

22 2263 201 2303 eiusdem
223 2279 308 2305 esse
329 2275 544 2306 auctorem.
585 2282 677 2307 cum
698 2275 833 2306 autem
854 2267 931 2307 hoc
948 2281 1096 2306 nomen
1118 2269 1486 2321 frequentissimum

12 2333 141 2373 ‘fuerit
156 2334 200 2372 iu
219 2335 377 2386 Africa,
417 2343 461 2374 ut
478 2337 545 2374 vel
565 2351 618 2375 ex
631 2338 718 2388 ipso
742 2351 860 2389 opere
882 2337 1062 2375 Morcelli
1082 2344 1211 2389 patet,
1253 2339 1297 2375 in
1323 2351 1402 2391 quo
1430 2336 1485 2379 35

21 2402 223 2454 episcopos
259 2406 433 2457 reperies
465 2406 537 2443 sub
568 2406 770 2444 Cresconii
796 2407 960 2444 nomine
984 2412 1143 2457 praeter
1173 2418 1303 2443 unum
1327 2406 1486 2444 (311500-

20 2470 154 2520 mum,
192 2484 245 2510 ex
270 2474 454 2525 opinione
476 2474 661 2524 Fogginii
686 2473 871 2512 recedere
899 2487 1069 2527 nequeo.
1129 2472 1179 2512 de
1201 2475 1342 2513 Flavii
1364 2489 1485 2526 prae-

21 2540 179 2579 nomine
210 2539 314 2579 nihil
343 2548 404 2580 est
425 2541 533 2595 quod
562 2541 719 2593 dicam,
773 2545 852 2582 nisi
874 2542 984 2582 idem
1008 2557 1219 2582 commune
1244 2544 1369 2582 fuisse
1398 2544 1484 2581 sere

22 2612 111 2656 post
120 2607 493 2649 Constantinianum
519 2612 725 2650 saeculum
757 2611 866 2665 apud
889 2614 1090 2654 Romanos
1128 2620 1168 2651 et
1200 2613 1273 2651 sub
1301 2614 1482 2650 Romano

19 2673 186 2725 imperio
203 2675 406 2729 degentes.
465 2693 687 2732 cognomen
710 2695 804 2720 vero
831 2682 1026 2734 Corippzm
1051 2683 1252 2736 peqfliare
1273 2688 1332 2720 est
1347 2687 1482 2719 nostro

18 2746 184 2793 poetae,
223 2758 296 2784 nec
322 2749 451 2787 ullum
482 2750 607 2788 alium
633 2751 768 2790 inveni
798 2749 1004 2806 hucusque
1040 2751 1183 2790 eodem
1218 2751 1479 2802 appellatum.
