1702 3060
263 151 327 197 64
693 192 696 193 γ
861 149 1077 194 CORIPPI

370 259 563 296 montibus
575 288 584 306 ‚
613 258 873 311 abstrusisque
889 258 1056 296 latebras
1076 270 1258 310 quaerere
1275 259 1393 307 saxis,

369 333 408 362 et
426 326 495 361 leri
514 331 593 360 tuta
612 331 720 374 parat
740 332 851 375 capta
868 324 1065 362 subsidere
1086 325 1201 371 valle,

371 389 674 442 Vandalicasque
692 392 815 429 latens
831 389 946 428 audet
961 397 1107 428 tentare
1122 388 1350 441 phalangas.

266 459 341 497 180
370 461 533 506 quantos
554 457 620 493 ille
642 455 779 505 duces,
809 465 972 509 quantos
992 464 1233 494 truncaverat
1251 456 1394 504 hostes,

366 523 565 560 obsidione
587 533 786 572 premens,
815 523 954 560 mediis
973 523 1013 560 in
1032 522 1204 561 faucibus
1225 536 1338 570 ense3

363 589 655 639 barbaricasque
678 587 834 626 trahens
856 603 1035 640 perverso
1050 591 1208 627 numine
1226 597 1372 626 turmas

363 656 506 706 impius
522 655 563 691 in
580 654 666 691 latis
683 656 887 704 prostravit
907 657 1063 707 cuspide
1084 657 1244 707 campis.

418 723 502 758 Iam
517 727 670 770 tempus
689 721 850 759 miseros
866 722 955 760 fatis
970 724 1131 773 urgebat
1150 722 1308 768 acerbis,

258 786 335 828 185
364 797 558 836 regnaque
580 793 739 823 centeno
756 800 963 837 properans
982 791 1062 825 iam
1079 788 1246 838 fregerat
1267 796 1389 824 anno:

363 859 456 889 tunc
477 854 645 902 primum
664 853 704 887 in
722 853 862 890 nostris
881 854 995 891 urbes
1015 854 1246 891 succendere
1261 854 1372 890 terris

363 925 400 954 et
421 918 606 968 populare
623 930 730 954 casas
747 925 784 954 et
801 922 946 971 campis
968 932 1117 957 currere
1133 921 1276 956 Frexes

360 982 558 1034 coeperat,
587 982 834 1035 'infensusque
853 999 967 1024 ausus
985 987 1222 1023 committere
1238 996 1400 1035 pugnas.

361 1049 452 1086 inde.
473 1062 632 1086 movens
653 1049 754 1086 vires
771 1057 863 1088 tunc
883 1051 1016 1088 Naffur
1034 1051 1208 1099 anhelus,

257 1118 334 1156 190
359 1123 476 1167 ¹atque
499 1115 604 1152 omni
622 1115 669 1152 de
687 1117 800 1166 plebe
818 1118 922 1155 viros

360 1182 484 1218 vicina
507 1180 553 1218 de
571 1188 679 1232 parte
698 1182 851 1232 premit.
906 1181 977 1219 hos
993 1181 1167 1234 linquere
1183 1189 1303 1219 terras

360 1254 398 1283 et
418 1246 548 1285 dulces
565 1255 708 1285 terrore
726 1250 826 1286 lares
846 1261 928 1286 sors
945 1250 1063 1298 impia
1085 1250 1226 1299 pulsat.

361 1313 484 1350 fervet
501 1313 645 1363 praedo
663 1315 796 1350 ferox:
826 1316 943 1350 nullis
962 1316 1041 1350 iam
1059 1316 1137 1351 vita
1154 1315 1299 1366 salutis·

359 1386 459 1415 certa
483 1380 591 1416 locis.
647 1380 722 1416 acti
743 1379 832 1416 fatis
854 1392 1037 1429 urgemur
1056 1380 1212 1432 iniquis.

252 1443 329 1484 195
357 1451 530 1494 tempore
549 1442 752 1481 Vandalici
772 1445 968 1495 periertult
988 1445 1130 1495 gaudia
1148 1446 1258 1495 regni

356 1517 506 1546 nostra:
537 1512 657 1548 semel
677 1521 805 1548 versos
824 1510 973 1549 miseris
991 1518 1082 1548 tunc
1102 1512 1191 1548 flere
1211 1517 1369 1562 penates

356 1577 534 1625 contigit,
564 1584 602 1613 et
620 1583 722 1614 tutas
740 1576 910 1627 indignis
931 1591 1114 1629 quaerere
1133 1585 1267 1614 terras.

411 1641 602 1678 Hildimer
617 1643 794 1680 infaustis
813 1644 932 1694 gessit
947 1651 1039 1680 tunc
1056 1643 1200 1695 praelia
1220 1644 1353 1693 signis,

354 1707 525 1745 insuetus
548 1709 718 1744 conferre
738 1719 918 1745 manumz
947 1720 1026 1746 non
1046 1709 1189 1747 viribus
1211 1711 1322 1747 illum

246 1774 327 1812 200
355 1775 527 1820 vincere,
558 1785 629 1810 nec
652 1775 769 1811 tantis
791 1781 940 1825 poterat
961 1788 1184 1813 concurrere
1204 1777 1337 1826 signis.

352 1838 458 1874 illius
477 1838 637 1877 adverso
658 1848 887 1890 rumpuntur
904 1843 1068 1878 stamina
1086 1843 1165 1878 fato

353 1905 548 1942 montibus
567 1907 607 1941 in
627 1904 780 1942 mediis.
838 1918 947 1943 casus
971 1907 1065 1958 quid
1087 1915 1201 1945 terret
1220 1907 1402 1959 iniquus?

353 1980 467 2021 saepe
487 1970 582 2008 irata
601 1973 676 2021 piis
693 1978 818 2008 servat
836 1972 986 2009 fortuna
1006 1982 1201 2012 nocentes.

354 2039 600 2074 constiterant
622 2050 714 2074 nam
734 2040 844 2088 signa
863 2037 964 2088 iugis
983 2040 1167 2093 silvisque
1187 2041 1363 2091 superba.

239 2100 321 2142 205
352 2101 516 2152 desuper
535 2103 581 2139 ab
604 2104 772 2153 scopulis
792 2105 893 2141 acies
912 2105 1123 2144 vallaverat
1143 2107 1318 2153 hostem;

349 2181 419 2204 nec
437 2182 524 2219 spes
545 2170 625 2206 ulla
643 2170 758 2219 fugae
778 2173 918 2220 pressis
930 2201 939 2219 ,
967 2185 1040 2209 nec
1058 2173 1174 2210 fidere
1190 2174 1324 2211 turbae

347 2246 419 2271 nec
436 2237 556 2271 vitam
573 2248 724 2285 sperare
743 2237 836 2284 fuit,
864 2251 937 2274 nec
956 2240 1086 2276 sistere
1108 2247 1239 2277 contra

348 2301 427 2336 iam
443 2307 639 2350 poteraut:
669 2308 820 2340 tantum
842 2304 1008 2355 scopulis
1030 2306 1201 2344 tardatur
1218 2305 1358 2357 iniquis

346 2366 415 2402 illa
435 2379 586 2402 manus.
642 2369 763 2416 ruptis
782 2372 924 2419 tegitur
942 2384 1037 2421 gens
1055 2372 1175 2422 impia
1193 2372 1310 2418 saxiS‚

236 2432 319 2472 210
346 2433 511 2469 vallibus
534 2437 571 2468 et
591 2433 718 2469 scissis
739 2443 910 2474 muratus
934 2439 1100 2487 cingitur
1119 2437 1251 2474 hostis.

348 2498 531 2535 silvarum
549 2499 591 2534 in
609 2498 737 2540 medio
753 2501 860 2540 locus
881 2510 938 2541 est
959 2515 1239 2555 nemorumque
1255 2502 1462 2552 malignus,

236 2618 301 2652 :178
323 2616 395 2651 inre
409 2620 504 2671 capta
520 2621 615 2662 parat
629 2620 701 2652 tuta
716 2619 756 2652 M
910 2621 974 2656 182
993 2621 1122 2656 tramite.
1136 2620 1167 2655 L
1314 2622 1378 2656 188
1398 2620 1601 2664 infensusque
1617 2619 1649 2652 T

233 2663 303 2697 :190
323 2667 399 2706 pont
422 2673 511 2695 viros
534 2663 642 2696 deleve·
669 2676 755 2709 quae
776 2666 878 2699 codex
902 2667 1003 2700 habet
1026 2678 1043 2700 e
1066 2667 1235 2712 superlore
1254 2677 1349 2700 versu
1375 2667 1464 2700 male
1489 2665 1644 2710 repetita,

232 2711 312 2740 (unc
327 2707 462 2751 naffuga
474 2707 618 2743 anhelus.
751 2710 818 2743 200
837 2721 899 2744 nec
913 2713 952 2746 M
962 2736 972 2754 ,
995 2716 1053 2745 aut
1068 2713 1108 2748 T.
