1702 3060
311 131 402 177 112
911 129 1130 174 CORIPPI

416 241 473 278 sic
491 239 613 277 victus
630 238 731 276 vires
752 237 942 276 Carcasan
962 239 1121 277 innovat
1140 252 1276 279 omnes

415 307 593 357 Syrtibus
612 318 634 340 a
655 305 845 355 propriis;
874 305 929 342 sic
952 311 990 343 et
1005 307 1214 344 moriturus
1232 307 1274 344 in
1291 304 1443 345 hostem

414 372 566 408 nescius
587 381 693 406 anna
710 376 834 420 parat.
889 377 982 408 tunc
999 372 1115 423 liquit
1135 379 1292 422 pectora
1311 379 1433 411 terror

305 441 385 479 220
413 438 547 474 Martis
564 441 602 473 et
620 436 804 473 obscurae
823 442 881 473 tot
899 449 1012 475 saeva
1024 438 1203 490 *pericula
1223 439 1362 477 noctis.

465 503 647 540 Pervolat
662 515 751 539 ecce
767 502 866 539 levis
878 531 889 550 ‚
917 515 1060 553 magno
1077 504 1286 543 mandante
1305 505 1456 553 Rufino,

411 569 590 617 nuntius,
627 575 667 606 et
683 569 788 606 fama
808 569 974 620 Libycas
992 571 1211 608 conterritat
1230 572 1347 610 urbes

411 635 491 671 iam
509 633 694 685 placidas,
722 636 844 673 victas
866 636 1007 672 iterum
1022 637 1188 674 bellasse
1203 644 1396 685 catervas,

408 701 548 738 finibus
571 699 741 738 occiduis
762 701 938 752 equitum
955 702 1035 739 iam
1055 717 1205 740 currere
1224 709 1371 741 turmas
1384 732 1396 752 ,

298 765 380 807 225
408 773 446 802 et
463 766 635 816 Tripolis
655 772 806 803 vastare
825 779 932 804 casas
945 795 955 814 ,
985 767 1228 819 Carthaginis
1251 770 1353 807 altae

407 832 598 868 Carcasan
618 830 775 869 ductore
792 833 894 869 feras
915 831 966 868 ad
983 835 1138 871 moenia
1159 842 1294 884 gentes

405 898 463 934 ire
482 896 644 946 docens,
672 911 894 950 nomenque
911 900 985 936 sibi
1004 901 1228 950 promittere
1245 899 1370 951 regni.

406 965 549 1001 missus
569 963 772 1002 Sidoniam
787 965 901 1002 miles
920 965 988 1002 vix
1007 967 1166 1016 contigit
1181 967 1311 1004 aulam
1324 994 1336 1014 ‚

407 1029 555 1067 ductori
574 1029 758 1067 mandata
776 1031 928 1067 ferens:
958 1034 1151 1070 concussit
1168 1033 1330 1070 acerbus

295 1098 377 1138 230
405 1095 522 1133 corda
539 1097 645 1133 furor
660 1103 839 1133 narrante
857 1098 953 1135 viro.
1009 1097 1079 1134 sed
1100 1100 1241 1136 mentis
1257 1098 1442 1136 honestae

404 1164 587 1200 virtutem
604 1161 834 1199 indomitam
853 1164 992 1200 melior
1009 1165 1198 1215 sapientia
1215 1166 1375 1203 vincens

402 1229 607 1266 consilium
627 1231 791 1281 quaerit.
846 1230 1055 1267 volvuntur
1075 1238 1228 1281 pectore
1249 1243 1385 1278 mirae,

402 1309 474 1332 nec
491 1302 623 1332 movet
645 1297 822 1333 obtutus:
850 1297 992 1333 mentis
1013 1295 1192 1334 discurrit
1214 1309 1393 1335 acumen.

402 1362 533 1398 omnia
551 1362 788 1412 prospiciens
806 1369 942 1412 pensat
961 1361 1183 1399 discrimine
1203 1375 1362 1410 causas,

290 1427 370 1468 235
399 1435 438 1465 et
457 1427 562 1464 videt
579 1426 785 1463 infandum
805 1434 941 1464 cuncta
965 1427 1012 1464 de
1031 1436 1139 1479 parte
1157 1430 1360 1479 periclum.

399 1501 490 1531 tunc
508 1506 686 1544 proceres
704 1491 752 1528 de
770 1505 877 1530 more
898 1506 1039 1531 vocans
1056 1495 1229 1532 consulta
1248 1495 1431 1548 requirit,

401 1561 541 1597 talibus
559 1565 597 1596 et
616 1558 727 1597 dictis
748 1561 897 1598 animos
917 1574 1104 1612 curasque
1120 1561 1286 1598 retexit:

391 1621 542 1663 “victus
559 1627 663 1663 bella
680 1633 831 1673 movet,
862 1639 1014 1663 rursum
1034 1627 1265 1675 vincendus,
1294 1628 1467 1678 llasguas
1478 1657 1491 1676 ,

398 1706 420 1729 o
442 1693 550 1729 socii.
607 1694 777 1743 expertis
798 1691 944 1730 audens
966 1707 1191 1731 concurrere
1212 1695 1334 1745 signis

287 1758 367 1800 240
395 1757 459 1795 hic
478 1758 649 1808 Tripolis
666 1759 746 1794 iam
764 1772 851 1795 rura
869 1761 1010 1809 premit
1028 1759 1268 1812 praedasque
1288 1761 1442 1799 rebellis

398 1824 552 1874 diripit,
582 1826 623 1861 in
639 1832 790 1862 nostros
809 1827 1037 1875 promittens
1058 1826 1216 1863 tendere
1233 1828 1344 1865 fines.

396 1891 507 1940 signa
522 1902 679 1926 movere
699 1903 814 1940 paro,
847 1899 903 1929 tot
921 1893 1100 1942 gentibus
1122 1894 1258 1930 obvius
1276 1895 1355 1942 ire,

394 1957 566 1993 externis
589 1957 746 2006 cupiens
764 1958 1003 1995 committere
1025 1959 1173 2008 proelia
1191 1960 1302 1996 terris

395 2029 433 2059 et
450 2022 585 2073 procul
601 2035 622 2058 a
641 2024 780 2060 nostris
798 2030 1038 2074 prosternere
1059 2025 1199 2062 finibus
1218 2023 1373 2074 hostes,

283 2087 362 2130 245
392 2090 522 2127 Africa
539 2101 589 2124 ne
606 2090 730 2126 saevis
754 2091 896 2127 iterum
915 2104 1098 2128 concussa
1119 2092 1240 2129 ruinis

392 2155 481 2205 plus
501 2161 647 2205 pereat.
702 2156 859 2192 turbant
877 2158 1026 2194 animos
1044 2158 1219 2208 impensa
1238 2157 1392 2208 locique

394 2220 647 2272 difficilesque
666 2223 773 2258 viae:
811 2224 950 2260 sterilis
970 2236 1062 2260 nam
1080 2226 1248 2261 cernitur
1267 2236 1405 2261 annus.

390 2286 557 2336 perdidit
577 2288 660 2336 ipsa
680 2301 768 2325 suas
787 2289 901 2326 bellis
920 2291 1117 2340 provincia
1133 2292 1255 2339 vires,

391 2351 469 2388 heu
485 2354 650 2390 nimium
671 2353 821 2392 defessa
838 2356 981 2393 iacens.
1036 2358 1228 2394 exercitus
1249 2357 1386 2406 iugens

281 2419 362 2460 250
389 2432 467 2455 non
486 2421 626 2468 poterit
645 2420 803 2458 sufferre
823 2412 983 2459 samem.
1040 2424 1073 2460 si
1091 2422 1328 2463 admittimus
1345 2420 1474 2459 hostes

389 2486 544 2535 Byzacii
562 2492 756 2524 extremos
776 2494 926 2524 tantum
948 2490 1168 2539 contingere
1187 2489 1281 2525 fines
1293 2516 1305 2537 ,

267 2604 346 2642 ,925
369 2614 462 2638 casas
480 2604 524 2646 la,
557 2608 668 2638 castra
689 2605 732 2646 T,
768 2615 866 2648 agros
883 2604 924 2638 Μ
1071 2607 1136 2641 237
1159 2606 1278 2640 talibus
1293 2606 1409 2640 edictis
1426 2606 1520 2652 apud
1534 2606 1589 2640 M=
1612 2606 1656 2640 cf.
1671 2606 1694 2640 4

278 2650 365 2691 809,
388 2649 409 2683 5
423 2649 501 2683 553.
636 2650 704 2684 240
726 2649 874 2693 tripodes
894 2652 926 2683 Τ
1069 2651 1135 2686 244
1158 2651 1280 2684 uiribus
1301 2653 1332 2685 ‘1'
1474 2651 1540 2687 245
1561 2652 1691 2695 naevis]

276 2694 344 2727 suis
362 2695 408 2738 Ψ,
431 2693 573 2739 propriis
585 2694 625 2737 Μ
756 2696 823 2730 248
846 2694 990 2740 perfodit
1006 2696 1038 2730 Τ
1166 2697 1233 2733 249
1255 2696 1396 2732 distem
1412 2697 1454 2732 T.
