1702 3060
486 111 836 157 IOHANNIDOS
870 113 976 157 LIB.
1008 114 1043 157 Ι.
1429 115 1494 161 39

150 223 364 274 continuit,
395 229 664 276 quantumque
687 224 819 262 virum
840 237 903 262 res
923 225 1082 276 publica
1103 222 1230 264 flevit!

148 305 230 331 non
244 292 341 330 belli
358 293 486 344 rapuit
505 293 669 329 fratrem
683 291 843 329 fortuna
861 299 1079 343 potentem,

153 374 246 399 cum
262 362 405 398 totiens
423 361 549 398 victor
567 373 685 398 saevo
705 367 919 397 remeasset
938 361 986 398 ab
1004 360 1133 400 hoste.

90 434 94 438 ’
151 426 252 478 heu,
282 441 442 480 superas
457 441 566 466 mors
587 427 684 466 dura
699 425 807 479 pios!
866 429 1057 479 genitoris
1076 431 1210 481 imago

39 493 123 539 400
149 497 324 548 Pampus
343 509 427 535 eras
445 497 620 549 natique.
677 494 778 533 mihi
800 495 940 533 solatia
961 497 1062 532 tanti

152 563 272 616 digua
291 564 409 612 mali,
437 564 563 602 victor
583 563 742 615 Stygias
761 562 868 616 quod
888 562 1058 614 despicis
1075 562 1220 602 undas.

149 631 250 671 haec
266 633 352 670 loca
366 645 434 669 me
450 631 582 669 fratris
597 644 818 669 memorem
833 632 965 669 fecere
984 631 1104 681 beati,

149 708 191 739 et
204 701 386 738 lacrimas
401 699 565 737 movere
578 700 702 737 meas.
762 712 864 752 quae
882 699 988 737 bella
1004 707 1165 751 peracta

147 770 276 821 prisca
291 768 366 806 viri
377 796 387 815 ,
419 766 516 805 deus
533 768 618 819 ipse
637 766 740 805 mihi
758 768 926 805 meliora
943 767 1148 807 secundet.

37 834 118 879 405
145 837 198 875 sit
214 837 324 874 locus
341 833 408 873 hio
423 835 525 873 felix
537 865 547 884 ‚
576 836 647 872 illo
664 836 820 873 felicior
837 849 954 886 anno,

146 905 404 956 prosperitate
425 901 505 941 dei.
560 909 695 940 tamen
710 901 811 940 haec
826 916 905 955 quo
921 911 1100 955 tempore
1119 910 1244 943 castra

146 973 378 1023 imperfecta
398 977 560 1008 manent
577 977 686 1008 tanto
710 973 755 1008 in
775 970 999 1009 discrimine
1019 971 1130 1020 belli,

147 1047 246 1093 quot
260 1039 632 1091 populis-subtracta
650 1036 776 1076 salus!
808 1039 971 1077 victoria
989 1038 1113 1089 signis

146 1108 182 1145 si
201 1107 334 1145 faveat
349 1119 422 1158 per
442 1106 548 1144 bella
567 1107 668 1144 meis
684 1135 695 1155 ,
726 1119 799 1158 ego
820 1104 958 1159 'coepta
975 1107 1137 1158 replebo

34 1170 119 1218 410
145 1176 390 1212 munimenta
409 1174 487 1212 loci
504 1174 616 1212 firmo
638 1173 807 1213 solidata
827 1170 1039 1214 metallo.'’

200 1242 268 1281 Sic
283 1242 389 1280 fatus
407 1241 534 1280 doluit
557 1242 730 1282 desertas
750 1244 900 1282 civibus
918 1243 1036 1282 urbes

145 1316 186 1348 et
205 1323 348 1349 vacuas
367 1313 536 1349 tacuisse
557 1310 715 1361 domos,
752 1312 1003 1363 Libycasque
1023 1313 1157 1350 ruinas

141 1379 339 1430 ingemuit
355 1380 569 1427 miserans,
600 1379 780 1431 solvique
804 1392 827 1416 a
846 1380 960 1417 litore
983 1380 1099 1418 funes

142 1447 278 1496 iussit,
307 1452 347 1484 et
368 1448 511 1498 optafis
531 1449 722 1484 concessit
737 1448 860 1484 lintea
879 1449 1020 1485 ventis.

33 1510 115 1556 415
143 1517 258 1553 tertia
279 1515 354 1551 lux
370 1515 517 1565 Tyrios
536 1514 659 1552 oculis
682 1521 772 1566 post
791 1522 970 1566 tempora
992 1528 1128 1554 muros

144 1583 306 1631 obtulit,
341 1588 381 1619 et
398 1582 527 1621 fessae
550 1580 755 1619 ductorem
774 1581 947 1620 reddidit
970 1583 1075 1621 urbi.

198 1651 333 1688 Litora
349 1650 420 1686 vix
437 1650 576 1700 primis
593 1649 718 1700 figens
736 1652 904 1702 vestigia
922 1652 1069 1703 plantis

143 1719 380 1768 contigerat:
411 1719 560 1769 campis
580 1719 683 1756 acies
705 1720 815 1757 exire
836 1720 1011 1768 iubebat,

142 1786 332 1837 praecipit
352 1792 469 1838 atque
489 1785 609 1825 duces
629 1785 771 1826 densas
790 1800 1026 1839 componere
1046 1793 1210 1835 turmas,

31 1851 114 1896 420
141 1855 332 1906 signaque
353 1854 456 1892 ferre
475 1854 599 1892 iubet.
657 1868 836 1894 sulmnus
857 1856 969 1894 dolor
986 1856 1123 1892 incitat
1143 1857 1268 1894 iram:

139 1928 265 1960 terrae
287 1924 431 1975 quippe
450 1921 609 1972 dolens,
641 1937 763 1976 quam
779 1923 933 1963 viderat
952 1925 1059 1974 ipse,
1090 1925 1246 1962 ruinam

141 1997 267 2028 castra
283 1997 432 2028 movet.
487 1991 606 2028 iussis
628 2005 771 2044 parens
794 1994 923 2030 excita
943 1994 1128 2030 iuventus

143 2057 318 2110 deposito
339 2065 494 2111 torpore
514 2062 654 2110 micat,
685 2062 892 2114 olmlisque
910 2061 1124 2111 resumptis

138 2125 244 2163 bella
260 2129 359 2178 petit
374 2129 490 2166 miles
510 2128 668 2179 gladiis.
725 2135 818 2166 tunc
835 2142 925 2166 aere
942 2141 1105 2166 recurvo

29 2190 110 2237 425
139 2207 277 2246 aspera
294 2198 490 2234 raucisoni
509 2196 751 2235 succendunt
766 2198 916 2249 proelia
934 2203 1086 2234 cantus.

138 2263 299 2316 iamque
317 2276 462 2302 novem
477 2265 568 2302 latis
589 2272 798 2317 erumpunt
817 2266 975 2316 agmina
993 2264 1130 2315 portis,

139 2339 354 2384 cumctaque
371 2332 535 2371 ferratas
552 2332 759 2371 effundtuit
771 2335 930 2371 moenia
947 2340 1112 2370 turmas.

139 2397 233 2438 hinc
251 2402 402 2454 equites
421 2403 608 2440 veniunt:
637 2400 818 2453 peditum
835 2415 926 2453 pars
943 2402 1050 2439 lenta
1065 2408 1248 2439 movetur

138 2468 250 2506 mille
273 2471 370 2519 viis,
398 2471 597 2523 pulsuque
614 2470 763 2522 pedum
784 2472 908 2521 gemit
925 2469 1035 2523 arida
1057 2471 1190 2509 tellus.

29 2532 112 2576 450
139 2537 306 2587 qualiter
320 2539 388 2576 ille
405 2540 508 2577 favis
525 2537 682 2591 pulchri
700 2545 883 2590 regnator
902 2538 1021 2590 agelli

27 2655 97 2708 §99
119 2665 256 2710 separas
273 2659 306 2693 Τ
413 2663 482 2697 400
504 2662 633 2708 lampus
651 2662 683 2695 Τ
795 2661 861 2697 401
886 2661 974 2696 scias
992 2662 1025 2696 Τ
1136 2660 1206 2697 412
1230 2659 1356 2695 Lucan.
1375 2659 1398 2694 2
1418 2659 1483 2692 222

27 2705 348 2795 ἓξὲξῦἐῧξηῑέιξὲθὲ
362 2705 490 2744 domus.
513 2709 554 2745 M
572 2710 610 2743 in
623 2708 746 2745 indice.
846 2709 915 2745 417
939 2707 1066 2754 primus
1081 2707 1155 2743 ΜΤ
1244 2706 1311 2742 425
1337 2711 1437 2740 cantu
1454 2704 1487 2739 Τ
