1702 3060
468 91 817 138 IOHANNIDOS
850 89 958 134 LIB.
986 89 1061 134 lv.
1423 83 1487 129 77

155 214 196 246 et
217 206 366 245 bellum
387 205 502 244 civile
525 202 662 242 datum
678 209 751 242 est.
809 207 972 253 cognata
992 204 1179 252 petuntur
1221 211 1224 214 ⁴

153 282 330 328 pectora,
359 274 534 325 cognatis
554 270 775 310 funduntur
795 271 944 308 viscera
966 266 1131 306 dextris.

151 343 429 394 magnanimus
451 341 604 380 Stutiae
625 338 805 390 cognovit
824 337 936 387 signa
954 335 1149 374 Iohannes

153 412 324 463 primus,
355 415 393 447 et
411 408 558 446 inflexo
580 415 713 445 contra
734 405 842 444 stetit
860 404 985 442 acrior
1002 415 1116 450 arcu3

35 479 125 520 170
151 485 192 516 nt
212 478 310 516 socii
327 475 474 528 petiere
494 475 652 526 fugam,
681 474 903 525 faciemque
924 472 1091 509 furentis

152 559 226 584 nec
245 551 406 597 potuere
423 543 519 595 pati.
575 554 696 580 nervo
717 548 850 580 tamen
868 539 936 577 ille
957 538 1141 590 sagittam

153 613 360 664 imposuit,
390 610 627 663 ductamque
645 621 715 648 sua
734 609 924 660 gravitate
941 606 1114 653 remisit3

152 692 299 731 perque
320 679 450 716 femur
469 677 557 716 duri
576 678 755 715 transivit
775 674 924 714 arundo
945 674 1103 726 tyranni

153 747 400 798 confringens
420 759 463 784 os
483 746 598 798 pulsa
615 745 711 793 feri,
741 745 961 796 mollesque
980 739 1175 779 medullas

31 816 123 860 '175
147 816 331 866 contigit,
363 821 402 852 et
421 826 573 852 mersae
593 813 807 850 rubuerunt
828 812 1019 862 sanguine
1037 811 1196 861 pinnae.

153 885 295 920 emicat
313 880 406 920 inde
425 894 558 930 cruor,
589 887 797 932 vestesque
819 881 989 930 aspergit
1011 878 1171 916 heriles.

152 952 306 989 saucius
325 956 364 987 at
384 949 531 988 Stutias
544 978 555 998 ‚
585 947 697 986 letali
716 948 878 985 vulnere
895 947 1034 994 victus,

149 1018 261 1056 flexit
280 1030 426 1070 equum
443 1023 532 1068 post
549 1022 658 1066 terga
675 1015 814 1065 fugax.
872 1012 978 1051 huno
994 1018 1119 1050 morte
1139 1009 1343 1048 cadentem

149 1085 364 1137 suscipiunt
385 1085 501 1132 socii,
536 1082 733 1135 densaque
754 1082 825 1120 sub
847 1082 984 1119 arbore
1000 1086 1164 1132 ponunt.

43 1156 120 1197 180
183 1204 185 1207 Α
203 1154 429 1204 Respiciens
451 1151 575 1189 victor
595 1151 719 1189 socios
740 1163 811 1202 per
828 1157 939 1201 prata
958 1150 1119 1200 fugaces

148 1219 269 1268 vidit3
299 1226 338 1258 et
355 1220 572 1257 iunnensus
598 1217 705 1257 duris
725 1218 836 1257 dolor
853 1219 1004 1256 ossibus
1025 1218 1131 1255 arsit.

147 1296 240 1327 tuuc
259 1288 379 1326 tristis
398 1300 612 1340 casumque
635 1286 774 1325 dolens
797 1294 856 1325 est
875 1299 972 1325 voce
992 1292 1162 1323 secutus.

142 1351 279 1410 iquem
297 1355 458 1406 fugitis,
487 1353 610 1392 socii?
668 1362 797 1393 vestra
819 1361 878 1392 est
895 1354 1077 1401 victoria,
1110 1354 1228 1390 cives.

145 1425 228 1462 iam
251 1423 398 1462 Stutias
419 1429 551 1460 nostra
572 1421 749 1460 confixus
770 1419 960 1459 artuidine
979 1421 1133 1458 bellum

0 1537 1 1549 ἢ
39 1491 118 1536 185
148 1489 338 1538 deseruit,
368 1496 584 1541 prostratus
602 1487 728 1527 humi.
785 1491 998 1527 convertite
1021 1490 1148 1540 signa.

147 1572 226 1612 quo
247 1559 357 1595 ruitis
369 1557 388 1595 ’ἓ
446 1571 524 1610 quo
545 1570 616 1595 vos
630 1557 758 1594 fatum
772 1557 997 1595 miserabile
1015 1555 1121 1594 ducit
1133 1555 1153 1593 ‘l

146 1625 247 1674 heu,
275 1626 398 1663 virtus
419 1627 619 1673 Romana,
649 1619 796 1676 peris?
854 1626 910 1662 sic
932 1625 1092 1663 vocibus
1114 1624 1182 1661 ille

147 1694 330 1746 culpabat
349 1691 513 1744 pavidas
532 1692 705 1730 fatorum
724 1699 826 1730 sorte
850 1699 1038 1731 catervas.

146 1762 217 1801 sed
235 1762 367 1800 nullus
386 1767 476 1812 post
494 1767 604 1812 terga
623 1759 738 1798 redit.
794 1762 994 1799 Maurusia
1011 1762 1135 1799 virtus

36 1834 117 1878 190
142 1831 407 1884 persequitur,
436 1827 688 1881 trepidosque
710 1842 827 1880 super
847 1835 904 1866 tot
926 1829 1037 1866 milia
1061 1834 1232 1866 currunt.

199 1899 346 1938 Alveus
366 1897 493 1934 amnis
515 1902 598 1934 erat
617 1895 759 1935 mediis
780 1903 1012 1949 praeruptus
1032 1898 1074 1934 iu
1097 1897 1214 1946 arvis,

145 1974 310 2020 utraque
330 1971 519 2016 cognatae
541 1963 728 2003 dirimens
747 1965 912 2002 confinia
932 1972 1073 2003 terrae.

143 2033 282 2074 incidit
300 2032 365 2071 hic
384 2033 549 2084 fugitiva
570 2046 733 2083 manus,
762 2035 978 2085 mortisque
1003 2047 1148 2085 pavore

144 2115 216 2155 per
232 2103 335 2153 ripas
353 2101 557 2153 fossasque
576 2099 692 2139 cadit.
750 2102 974 2139 miserabile
994 2102 1120 2139 letum

37 2170 114 2214 195
141 2171 325 2209 nascitur.
382 2166 481 2218 heu,
510 2169 675 2207 miseros
694 2168 850 2220 pondus
872 2170 986 2207 civile
1006 2176 1189 2220 perurget

142 2236 375 2290 hostilisque
393 2234 543 2274 metus!
600 2237 746 2275 multos
763 2237 805 2274 iu
823 2238 901 2275 tela
919 2236 1130 2275 cadentiun

143 2307 311 2358 impetus
330 2306 415 2356 ipse
436 2303 566 2342 dedit:
595 2305 762 2355 propriis
779 2303 899 2342 modo
917 2313 1074 2356 pectora
1094 2308 1217 2344 contis

140 2371 425 2422 transfodiunt3
457 2371 740 2424 dominumque
760 2375 1092 2424 supercrepitante
1113 2376 1226 2411 ruina

143 2440 255 2478 fortis
273 2453 396 2494 equus
415 2442 579 2479 veniens
598 2440 764 2477 immani
779 2439 953 2491 pondere
971 2442 1131 2493 frangit.

33 2509 117 2549 200
144 2508 200 2545 sic
220 2509 335 2559 periit
353 2508 578 2548 miseranda
594 2521 734 2546 manus
751 2509 921 2560 victique
941 2511 1100 2548 tribuni.

145 2573 230 2612 dux
245 2576 364 2615 simul
794 2577 1005 2615 marturius
1022 2578 1102 2616 illis

34 2674 102 2710 166
123 2673 225 2708 tatum
243 2675 278 2708 'I'
392 2675 457 2710 170
478 2688 520 2710 ac
535 2675 624 2722 apud
641 2676 682 2710 M
805 2677 872 2713 172
893 2688 954 2713 sua
970 2678 1052 2713 add.
1069 2678 1111 2712 M
1223 2679 1286 2714 191
1311 2678 1438 2713 medius
1455 2680 1488 2713 T

32 2719 100 2756 201
122 2725 198 2766 post
214 2719 309 2755 simul
323 2719 364 2755 M
377 2731 398 2757 e
411 2721 528 2757 mediis
542 2725 732 2768 postquam.
