1702 3060
591 89 921 134 PRAEFATIO.
1362 101 1485 134 xxvu

240 215 264 239 0
281 215 322 239 se
341 201 498 240 eadem
506 229 524 248 ‚
541 201 663 254 saria
682 215 739 239 un
753 215 862 253 gran
877 201 994 239 salto.

191 269 233 308 d'
253 269 377 308 alcun
395 271 482 308 dico
494 299 508 316 ,
530 284 608 321 per
626 283 726 307 none
744 276 849 307 stare
866 269 1051 306 indarno.

190 340 289 390 agia
304 339 506 390 perdono,
534 340 571 375 si
588 344 788 375 commetto
808 337 967 389 difallo.

35 418 117 445 nnn
133 419 229 446 vero
246 409 297 446 iis
315 410 357 445 in
375 407 552 446 versibus
569 394 720 444 mentio
742 405 810 443 fiat
830 404 880 443 de
899 405 1059 442 Urbano
1079 405 1128 453 6,
1159 411 1269 456 patet
1295 417 1363 442 eos
1392 417 1486 456 spe-

37 481 130 513 {tare
151 475 204 513 ad
224 476 428 514 saeculum
445 473 519 523 14,
551 482 590 512 et
617 481 820 512 auctorem
841 471 989 510 habere
1008 474 1040 510 I.
1060 474 1108 510 L.
1132 471 1181 510 de
1201 475 1325 510 Bonis
1344 487 1398 510 ex
1419 475 1486 510 in-

16 552 19 554 ·
35 542 85 580 Tm
113 541 306 583 dicendis.
364 543 543 595 quinimo
564 544 765 594 pertinent
782 542 950 579 fortasse
969 539 1094 578 iidem
1112 554 1249 579 versus
1271 541 1323 579 ad
1342 546 1488 593 poema

33 610 268 664 §ubsequens
284 613 327 649 in
345 612 432 662 ipso
453 609 601 659 codice,
619 609 728 664 quod
745 608 851 647 hunc
867 610 1031 647 titulum
1047 622 1143 660 prae
1162 623 1204 647 se
1222 611 1322 647 fert:
1350 610 1396 648 V
1387 611 1487 646 icto-

37 679 87 716 ·a‘a
110 681 304 718 virtutum
325 693 398 717 con
418 681 526 717 vitii-5·
555 678 626 732 (id
643 686 703 717 est
723 693 815 716 cum
834 676 966 729 vitiis)
998 678 1314 728 conflictantium
1335 679 1441 717 edita
1459 692 1489 715 a

30 746 274 787 IohanneL.
297 747 346 784 de
361 748 492 785 Boni-s·
512 747 560 785 cle
579 747 735 784 Aretio.
797 747 944 797 incepit
956 746 1119 797 primus
1139 754 1307 785 cantus:

242 817 359 853 unico
371 816 504 866 padre
525 823 652 853 eterno
675 815 766 852 bino
787 822 824 852 et
842 816 965 860 trino,

189 882 375 935 chefisti
393 885 429 921 ei
446 883 537 921 cieli
557 883 600 920 la
618 890 723 920 terra
738 883 773 920 il
788 897 878 921 mar
893 882 922 919 l’
940 880 1072 918 abisso

190 950 221 988 l'
238 951 381 1004 angelo
404 958 442 988 et
461 951 493 988 l’.
508 960 624 985 nomo
634 975 651 994 ,
682 954 719 984 et
740 954 846 984 tacto
866 945 945 984 cosi
953 947 1047 994 sino
1070 953 1146 984 etc.

24 1023 176 1070 septem
201 1027 302 1059 sunt*
323 1023 462 1054 cantus
489 1016 555 1054 vel
589 1016 785 1067 capitula,
824 1028 900 1052 nec
932 1013 1091 1052 videtur
1118 1028 1218 1067 opus
1247 1018 1489 1070 perfectum.

23 1085 210 1137 postremi
229 1098 366 1124 versus
385 1085 546 1136 septimi
562 1081 796 1121 hujusmodi
816 1083 980 1134 capituli
1000 1090 1092 1122 sunt
1107 1084 1199 1122 isti:

237 1153 327 1190 αῖον
341 1154 379 1191 εἰ
394 1142 574 1190 ᾱίνοίαῗο
593 1151 621 1188 l’
637 1151 793 1203 infime
813 1151 921 1187 curie

189 1227 228 1258 et
245 1222 423 1259 Mnosse
440 1220 656 1259 abandona
675 1220 719 1256 in
733 1219 891 1270 grande
910 1219 1017 1268 oficio
1017 1247 1037 1266 ,

185 1296 224 1326 et
239 1303 321 1328 non
329 1292 501 1341 pnnisce
517 1288 648 1340 elzisa
659 1285 739 1339 pila
758 1289 917 1326 iniarie.

8 1361 140 1395 >cantu
166 1356 342 1396 secundo
367 1365 642 1396 memorantur
670 1357 777 1393 inter
802 1358 1084 1407 grammaticos
1108 1356 1276 1410 quidam
1295 1358 1424 1396 Gorus
1445 1354 1496 1395 de

20 1425 180 1475 Aretio,
211 1427 317 1464 inter
347 1425 578 1464 dialecticos
609 1423 786 1472 ocham,
818 1437 941 1476 quem
969 1433 1121 1463 constat
1143 1427 1289 1464 obiisse
1311 1440 1348 1463 a.
1374 1425 1497 1474 1346,

8 1493 125 1531 -inter
147 1501 322 1532 oratores
349 1493 515 1546 quidam
543 1493 757 1540 Faminus‚
787 1490 890 1529 mihi
911 1506 1071 1543 prorsus
1095 1495 1278 1544 ignotus,
1308 1495 1413 1531 inter
1432 1494 1500 1530 iu·-

7 1561 225 1612 *risperitos
249 1563 358 1610 Azo,
387 1559 585 1599 Gofredus
616 1560 809 1613 (fortasse
837 1559 1091 1617 Odqfivdus)
1122 1569 1161 1599 et
1178 1564 1389 1611 Acursius‚
1426 1560 1497 1613 qui

20 1628 238 1668 floruerunt
265 1630 470 1668 Bononiae
503 1629 663 1667 saeculo
694 1629 767 1677 143
809 1636 929 1666 cantu
960 1637 1100 1682 quarto
1132 1632 1237 1669 iuter
1266 1634 1406 1682 poetas
1436 1636 1498 1667 est

7 1697 189 1751 -quidam
208 1695 438 1736 Gercooheo
469 1696 566 1750 (qui
583 1699 627 1734 in
644 1698 827 1748 margine
846 1705 1011 1736 vocatur
1034 1699 1134 1737 Ger-i
1147 1699 1318 1737 Aretino
1327 1728 1345 1746 ,
1375 1706 1414 1736 et
1431 1699 1498 1736 vi-

7 1765 140 1805 detur
151 1766 262 1805 idem
281 1780 368 1805 esse
380 1767 508 1804 Gorus
527 1779 646 1818 supra
667 1773 912 1804 memoratus
930 1768 1035 1805 inter
1052 1766 1382 1820 grammaticos),
1414 1770 1498 1806 Pe-

22 1833 200 1884 tra-cha,
229 1836 380 1873 Dentes
397 1835 647 1885 Alegierins,
675 1842 720 1872 ut
741 1836 800 1872 sic
819 1835 876 1872 ibi
893 1844 1076 1886 vocatur,
1109 1845 1148 1875 et
1163 1838 1300 1874 Fatius
1313 1866 1323 1885 ‚
1354 1836 1498 1888 procul

23 1900 144 1941 dubio
173 1903 246 1941 ille
279 1917 334 1942 ex
359 1904 518 1942 Ubertis
549 1898 687 1941 auct‘or
715 1906 913 1955 poematis
948 1906 1012 1942 cui
1041 1906 1182 1943 titulus
1212 1905 1494 1944 Dittamonclo.

21 1972 110 2024 pari
140 1970 261 2010 modo
298 1980 394 2025 puto
429 1973 580 2011 Garum
617 1974 828 2011 Aretinum
867 1974 986 2011 illum
1027 1987 1134 2022 esse,
1176 1972 1225 2011 de
1255 1987 1334 2026 quo
1364 1981 1499 2012 exstat

22 2045 131 2078 tomo
161 2040 214 2082 15
247 2041 496 2093 Scriptorum
524 2055 657 2078 rerum
685 2041 925 2078 Italicarum
945 2055 986 2093 p.
1007 2044 1088 2084 813
1110 2040 1336 2080 Chronicon
1360 2045 1498 2080 Areti-

21 2119 122 2146 num
142 2107 191 2145 ab
213 2121 250 2146 a.
273 2112 381 2151 1310
400 2109 453 2148 ad
478 2108 598 2151 1384.
657 2111 796 2148 Italico
827 2112 1002 2148 carmine
1025 2111 1146 2161 vulgo
1170 2118 1276 2147 {erza
1296 2112 1402 2148 rima
1423 2110 1499 2148 de-

23 2177 233 2228 scriptum,
262 2178 333 2216 ubi
363 2185 499 2216 auctor
526 2186 690 2217 vocatur
723 2179 797 2217 Ser
833 2178 994 2216 Gorello
1024 2178 1065 2216 αἶ’
1093 2178 1263 2216 Arezzo.
1326 2186 1446 2218 cantu
1469 2178 1499 2223 5

22 2243 186 2284 tandem
205 2247 354 2298 legitur
370 2245 438 2284 hic
456 2259 618 2285 versus:

193 2314 260 2352 chi
273 2314 436 2366 polvere
453 2314 498 2352 cli
517 2313 729 2353 bombarde
748 2330 828 2353 non
838 2315 928 2368 ficn
943 2316 1056 2352 viste.

23 2393 79 2420 α
103 2382 248 2435 quibus
275 2384 460 2422 omnibus
490 2384 612 2422 simul
643 2385 814 2435 sumptis
844 2385 975 2422 elucet
999 2384 1152 2423 vixisse
1177 2390 1383 2422 auctorem
1410 2390 1503 2436 post

23 2449 203 2488 medium
219 2452 426 2490 saeculum
447 2450 515 2494 14.
573 2450 650 2490 1100
669 2451 813 2490 itidem
836 2459 990 2491 constat
1011 2466 1064 2491 ex
1084 2455 1170 2491 eius
1188 2453 1376 2505 operibus
1397 2466 1502 2506 quae

26 2518 227 2557 continent
245 2520 316 2558 alii
335 2522 398 2559 sui
418 2519 596 2570 codices,
629 2519 680 2559 de
699 2521 844 2574 quibus
864 2521 969 2559 infra
985 2522 1108 2559 verba
1126 2521 1288 2559 faciam.
1349 2522 1501 2572 elegias

26 2583 212 2636 tandem,
241 2601 412 2641 quarum
442 2590 629 2628 meminit
659 2589 880 2639 Quadrius,
909 2588 986 2628 hoc
1012 2591 1059 2630 in
1081 2588 1217 2628 codioe
1243 2602 1327 2627 non
1353 2588 1500 2639 reperi,

26 2652 99 2691 sed
119 2667 256 2694 eorum
272 2658 360 2698 loeo
377 2661 548 2712 Eclogas
570 2662 647 2708 12,
677 2671 781 2711 quae
803 2671 953 2697 nomen
972 2660 1146 2696 auctoris
1164 2658 1324 2697 nullum
1341 2670 1436 2708 prae
1456 2669 1501 2693 se

26 2721 181 2774 ferunt,
211 2737 286 2764 neo
310 2734 447 2767 tamen
463 2727 635 2769 Iohanni
657 2726 706 2766 de
724 2729 848 2768 Bonis
870 2734 965 2768 sunt
981 2725 1242 2776 tribuendae,
1275 2723 1348 2764 sed
1365 2724 1501 2763 mani-
