1702 3060
470 106 821 152 IOHANNIDOS
853 105 958 150 ΠΒ.
988 106 1048 150 V.
1400 101 1495 148 119

44 216 126 264 460
151 217 313 257 nuntius
333 232 423 257 ecce
439 219 578 258 volans
598 218 732 256 retulit
754 217 826 255 sub
845 225 960 256 nocte
979 216 1113 274 silenti

154 299 197 324 se
213 287 351 338 procul
375 300 398 324 a
418 287 536 325 fossis
553 288 631 324 late
649 284 793 323 vidisse
815 297 976 322 suorum

155 353 386 392 innumeros
404 355 537 392 lucere
558 354 690 402 focos,
723 365 794 390 seu
813 365 952 390 sensus
973 352 1151 402 Ilasguas

118 440 125 447 -
155 433 366 460 conversus
386 430 476 474 post
494 430 605 473 terga
626 419 751 468 redit,
793 433 864 457 seu
887 420 1072 470 proxima
1096 425 1221 458 tentat

0 530 1 541 ἵ
156 489 358 527 Astricum
377 503 474 541 gens
495 495 620 527 castra
641 489 754 526 loeis.
810 486 1020 524 manifesta
1041 487 1168 523 relatu

0 544 1 563 ³
45 551 128 598 465
154 569 235 594 non
249 558 378 595 fuerat
398 571 479 595 vox
497 557 582 594 illa.
639 569 710 594 suo
733 554 829 592 dum
847 560 1004 606 pectore
1029 552 1171 591 ductor

157 626 350 676 perquirit
370 626 509 662 sollers
531 631 696 675 angusto
714 630 891 674 tempore
914 634 1051 660 causas

159 698 198 729 et
217 699 347 743 stupet
362 693 403 729 in
425 691 574 741 dubiis,
604 693 768 730 veniens
786 704 904 742 super
923 703 1012 728 ecoe
1033 697 1196 741 repente

159 760 304 797 Cusina
321 759 422 798 fidus
446 759 580 807 adest,
609 760 735 796 multa
758 760 927 810 stipante
950 764 1127 806 caterva,

159 834 278 879 atque
297 826 388 883 duci
409 829 466 865 sic
483 829 611 864 laetus
628 828 697 864 ait.
748 822 966 877 “fugitivus
994 826 1173 876 Ilasguas

49 890 131 936 470
158 893 251 932 hinc
270 896 408 932 furtim
427 896 593 932 transire
611 902 723 946 parat
746 893 922 932 defectus
939 895 1116 942 inermis,

93 1000 104 1009 ,
161 962 352 1014 languida
370 970 493 1000 castra
511 976 689 1001 movens.
748 970 905 1013 tempus
926 962 1036 998 venit
1056 982 1107 988 —
1131 961 1259 1011 arripe
1274 962 1401 1014 signa,

162 1032 339 1068 maxime
359 1029 565 1067 ductorum
587 1052 638 1057 ——
656 1030 805 1067 fessam
825 1027 946 1066 modo
965 1027 1131 1080 perdere
1152 1036 1337 1079 gentem:

161 1110 334 1151 namque
351 1105 410 1136 est
429 1099 596 1135 militiae
613 1097 743 1135 facilis
762 1097 887 1134 labor.
946 1098 1075 1134 amnis
1096 1110 1243 1148 opacus

163 1166 277 1204 alluit
298 1165 532 1204 mnbriferas
553 1163 740 1202 viridanti
763 1166 942 1215 margine
967 1166 1072 1216 ripas
1086 1194 1098 1214 ,

52 1227 134 1274 475
162 1232 364 1272 arboribus
380 1241 514 1285 septus
536 1235 656 1271 variis
678 1240 717 1270 et
734 1232 926 1270 arundine
948 1233 1103 1284 glauca.

163 1297 243 1338 huc
258 1309 395 1352 gentes
411 1301 595 1339 tendunt.
652 1303 771 1353 primi
791 1303 995 1339 veniamus
1015 1301 1066 1338 ad
1085 1300 1258 1351 undam,

164 1376 282 1421 atque
301 1378 439 1408 omnes
461 1378 668 1407 teneamus
689 1364 845 1421 aquas.”
885 1370 1068 1421 placuere
1087 1370 1286 1422 loquentis

165 1437 285 1475 verba
305 1439 380 1475 viri
399 1438 569 1489 populo:
601 1437 739 1474 ductor
757 1444 891 1474 tamen
913 1439 970 1474 ire
986 1437 1144 1474 vetabat
1157 1467 1167 1486 ,

167 1503 314 1543 defessi
333 1507 505 1543 retinens
523 1504 758 1542 iamdudum
777 1518 980 1542 murmura
999 1505 1109 1555 vulgi

55 1567 137 1614 480
164 1580 323 1624 pectore
342 1574 525 1611 sollicito.
581 1571 653 1610 sed
674 1574 761 1624 quis
781 1580 990 1624 praecepta
1015 1573 1189 1611 iubentis

168 1647 272 1678 certa
297 1640 362 1679 dei
381 1655 566 1693 superare
587 1648 704 1694 queat
722 1641 787 1678 vel
802 1643 938 1679 sistere
958 1640 1120 1679 contra?

169 1716 295 1746 castra
319 1723 484 1748 movens
505 1709 641 1747 ductor
661 1716 836 1760 comptas
858 1710 967 1748 iubet
982 1711 1039 1747 ire
1057 1709 1236 1749 cohortes

167 1791 239 1830 per
255 1792 441 1817 numeros
458 1786 687 1829 turmasque
704 1790 808 1815 suas.
867 1785 962 1815 tunc
977 1779 1109 1829 pulvis
1129 1780 1170 1817 in
1191 1781 1316 1818 altum

170 1848 438 1898 conglomerat
457 1846 583 1883 nubes
603 1851 722 1897 atque
742 1844 901 1883 aethera
917 1847 1048 1884 turbat
1065 1849 1209 1886 arenis.

58 1913 139 1958 485
169 1914 379 1953 infandum
398 1914 580 1965 carpebat
598 1916 696 1964 iter,
728 1915 927 1967 collesque
946 1916 1143 1966 malignos

169 1984 291 2020 tristis
312 1989 351 2020 et
369 1983 560 2020 infaustos
579 1983 825 2021 monstrabat
846 1984 998 2020 Gallica
1023 1997 1198 2035 campos.

172 2049 439 2088 conscendens
456 2052 578 2089 Titan
602 2051 728 2088 altum
749 2052 978 2089 flammabat
997 2053 1213 2103 Olym'Pmn

170 2120 346 2157 curribus
363 2119 543 2170 igniferis
555 2148 566 2167 ,
596 2118 775 2156 mediiun
792 2133 883 2156 cum
901 2120 1074 2156 fluminis
1095 2121 1253 2158 alveum

172 2189 346 2225 alternae
368 2200 536 2238 posuere
555 2187 672 2224 acies.
727 2186 801 2225 sed
819 2188 998 2239 Syrticus
1018 2185 1143 2225 hostis

63 2253 145 2299 490
173 2257 364 2294 continuit
383 2261 531 2292 terrore
553 2253 741 2304 gradum,
772 2262 954 2306 retroque
975 2261 1177 2294 revertens

176 2322 348 2361 deseruit
366 2324 471 2373 ripas
486 2329 697 2374 optataque
718 2322 880 2359 flumina
900 2323 1031 2374 liquit.

230 2391 427 2442 Praecipit
445 2389 512 2426 hic
534 2389 671 2428 ductor
690 2391 815 2428 fossas
835 2398 874 2428 et
894 2397 1019 2428 castra
1037 2390 1184 2438 locari3

180 2472 226 2496 ac
241 2461 408 2496 Martem
429 2457 585 2495 differre
603 2472 714 2496 mora
730 2471 984 2510 pugnamque
1006 2460 1187 2510 sequenti

178 2527 266 2565 luce
283 2540 442 2564 movere
460 2539 623 2578 parans,
652 2527 827 2564 labentia
844 2528 1008 2564 flumina
1024 2534 1180 2566 tantum

66 2593 148 2636 495
178 2601 217 2631 et
235 2595 402 2646 sumptis
420 2595 558 2632 latices
576 2595 690 2633 iussit
714 2594 928 2633 defendere
949 2597 1055 2634 telis.

66 2692 137 2728 462
158 2665 274 2727 rursus
290 2693 340 2728 M.
358 2705 406 2727 uu
420 2694 614 2729 fessus?-ut
629 2694 695 2729 437
713 2699 746 2727 et
764 2693 845 2729 472.
959 2695 1028 2732 463
1050 2696 1158 2730 tendit
1173 2695 1214 2729 M
1334 2695 1403 2730 464
1426 2695 1526 2730 astri-

68 2738 174 2774 riuum
192 2740 226 2773 Τ
312 2740 381 2774 470
405 2739 540 2774 derettis
558 2741 591 2775 Τ
677 2740 744 2775 483
768 2741 869 2786 tunc]
885 2744 921 2776 te
939 2742 971 2777 Τ
1061 2743 1129 2778 484
1152 2741 1404 2785 conglumerans
1425 2743 1464 2776 Τ.
