1702 3060
244 102 338 149 382
676 101 861 146 NOTAE
892 100 952 144 IN
985 100 1202 145 LIBRUM·
1226 100 1267 145 11

356 213 450 253 238.
506 214 549 246 ut
581 221 698 259 supra
726 210 769 247 in
798 209 919 247 servis
951 215 1017 247 aut
1043 210 1187 247 talibus
1217 206 1367 246 cultum
1395 207 1581 248 diurnum
1605 224 1655 262 pl·⁴

247 267 327 306 vita
347 265 485 303 diurna
506 263 621 313 dixit,
650 266 706 302 ita
723 263 843 302 modo
862 264 910 302 de
928 265 1095 303 rusticis.
1152 265 1209 303 sic
1228 266 1351 302 vitam
1369 264 1570 314 diumam,
1598 279 1657 319 qu=

244 325 285 359 in
303 321 409 359 diem
428 333 527 371 opus
547 322 713 372 quisque
733 319 866 359 habet.
920 321 1024 357 infra
1040 334 1079 358 v.
1102 322 1196 360 376.
1252 321 1416 358 Burru-

351 375 445 417 240.
477 374 595 412 bonos
614 377 772 414 colonos
795 375 900 424 dicit,
928 375 1035 428 quod
1052 376 1414 413 innocentissimum
1433 387 1555 426 genus
1574 375 1659 413 vita·

240 431 477 482 agricultura
496 432 746 468 aestimatum
763 433 812 469 sit
833 433 916 468 fere
937 445 1105 483 semper.
1164 432 1220 468 sic
1237 429 1344 481 apud
1362 438 1513 468 veteres
1531 432 1659 468 Roma-

239 500 324 534 nos,
355 488 423 538 qui
442 488 616 523 maxime
636 486 870 524 laudabatur
888 487 1014 524 bonus
1034 489 1115 534 vir,
1147 485 1269 522 honus
1285 485 1659 536 agricolafbonusqu

240 542 399 579 colonus
419 541 639 588 dicebatur,
667 550 711 580 ut
729 542 848 580 tradit
868 544 923 579 M.
942 544 1037 580 Cato
1056 543 1170 579 initio
1191 541 1239 578 de
1253 555 1295 578 re
1313 542 1475 578 rustica.
1516 547 1555 578 et
1574 553 1660 590 apu«

238 598 489 635 Aristotelem
529 598 684 634 Politic.
720 601 766 638 6:
816 596 1009 650 βέλτιστος
1048 599 1174 648 δῆμος
1205 595 1226 638 ὁ
1250 594 1476 650 γεωργικός.
1544 609 1662 633 versu,

238 660 371 689 autem
404 653 469 690 isti
495 653 655 703 Corippi
692 651 815 690 divini
849 660 939 691 sunt
979 660 1019 690 et
1059 653 1196 705 quovis
1227 654 1405 690 maximo
1438 657 1526 690 vate
1554 650 1662 701 digni

237 710 401 746 BAnTn.
1632 735 1635 737 >

348 762 443 803 248.
499 763 673 801 imitatus
705 770 762 800 est
790 763 996 800 Horatium
1027 764 1047 803 1
1077 760 1140 799 od.
1170 764 1218 802 7:
1261 761 1470 800 mobilibus
1492 762 1663 812 pomaric

238 819 346 856 rivis.
408 819 593 856 Dmurs‘r.

352 871 448 913 244.
507 872 616 925 quod
634 885 793 910 sensum
812 879 938 910 terrae
956 870 1161 919 adscribit,
1205 884 1306 923 quae
1323 872 1426 909 culta
1444 871 1660 923 respoudea
1680 913 1687 916 ,

241 929 349 966 velut
374 935 483 978 grato
503 931 634 966 animo
655 929 816 976 cultori,
855 927 1028 964 alludere
1057 926 1213 963 videtur
1230 926 1507 977 dialogismum
1525 927 1665 977 perele-

242 991 403 1035 gantem
420 984 518 1020 ruris
539 996 627 1020 cum
648 983 785 1019 colono
805 982 910 1032 apud
927 983 1162 1032 Septimium
1181 983 1384 1030 Serenum,
1405 984 1473 1034 qui
1493 983 1666 1032 opuscul}

242 1040 343 1076 ruris
366 1040 604 1089 conscripsit,
637 1038 706 1075 ubi
729 1039 801 1074 ait:
832 1039 963 1088 inquit
978 1039 1130 1074 amicus
1150 1051 1246 1088 ager
1262 1038 1433 1075 domino.-
1463 1038 1499 1074 εἰ
1515 1037 1607 1074 bene
1625 1051 1667 1074 m

232 1095 391 1146 facias,
433 1095 605 1130 memini.
666 1094 722 1130 sio
745 1100 887 1143 gratus·
910 1106 1004 1143 ager
1031 1094 1255 1130 nominatur
1284 1106 1306 1129 a
1333 1093 1503 1130 Martiali
1528 1095 1578 1133 10
1602 1091 1654 1133 47

242 1164 321 1186 non
342 1150 525 1199 ingratus
544 1161 657 1198 ager,
673 1147 798 1197 jbcus·
809 1150 1007 1198 perennis.
1068 1155 1200 1185 contra
1219 1148 1388 1184 mendax
1402 1147 1582 1198 fundus,
1611 1160 1663 1199 qu

240 1206 330 1255 plus
353 1204 563 1254 pollicetur
584 1215 703 1254 quam
722 1210 905 1254 praestat,
936 1202 1042 1254 apud
1059 1204 1265 1240 Horatium
1286 1206 1311 1244 3
1335 1206 1370 1243 1.
1406 1205 1568 1241 Bina.

351 1257 448 1299 245.
503 1260 631 1308 magis
658 1265 752 1308 puto
781 1272 833 1296 ex
858 1261 974 1310 genio
1006 1259 1186 1309 Corippi,
1226 1259 1284 1294 sie
1319 1257 1412 1295 bene
1431 1260 1669 1308 promeritos.

240 1317 399 1354 Voucx.
1469 1315 1486 1344 '‚

349 1368 404 1406 ib.
458 1369 712 1419 promeritos]
743 1370 798 1406 ita
816 1369 990 1417 restitui,
1020 1382 1110 1407 cum
1130 1376 1244 1407 antea
1260 1369 1457 1420 legeretur
1470 1382 1547 1419 pro
1561 1369 1671 1406 meri.

239 1426 301 1462 tis.
361 1426 486 1462 RrrT.

352 1479 406 1516 ib.
469 1477 664 1516 distinctio
695 1478 949 1529 sequentibus
977 1478 1082 1530 apud
1101 1480 1314 1531 Cor-ippum
1330 1478 1448 1516 nihili
1466 1484 1524 1516 est
1544 1479 1672 1529 vulgo.
1700 1475 1702 1503 ἶ

239 1536 295 1574 sic
314 1534 556 1573 ordinanda:
595 1541 697 1570 terra
716 1534 824 1570 velut
839 1534 1025 1585 pinguis,
1068 1537 1179 1572 cuius
1208 1549 1295 1584 spes
1317 1547 1483 1586 magna:
1523 1541 1674 1571 senatu-s

238 1591 305 1627 hie
320 1592 446 1641 floret
460 1591 616 1628 virtute.
678 1587 750 1626 sed
766 1596 901 1626 tamen
921 1597 960 1627 et
980 1597 1136 1628 senatus
1157 1604 1247 1641 spes
1263 1602 1407 1640 magna
1425 1589 1482 1626 rei
1499 1589 1674 1639 publicae
1697 1601 1702 1604 ⁴

239 1645 318 1683 dici
340 1652 483 1697 potest.
541 1647 706 1682 BARTH.

349 1700 446 1742 246.
503 1699 688 1738 Barthius
708 1700 763 1736 ita
782 1698 1046 1751 distinguebat
1070 1707 1115 1737 ut
1138 1701 1256 1738 verba
1286 1701 1399 1737 euius
1424 1713 1511 1750 spes
1530 1713 1675 1750 mag-nn

239 1755 291 1793 ad
307 1757 497 1807 pinguem
515 1763 661 1793 terram
678 1755 926 1805 referrentur,
956 1754 1027 1794 sed
1042 1755 1142 1793 1111111
1161 1754 1304 1794 arridet
1320 1755 1447 1806 magis
1463 1755 1607 1792 referre
1628 1755 1676 1824 ad

241 1812 540 1862 rempublicam.
595 1812 726 1848 Boeo.

353 1866 449 1907 250.
506 1866 645 1903 fiscum
676 1865 972 1915 imperatorium
1012 1873 1210 1916 comparat
1239 1866 1366 1904 ventri
1390 1864 1564 1903 humano
1576 1894 1587 1914 ‚
1634 1873 1677 1904 ut

242 1923 447 1960 Menenius
473 1920 579 1972 apud
595 1922 855 1957 Halicarnass.
877 1923 901 1960 6
932 1919 983 1957 ad
1009 1921 1128 1957 finem
1161 1928 1339 1958 senatum
1366 1922 1492 1958 ventri
1522 1920 1675 1958 eidem:

243 1976 346 2017 ἔοικέ
365 1992 451 2024 πως
467 1973 706 2030 ἀνθρωπείῳ
731 1972 879 2027 σώματι
897 1972 1032 2024 πόλις,
1062 1989 1181 2028 quem
1198 1977 1333 2014 locum
1351 1974 1474 2014 debeo
1493 1975 1677 2014 eruditis-

243 2033 343 2070 simo
366 2033 449 2070 viro
473 2039 511 2069 et
527 2033 762 2069 amicissimo
782 2030 868 2068 Ioh.
889 2030 1065 2069 Cordano
1087 2033 1136 2069 Ic
1154 2060 1164 2080 ‚
1206 2033 1298 2083 quia
1314 2038 1358 2068 ut
1375 2030 1468 2068 inde
1483 2030 1679 2069 derivatur
1698 2039 1702 2043 ”

244 2089 478 2125 alimentmn
495 2089 538 2124 in
555 2100 691 2124 omnes
709 2088 880 2137 corporis
897 2093 1047 2137 partes,
1089 2100 1166 2139 quo
1194 2087 1347 2138 singula
1363 2087 1539 2124 membra
1556 2099 1676 2138 vege-

242 2149 395 2191 tentur,
435 2145 490 2180 ita
518 2155 657 2193 regum
677 2155 770 2193 opes
790 2141 963 2179 subsidio
984 2155 1068 2180 esse
1087 2142 1231 2180 debent
1247 2143 1396 2180 civibus
1411 2143 1545 2193 inopia
1564 2143 1676 2181 labo-

242 2199 429 2238 rantibus.
486 2199 680 2236 Traianus
700 2200 900 2248 Augustus
922 2197 1076 2235 dicebat
1081 2199 1232 2247 fiscum
1253 2199 1349 2235 lieni
1363 2198 1545 2243 similem,
1573 2199 1680 2248 quod

242 2267 283 2290 eo
311 2260 498 2290 crescente
522 2261 634 2291 artus
657 2254 799 2303 reliqui
829 2253 1075 2291 tabescerent.
1134 2255 1269 2292 Aurel.
1286 2254 1482 2298 >Victoris]
1498 2253 1675 2302 Iuliano3

240 2314 351 2346 notat
367 2309 561 2346 corasius.
619 2307 823 2347 Claudian.
846 2308 894 2346 de
913 2308 939 2350 4
954 2312 1058 2346 Hon.
1077 2310 1302 2348 consulatu:
1333 2322 1412 2346 non
1428 2315 1498 2345 tua
1506 2309 1677 2358 privatis·

242 2371 419 2400 crescunt
437 2366 591 2401 aeraria
611 2365 779 2402 damnis.
839 2365 908 2402 ubi
925 2366 1130 2414 aerarium,
1160 2364 1267 2417 quod
1283 2365 1400 2402 totius
1421 2371 1479 2401 est
1495 2365 1673 2412 civitatis,

240 2419 372 2469 posuit
397 2432 467 2469 pro
492 2419 602 2467 fisco,
643 2422 711 2471 qui
738 2419 860 2457 veluti
885 2422 1082 2471 privatum
1103 2422 1276 2458 Caesaris
1299 2426 1358 2456 est
1380 2420 1674 2470 patrimonium«.

242 2475 384 2511 Alciat.
407 2474 592 2511 emblem.
615 2474 712 2516 146:
741 2476 909 2512 humani
934 2477 1042 2527 quod
1061 2476 1172 2526 splen
1188 2483 1244 2512 est
1263 2476 1448 2524 corporis,
1475 2476 1517 2511 in
1531 2474 1676 2525 populi

243 2543 284 2566 re
301 2530 375 2566 hoc
399 2530 544 2566 Caesar
549 2530 700 2577 fiscum
721 2530 860 2567 dcix-erit
878 2544 956 2568 esse
973 2545 1101 2568 suum.
1150 2531 1255 2579 fisco
1275 2538 1390 2568 aucto
1407 2529 1551 2581 reliqui
1565 2529 1676 2567 tabo-

242 2592 357 2622 scunt
385 2586 554 2635 corporis
575 2592 704 2630 artu-s,
729 2586 834 2633 fiseo
853 2594 968 2623 aucto
986 2588 1168 2637 arguitur
1184 2588 1309 2624 civica
1323 2587 1546 2636 pauperies.
1606 2583 1671 2621 adi

245 2640 299 2677 ad
317 2641 593 2678 commentaria
613 2640 864 2679 eruditissimi
885 2643 988 2679 senis
1010 2641 1165 2680 Claudii
1181 2643 1336 2679 Minois.
1368 2642 1552 2679 Dmn’sr.
1570 2658 1572 2666 ν
1587 2640 1682 2677 elem

243 2697 468 2746 gautissima
491 2697 726 2748 comparatio
739 2726 750 2747 ,
781 2710 858 2750 qua
878 2705 916 2735 et
933 2696 1155 2736 Hadrianus
1178 2698 1360 2749 pontifex
1379 2709 1472 2735 usus
1492 2702 1550 2734 est
1566 2693 1672 2746 apud
