1702 3060
294 135 386 181 150
894 133 1114 176 CORIPPI

400 247 439 279 et
457 241 606 288 veniet,
636 238 809 287 confido,
839 241 979 289 citum3
1009 247 1220 291 gentesque
1239 240 1431 290 malignas

399 309 615 355 confringet
634 307 775 343 virtute
796 305 912 354 deus,
940 313 1166 358 nostrosque
1189 306 1339 343 labores

398 374 594 423 respiciet,
622 374 841 424 nostrisque
862 373 968 410 dabit
984 386 1085 410 nova
1106 371 1247 423 gaudia
1269 373 1398 411 rebus.

289 439 370 479 220
398 445 455 474 ast
474 439 539 474 ubi
558 439 738 488 perfectis
761 440 940 476 caelestia
960 452 1120 476 munera
1142 440 1260 476 sacris

400 504 580 540 obtulerit
600 503 757 542 domino
774 505 1018 542 venerandus
1035 507 1105 542 rite
1124 503 1316 552 sacerdos,

398 577 564 622 votaque
582 572 779 609 Romanus
800 574 1026 622 persolverit
1048 571 1182 610 ordine
1205 570 1331 617 miles,

399 650 590 687 ponemus
612 650 780 675 mensas.
837 652 914 676 neu
933 640 1047 689 longe
1066 640 1211 689 pascite
1231 636 1378 686 campis

400 703 691 754 quadrupedes,
720 705 844 754 epulis
863 707 1047 757 quoniam
1067 704 1114 741 de
1133 717 1240 741 more
1258 703 1422 752 receptis

290 769 369 810 225
400 777 522 806 castra
540 783 696 806 movere
712 771 858 821 placet,
888 784 968 807 non
983 773 1106 808 tristia
1122 772 1274 807 mittere
1289 770 1407 816 bella,

399 835 470 873 sed
493 843 644 873 tantum
666 850 871 888 properare
895 837 989 874 locis
1010 843 1053 872 ut
1073 837 1159 873 luce
1184 837 1374 886 sequenti,

401 915 496 939 mox
514 904 639 952 primo
657 903 849 941 mundum
867 915 1102 952 consurgens
1117 904 1293 951 margine
1310 899 1491 938 Phoebus

398 970 671 1006 flammivomis
693 972 889 1020 continget
909 971 1019 1020 equis
1033 998 1042 1016 ,
1073 970 1311 1005 committere
1326 980 1499 1018 pugnam

400 1036 537 1072 vicinis
558 1037 672 1072 liceat
691 1037 855 1072 ferventi
878 1035 995 1072 caede
1015 1037 1178 1071 Latinis.

289 1101 372 1140 230
398 1114 472 1137 nec
489 1102 651 1151 longum
669 1103 866 1153 quassabit
883 1103 976 1149 iter,
1011 1103 1243 1152 sonipesque
1259 1099 1456 1152 pedesque

402 1167 512 1204 sortis
534 1169 625 1215 erit,
655 1175 867 1221 gentesque
885 1169 987 1205 feras
1006 1170 1146 1205 virtute
1166 1168 1332 1204 necabit.
1342 1163 1362 1180 ”

402 1242 608 1283 assurgunt
630 1236 796 1271 clamore
818 1237 912 1283 viri,
940 1233 1206 1285 plauduntque
1226 1234 1436 1284 faventque

401 1301 676 1351 exsultantque
698 1302 852 1338 animis.
908 1300 1070 1338 redeunt
1088 1303 1130 1337 iu
1150 1307 1273 1337 castra
1293 1298 1482 1336 cohortes.

456 1367 536 1402 Nec
554 1368 683 1404 minus
701 1374 739 1403 et
756 1369 950 1404 Nasamon
969 1366 1119 1403 diversa
1138 1368 1178 1403 iu
1194 1373 1301 1417 parte
1323 1366 1501 1414 rebellis,'

292 1428 373 1470 235
403 1434 609 1469 consilium
626 1432 778 1469 infandi
792 1434 939 1471 faciens
958 1447 1027 1484 pro
1043 1440 1215 1483 tempore
1233 1433 1342 1479 belli,

400 1498 520 1549 impia
541 1506 726 1549 cognatae
747 1507 989 1537 contraxerat
1009 1501 1163 1550 agmina
1179 1500 1326 1547 turbae,

403 1571 519 1616 atque
540 1567 634 1604 alias
652 1567 818 1618 Libyam
834 1568 949 1604 bellis
969 1579 1064 1618 quas
1084 1565 1259 1603 scindere
1278 1571 1414 1615 gentes

399 1634 638 1683 compulerat
660 1633 865 1684 praedonis
885 1647 993 1670 amor
1011 1634 1200 1683 sortisque
1218 1631 1410 1668 nefandae

401 1706 576 1737 extremo
597 1702 678 1736 iam
694 1701 816 1737 Marte
835 1699 933 1738 dies.
990 1699 1204 1736 Guenfeius
1221 1711 1310 1746 una,

291 1759 372 1803 240
396 1777 531 1815 aspera
555 1767 658 1802 bella
683 1767 809 1814 ciens,
840 1768 969 1803 animo
995 1766 1171 1803 consulta
1192 1766 1366 1813 revolvit,

399 1831 606 1881 impatiens
631 1831 785 1868 differre
806 1831 887 1869 diu.
943 1839 1075 1868 tamen
1095 1830 1228 1869 ordine
1247 1833 1396 1881 primus

403 1898 592 1934 Care-asan
613 1899 667 1935 sic
691 1911 799 1935 orsus
823 1900 889 1935 ait.
941 1893 1095 1935 “vicina
1117 1895 1301 1934 Iohannis

403 1970 526 2000 castra
549 1971 731 2015 premunt
743 1993 753 2012 ‚
784 1971 821 2001 et
841 1978 957 2003 saeva
976 1965 1101 2001 fames
1122 1965 1202 2000 iam
1222 1964 1441 2014 comprimit
1459 1977 1608 2002 omnes.

403 2030 582 2078 gentibus
600 2043 678 2067 una
696 2032 822 2079 salus,
854 2032 1020 2068 celerem
1037 2032 1274 2067 committere
1292 2043 1476 2080 pugnam,

294 2090 372 2134 245
403 2093 497 2132 dum
519 2095 666 2134 solidae
689 2098 791 2134 vires
808 2099 1073 2134 membrorum
1091 2098 1226 2134 robore
1251 2104 1439 2135 constant.

404 2175 497 2199 nam
518 2162 712 2214 pecudum
733 2176 820 2213 spes
840 2165 922 2201 sola
943 2165 1066 2214 epulis
1088 2170 1126 2200 et
1141 2162 1364 2214 lymphiger
1382 2165 1506 2201 amnis

403 2236 592 2266 sustentat
610 2243 790 2280 suprema
806 2231 937 2268 viross
978 2232 1057 2267 iam
1077 2231 1189 2266 farris
1207 2230 1254 2265 ab
1274 2231 1381 2267 omni

404 2293 545 2332 defecit
564 2299 782 2333 Nasamone
802 2309 939 2346 genus.
994 2309 1211 2333 memorare
1229 2298 1404 2347 Lyaeum

405 2373 484 2397 non
504 2375 601 2412 opus
624 2369 702 2399 est:
732 2364 839 2400 iuvat
857 2362 961 2399 unda
983 2363 1118 2400 fluens.
1175 2364 1209 2400 si
1227 2364 1417 2400 vincimus
1437 2361 1579 2411 hostes,

295 2424 376 2466 250
403 2428 533 2463 omnia
552 2429 709 2465 Maurus
730 2427 868 2477 habet,
898 2436 1088 2480 prostrato
1106 2430 1228 2466 milite
1247 2436 1368 2465 castra

406 2491 592 2543 diripiens
614 2501 670 2530 tot
688 2495 803 2545 plena
822 2495 947 2532 bonis.
1004 2497 1166 2531 immota
1185 2496 1397 2532 manebunt

406 2573 539 2596 securo
557 2573 739 2610 responsa
759 2560 878 2608 mihi,
908 2574 1006 2612 quae
1026 2563 1200 2610 corniger
1217 2563 1387 2598 Ammon

298 2657 365 2691 223
390 2657 475 2702 neu]
494 2664 558 2691 nae
573 2658 665 2702 apud
682 2657 720 2690 M
807 2657 872 2693 227
895 2659 988 2702 mox]
1009 2659 1108 2691 cum?
1198 2659 1264 2692 229
1286 2658 1399 2691 laturis
1415 2659 1489 2692 ΜΤ
1571 2660 1638 2696 235
1661 2672 1702 2694 ne

298 2702 418 2747 phandi
435 2703 467 2736 Τ
487 2715 494 2724 “
599 2703 664 2739 239
687 2707 836 2737 extrema
849 2703 913 2736 iam
927 2712 1034 2737 morte
1047 2704 1120 2737 MT
1251 2704 1315 2739 247
1341 2703 1417 2737 uiris
1431 2705 1481 2739 M.
