<?xml version="1.0" encoding="UTF-8"?>
<!DOCTYPE html PUBLIC "-//W3C//DTD XHTML 1.0 Transitional//EN"
    "http://www.w3.org/TR/xhtml1/DTD/xhtml1-transitional.dtd">
<html xmlns="http://www.w3.org/1999/xhtml" xml:lang="en" lang="en">
 <head>
  <title>
</title>
<meta http-equiv="Content-Type" content="text/html;charset=utf-8" />
  <meta name='ocr-system' content='tesseract 3.04.00' />
  <meta name='ocr-capabilities' content='ocr_page ocr_carea ocr_par ocr_line ocrx_word'/>
</head>
<body>
  <div class='ocr_page' id='page_1' title='image "./corpusscriptorum35niebuoft_0416.png"; bbox 0 0 1702 3060; ppageno 0'>
   <div class='ocr_carea' id='block_1_1' title="bbox 233 131 1227 180">
    <p class='ocr_par' dir='ltr' id='par_1_1' title="bbox 233 131 1227 180">
     <span class='ocr_line' id='line_1_1' title="bbox 233 131 1227 180; baseline 0.001 -1"><span class='ocrx_word' id='word_1_1' title='bbox 233 131 327 179; x_wconf 84' lang='lat'>340</span> <span class='ocrx_word' id='word_1_2' title='bbox 657 138 840 180; x_wconf 81' lang='lat' dir='ltr'><strong>NOTAE</strong></span> <span class='ocrx_word' id='word_1_3' title='bbox 874 137 932 180; x_wconf 87' lang='lat' dir='ltr'>IN</span> <span class='ocrx_word' id='word_1_4' title='bbox 965 136 1174 180; x_wconf 89' lang='lat' dir='ltr'>LIBRUM</span> <span class='ocrx_word' id='word_1_5' title='bbox 1205 138 1227 180; x_wconf 91' lang='lat'>1</span> 
     </span>
    </p>
   </div>
   <div class='ocr_carea' id='block_1_2' title="bbox 228 243 1702 2769">
    <p class='ocr_par' dir='ltr' id='par_1_2' title="bbox 234 243 1656 461">
     <span class='ocr_line' id='line_1_2' title="bbox 234 243 1647 298; baseline 0.001 -18"><span class='ocrx_word' id='word_1_6' title='bbox 234 243 322 294; x_wconf 85' lang='lat' dir='ltr'>lege</span> <span class='ocrx_word' id='word_1_7' title='bbox 347 251 473 282; x_wconf 77' lang='lat' dir='ltr'>tantos</span> <span class='ocrx_word' id='word_1_8' title='bbox 497 257 566 295; x_wconf 88' lang='lat' dir='ltr'>pro</span> <span class='ocrx_word' id='word_1_9' title='bbox 594 250 660 282; x_wconf 89' lang='lat' dir='ltr'>tot.</span> <span class='ocrx_word' id='word_1_10' title='bbox 715 245 873 283; x_wconf 86' lang='lat' dir='ltr'>Ruizius</span> <span class='ocrx_word' id='word_1_11' title='bbox 898 258 1099 297; x_wconf 83' lang='lat' dir='ltr'><strong>perperam</strong></span> <span class='ocrx_word' id='word_1_12' title='bbox 1121 251 1256 282; x_wconf 84' lang='lat' dir='ltr'>mutat.</span> <span class='ocrx_word' id='word_1_13' title='bbox 1314 244 1448 298; x_wconf 57' lang='grc' dir='ltr'>(Ἡιιιιᾶτ</span> <span class='ocrx_word' id='word_1_14' title='bbox 1471 244 1520 283; x_wconf 87' lang='lat' dir='ltr'>de</span> <span class='ocrx_word' id='word_1_15' title='bbox 1542 244 1647 286; x_wconf 85' lang='lat' dir='ltr'>laud.</span> 
     </span>
     <span class='ocr_line' id='line_1_3' title="bbox 234 299 1647 352; baseline 0.001 -16"><span class='ocrx_word' id='word_1_16' title='bbox 234 299 387 336; x_wconf 81' lang='lat' dir='ltr'>Stilich.</span> <span class='ocrx_word' id='word_1_17' title='bbox 417 303 436 339; x_wconf 89' lang='lat'>1</span> <span class='ocrx_word' id='word_1_18' title='bbox 473 300 573 340; x_wconf 89' lang='lat'>170:</span> <span class='ocrx_word' id='word_1_19' title='bbox 617 299 779 337; x_wconf 80' lang='lat' dir='ltr'><strong><em>arebant</em></strong></span> <span class='ocrx_word' id='word_1_20' title='bbox 816 303 933 338; x_wconf 87' lang='lat' dir='ltr'>tantis</span> <span class='ocrx_word' id='word_1_21' title='bbox 970 302 1070 352; x_wconf 83' lang='lat' dir='ltr'>epoti</span> <span class='ocrx_word' id='word_1_22' title='bbox 1101 300 1258 338; x_wconf 81' lang='lat' dir='ltr'>milibus</span> <span class='ocrx_word' id='word_1_23' title='bbox 1287 307 1438 338; x_wconf 68' lang='lat' dir='ltr'>amnes.&#39;</span> <span class='ocrx_word' id='word_1_24' title='bbox 1490 302 1647 339; x_wconf 67' lang='lat' dir='ltr'>Voncx.</span> 
     </span>
     <span class='ocr_line' id='line_1_4' title="bbox 238 354 1656 407; baseline 0.001 -17"><span class='ocrx_word' id='word_1_25' title='bbox 238 355 366 390; x_wconf 82' lang='lat' dir='ltr'>Valer.</span> <span class='ocrx_word' id='word_1_26' title='bbox 392 354 517 390; x_wconf 81' lang='lat' dir='ltr'>Flacc.</span> <span class='ocrx_word' id='word_1_27' title='bbox 536 355 561 394; x_wconf 87' lang='lat'><em>5</em></span> <span class='ocrx_word' id='word_1_28' title='bbox 591 355 694 396; x_wconf 85' lang='lat'>635:</span> <span class='ocrx_word' id='word_1_29' title='bbox 727 356 825 406; x_wconf 85' lang='lat' dir='ltr'>quid</span> <span class='ocrx_word' id='word_1_30' title='bbox 851 363 981 392; x_wconf 79' lang='lat' dir='ltr'><em>tantae</em></span> <span class='ocrx_word' id='word_1_31' title='bbox 1008 356 1143 393; x_wconf 80' lang='lat' dir='ltr'>coe&#39;unt</span> <span class='ocrx_word' id='word_1_32' title='bbox 1171 357 1213 392; x_wconf 86' lang='lat' dir='ltr'>in</span> <span class='ocrx_word' id='word_1_33' title='bbox 1234 356 1390 406; x_wconf 85' lang='lat' dir='ltr'>praelia</span> <span class='ocrx_word' id='word_1_34' title='bbox 1413 355 1574 407; x_wconf 80' lang='lat' dir='ltr'>gentes?</span> <span class='ocrx_word' id='word_1_35' title='bbox 1613 361 1656 392; x_wconf 76' lang='lat' dir='ltr'>etv</span> 
     </span>
     <span class='ocr_line' id='line_1_5' title="bbox 238 406 1596 461; baseline 0.002 -18"><span class='ocrx_word' id='word_1_36' title='bbox 238 406 374 444; x_wconf 85' lang='lat' dir='ltr'>eadem</span> <span class='ocrx_word' id='word_1_37' title='bbox 393 420 486 445; x_wconf 80' lang='lat' dir='ltr'>voce</span> <span class='ocrx_word' id='word_1_38' title='bbox 502 420 571 458; x_wconf 84' lang='lat' dir='ltr'>pro</span> <span class='ocrx_word' id='word_1_39' title='bbox 590 415 646 444; x_wconf 88' lang='lat' dir='ltr'>tot</span> <span class='ocrx_word' id='word_1_40' title='bbox 662 412 782 447; x_wconf 83' lang='lat' dir='ltr'>utitur</span> <span class='ocrx_word' id='word_1_41' title='bbox 798 411 983 461; x_wconf 88' lang='lat' dir='ltr'>Corippus</span> <span class='ocrx_word' id='word_1_42' title='bbox 1004 413 1088 448; x_wconf 86' lang='lat' dir='ltr'>aliis</span> <span class='ocrx_word' id='word_1_43' title='bbox 1109 412 1226 448; x_wconf 85' lang='lat' dir='ltr'>etiam</span> <span class='ocrx_word' id='word_1_44' title='bbox 1245 412 1285 447; x_wconf 90' lang='lat' dir='ltr'>in</span> <span class='ocrx_word' id='word_1_45' title='bbox 1303 412 1411 449; x_wconf 83' lang='lat' dir='ltr'>locis.</span> <span class='ocrx_word' id='word_1_46' title='bbox 1467 411 1596 447; x_wconf 72' lang='lat' dir='ltr'>Foco.</span> 
     </span>
    </p>

    <p class='ocr_par' dir='ltr' id='par_1_3' title="bbox 235 462 1652 722">
     <span class='ocr_line' id='line_1_6' title="bbox 345 462 1648 516; baseline -0.002 -12"><span class='ocrx_word' id='word_1_47' title='bbox 345 462 438 504; x_wconf 86' lang='grc'><strong>254.</strong></span> <span class='ocrx_word' id='word_1_48' title='bbox 494 465 671 516; x_wconf 71' lang='lat' dir='ltr'>Avares]</span> <span class='ocrx_word' id='word_1_49' title='bbox 701 465 858 502; x_wconf 87' lang='lat' dir='ltr'>Arabes</span> <span class='ocrx_word' id='word_1_50' title='bbox 886 474 966 502; x_wconf 80' lang='lat' dir='ltr'>erat</span> <span class='ocrx_word' id='word_1_51' title='bbox 996 479 1183 503; x_wconf 85' lang='lat' dir='ltr'>excusum</span> <span class='ocrx_word' id='word_1_52' title='bbox 1212 472 1344 513; x_wconf 83' lang='lat' dir='ltr'>antea,</span> <span class='ocrx_word' id='word_1_53' title='bbox 1378 466 1486 502; x_wconf 89' lang='lat' dir='ltr'>nullo</span> <span class='ocrx_word' id='word_1_54' title='bbox 1512 475 1648 502; x_wconf 84' lang='lat' dir='ltr'>sensu:</span> 
     </span>
     <span class='ocr_line' id='line_1_7' title="bbox 236 519 1651 569; baseline 0.001 -15"><span class='ocrx_word' id='word_1_55' title='bbox 236 530 363 569; x_wconf 84' lang='lat' dir='ltr'>neque</span> <span class='ocrx_word' id='word_1_56' title='bbox 381 519 485 554; x_wconf 88' lang='lat' dir='ltr'>enim</span> <span class='ocrx_word' id='word_1_57' title='bbox 500 519 627 556; x_wconf 90' lang='lat' dir='ltr'>ullum</span> <span class='ocrx_word' id='word_1_58' title='bbox 645 521 810 557; x_wconf 83' lang='lat' dir='ltr'>Arabiae</span> <span class='ocrx_word' id='word_1_59' title='bbox 832 533 854 556; x_wconf 87' lang='lat' dir='ltr'>a</span> <span class='ocrx_word' id='word_1_60' title='bbox 873 523 1018 558; x_wconf 81' lang='lat' dir='ltr'>Iustino</span> <span class='ocrx_word' id='word_1_61' title='bbox 1035 521 1225 558; x_wconf 86' lang='lat' dir='ltr'>indictum</span> <span class='ocrx_word' id='word_1_62' title='bbox 1242 521 1403 557; x_wconf 86' lang='lat' dir='ltr'>bellum.</span> <span class='ocrx_word' id='word_1_63' title='bbox 1447 519 1518 557; x_wconf 83' lang='lat' dir='ltr'>sed</span> <span class='ocrx_word' id='word_1_64' title='bbox 1534 519 1651 556; x_wconf 72' lang='lat' dir='ltr'>Ava-</span> 
     </span>
     <span class='ocr_line' id='line_1_8' title="bbox 236 575 1652 626; baseline 0.001 -17"><span class='ocrx_word' id='word_1_65' title='bbox 236 586 296 609; x_wconf 90' lang='lat' dir='ltr'>res</span> <span class='ocrx_word' id='word_1_66' title='bbox 315 579 512 623; x_wconf 82' lang='lat' dir='ltr'>superatos</span> <span class='ocrx_word' id='word_1_67' title='bbox 530 575 731 612; x_wconf 86' lang='lat' dir='ltr'>ostendam</span> <span class='ocrx_word' id='word_1_68' title='bbox 746 576 814 612; x_wconf 86' lang='lat' dir='ltr'>lib.</span> <span class='ocrx_word' id='word_1_69' title='bbox 833 579 870 615; x_wconf 84' lang='lat'>3.</span> <span class='ocrx_word' id='word_1_70' title='bbox 900 577 1082 613; x_wconf 67' lang='lat' dir='ltr'>DEMPs&#39;r.</span> <span class='ocrx_word' id='word_1_71' title='bbox 1146 575 1332 626; x_wconf 79' lang='lat' dir='ltr'>Gepides]</span> <span class='ocrx_word' id='word_1_72' title='bbox 1363 575 1466 611; x_wconf 87' lang='lat' dir='ltr'>male</span> <span class='ocrx_word' id='word_1_73' title='bbox 1485 581 1595 611; x_wconf 80' lang='lat' dir='ltr'>antea</span> <span class='ocrx_word' id='word_1_74' title='bbox 1614 580 1652 611; x_wconf 88' lang='lat' dir='ltr'>et</span> 
     </span>
     <span class='ocr_line' id='line_1_9' title="bbox 235 627 1650 682; baseline 0.001 -18"><span class='ocrx_word' id='word_1_75' title='bbox 235 627 300 665; x_wconf 86' lang='lat' dir='ltr'>hic</span> <span class='ocrx_word' id='word_1_76' title='bbox 316 630 406 665; x_wconf 88' lang='lat' dir='ltr'>etin</span> <span class='ocrx_word' id='word_1_77' title='bbox 421 629 664 667; x_wconf 83' lang='lat' dir='ltr'>Praefatione</span> <span class='ocrx_word' id='word_1_78' title='bbox 687 630 856 679; x_wconf 77' lang='lat' dir='ltr'>Gypides</span> <span class='ocrx_word' id='word_1_79' title='bbox 873 631 1084 680; x_wconf 84' lang='lat' dir='ltr'>legebatur.</span> <span class='ocrx_word' id='word_1_80' title='bbox 1131 630 1220 668; x_wconf 86' lang='lat' dir='ltr'>vide</span> <span class='ocrx_word' id='word_1_81' title='bbox 1239 643 1337 682; x_wconf 85' lang='lat' dir='ltr'>quae</span> <span class='ocrx_word' id='word_1_82' title='bbox 1355 628 1456 667; x_wconf 84' lang='lat' dir='ltr'>mihi</span> <span class='ocrx_word' id='word_1_83' title='bbox 1472 629 1522 666; x_wconf 86' lang='lat' dir='ltr'>ad</span> <span class='ocrx_word' id='word_1_84' title='bbox 1537 630 1650 666; x_wconf 87' lang='lat' dir='ltr'>illum</span> 
     </span>
     <span class='ocr_line' id='line_1_10' title="bbox 236 683 854 722; baseline 0.002 -3"><span class='ocrx_word' id='word_1_85' title='bbox 236 683 365 720; x_wconf 89' lang='lat' dir='ltr'>locum</span> <span class='ocrx_word' id='word_1_86' title='bbox 388 690 477 720; x_wconf 88' lang='lat' dir='ltr'>sunt</span> <span class='ocrx_word' id='word_1_87' title='bbox 502 683 615 722; x_wconf 81' lang='lat' dir='ltr'>dicta.</span> <span class='ocrx_word' id='word_1_88' title='bbox 671 687 854 722; x_wconf 67' lang='lat' dir='ltr'>Dnmrsr.</span> 
     </span>
    </p>

    <p class='ocr_par' dir='ltr' id='par_1_4' title="bbox 237 739 1702 898">
     <span class='ocr_line' id='line_1_11' title="bbox 343 739 1702 791; baseline 0 -17"><span class='ocrx_word' id='word_1_89' title='bbox 343 740 437 779; x_wconf 92' lang='grc'><strong>262.</strong></span> <span class='ocrx_word' id='word_1_90' title='bbox 493 739 591 776; x_wconf 84' lang='lat' dir='ltr'>forte</span> <span class='ocrx_word' id='word_1_91' title='bbox 620 739 885 791; x_wconf 87' lang='lat' dir='ltr'>reponendum</span> <span class='ocrx_word' id='word_1_92' title='bbox 913 741 1155 776; x_wconf 86' lang='lat' dir='ltr'>tremiscant:</span> <span class='ocrx_word' id='word_1_93' title='bbox 1209 741 1265 777; x_wconf 90' lang='lat' dir='ltr'>sic</span> <span class='ocrx_word' id='word_1_94' title='bbox 1300 741 1404 777; x_wconf 87' lang='lat' dir='ltr'>enim</span> <span class='ocrx_word' id='word_1_95' title='bbox 1433 751 1651 776; x_wconf 81' lang='lat' dir='ltr'>sermonem</span> <span class='ocrx_word' id='word_1_96' title='bbox 1701 777 1702 791; x_wconf 16' lang='grc' dir='ltr'><strong>χ</strong></span> 
     </span>
     <span class='ocr_line' id='line_1_12' title="bbox 237 793 1702 846; baseline 0 -17"><span class='ocrx_word' id='word_1_97' title='bbox 237 793 446 842; x_wconf 78' lang='lat' dir='ltr'>compleret</span> <span class='ocrx_word' id='word_1_98' title='bbox 482 794 638 844; x_wconf 82' lang='lat' dir='ltr'>elegans</span> <span class='ocrx_word' id='word_1_99' title='bbox 672 793 903 846; x_wconf 84' lang='lat' dir='ltr'>apostrophe</span> <span class='ocrx_word' id='word_1_100' title='bbox 930 795 1051 832; x_wconf 85' lang='lat' dir='ltr'>multo</span> <span class='ocrx_word' id='word_1_101' title='bbox 1083 794 1394 844; x_wconf 79' lang='lat' dir='ltr'>significatiorem</span> <span class='ocrx_word' id='word_1_102' title='bbox 1420 807 1464 831; x_wconf 87' lang='lat' dir='ltr'>ac</span> <span class='ocrx_word' id='word_1_103' title='bbox 1491 806 1651 845; x_wconf 85' lang='lat' dir='ltr'>gravem</span> <span class='ocrx_word' id='word_1_104' title='bbox 1694 795 1702 838; x_wconf 62' lang='lat' dir='ltr'><strong><em>f</em></strong></span> 
     </span>
     <span class='ocr_line' id='line_1_13' title="bbox 237 845 1702 898; baseline 0.003 -13"><span class='ocrx_word' id='word_1_105' title='bbox 237 846 454 898; x_wconf 84' lang='lat' dir='ltr'>emphasim</span> <span class='ocrx_word' id='word_1_106' title='bbox 473 852 684 887; x_wconf 85' lang='lat' dir='ltr'>continens.</span> <span class='ocrx_word' id='word_1_107' title='bbox 742 852 870 887; x_wconf 73' lang='lat' dir='ltr'>Foco.</span> <span class='ocrx_word' id='word_1_108' title='bbox 1699 845 1702 848; x_wconf 51' lang='grc'><strong>’</strong></span> 
     </span>
    </p>

    <p class='ocr_par' dir='ltr' id='par_1_5' title="bbox 236 903 1702 1113">
     <span class='ocr_line' id='line_1_14' title="bbox 346 903 1695 953; baseline -0.003 -10"><span class='ocrx_word' id='word_1_109' title='bbox 346 906 440 943; x_wconf 78' lang='grc'><strong>263.</strong></span> <span class='ocrx_word' id='word_1_110' title='bbox 494 905 647 953; x_wconf 81' lang='lat' dir='ltr'>rigidus</span> <span class='ocrx_word' id='word_1_111' title='bbox 667 907 789 953; x_wconf 66' lang='lat' dir='ltr'>vigor,</span> <span class='ocrx_word' id='word_1_112' title='bbox 832 904 907 938; x_wconf 88' lang='lat' dir='ltr'>hoc</span> <span class='ocrx_word' id='word_1_113' title='bbox 926 910 983 938; x_wconf 78' lang='lat' dir='ltr'>est</span> <span class='ocrx_word' id='word_1_114' title='bbox 1003 904 1178 938; x_wconf 78' lang='lat' dir='ltr'><strong>alacritas</strong></span> <span class='ocrx_word' id='word_1_115' title='bbox 1200 905 1327 939; x_wconf 82' lang='lat' dir='ltr'>stricta</span> <span class='ocrx_word' id='word_1_116' title='bbox 1349 911 1387 938; x_wconf 79' lang='lat' dir='ltr'>et</span> <span class='ocrx_word' id='word_1_117' title='bbox 1405 906 1518 941; x_wconf 82' lang='lat' dir='ltr'>iusta.</span> <span class='ocrx_word' id='word_1_118' title='bbox 1559 916 1652 940; x_wconf 84' lang='lat' dir='ltr'>nam</span> <span class='ocrx_word' id='word_1_119' title='bbox 1690 903 1695 906; x_wconf 52' lang='lat'><strong>⁴</strong></span> 
     </span>
     <span class='ocr_line' id='line_1_15' title="bbox 236 954 1702 1009; baseline 0.001 -16"><span class='ocrx_word' id='word_1_120' title='bbox 236 958 291 994; x_wconf 84' lang='lat' dir='ltr'>ita</span> <span class='ocrx_word' id='word_1_121' title='bbox 309 954 352 996; x_wconf 74' lang='grc' dir='ltr'>τό</span> <span class='ocrx_word' id='word_1_122' title='bbox 375 958 486 1007; x_wconf 65' lang='lat' dir='ltr'>vigor</span> <span class='ocrx_word' id='word_1_123' title='bbox 503 971 691 1009; x_wconf 84' lang='lat' dir='ltr'><strong>perquam</strong></span> <span class='ocrx_word' id='word_1_124' title='bbox 707 959 930 1008; x_wconf 83' lang='lat' dir='ltr'>frequenter</span> <span class='ocrx_word' id='word_1_125' title='bbox 950 963 1168 1006; x_wconf 84' lang='lat' dir='ltr'>usurpatur.</span> <span class='ocrx_word' id='word_1_126' title='bbox 1226 957 1337 1007; x_wconf 71' lang='lat' dir='ltr'>vigor</span> <span class='ocrx_word' id='word_1_127' title='bbox 1359 957 1527 993; x_wconf 82' lang='lat' dir='ltr'>iustitiae</span> <span class='ocrx_word' id='word_1_128' title='bbox 1551 956 1655 1007; x_wconf 84' lang='lat' dir='ltr'>apud</span> <span class='ocrx_word' id='word_1_129' title='bbox 1698 961 1702 964; x_wconf 81' lang='grc'><strong>“</strong></span> 
     </span>
     <span class='ocr_line' id='line_1_16' title="bbox 237 1011 1654 1064; baseline -0.001 -15"><span class='ocrx_word' id='word_1_130' title='bbox 237 1013 495 1049; x_wconf 82' lang='lat' dir='ltr'>Iustinianum</span> <span class='ocrx_word' id='word_1_131' title='bbox 522 1014 592 1049; x_wconf 85' lang='lat' dir='ltr'>lib.</span> <span class='ocrx_word' id='word_1_132' title='bbox 615 1017 684 1061; x_wconf 80' lang='lat'>12,</span> <span class='ocrx_word' id='word_1_133' title='bbox 715 1014 782 1064; x_wconf 92' lang='lat' dir='ltr'>qui</span> <span class='ocrx_word' id='word_1_134' title='bbox 807 1013 975 1062; x_wconf 84' lang='lat' dir='ltr'>potiores</span> <span class='ocrx_word' id='word_1_135' title='bbox 1003 1013 1046 1047; x_wconf 86' lang='lat' dir='ltr'>in</span> <span class='ocrx_word' id='word_1_136' title='bbox 1072 1013 1247 1062; x_wconf 81' lang='lat' dir='ltr'>pignore.</span> <span class='ocrx_word' id='word_1_137' title='bbox 1303 1012 1416 1061; x_wconf 67' lang='lat' dir='ltr'>vigor</span> <span class='ocrx_word' id='word_1_138' title='bbox 1437 1011 1534 1047; x_wconf 76' lang='lat' dir='ltr'>iuris</span> <span class='ocrx_word' id='word_1_139' title='bbox 1557 1013 1654 1048; x_wconf 77' lang='lat' dir='ltr'>Dio·</span> 
     </span>
     <span class='ocr_line' id='line_1_17' title="bbox 239 1067 1481 1113; baseline -0.002 -9"><span class='ocrx_word' id='word_1_140' title='bbox 239 1068 426 1104; x_wconf 86' lang='lat' dir='ltr'>cletianus</span> <span class='ocrx_word' id='word_1_141' title='bbox 444 1067 512 1103; x_wconf 90' lang='lat' dir='ltr'>lib.</span> <span class='ocrx_word' id='word_1_142' title='bbox 537 1068 587 1109; x_wconf 85' lang='lat'>14</span> <span class='ocrx_word' id='word_1_143' title='bbox 611 1067 658 1104; x_wconf 87' lang='lat' dir='ltr'>de</span> <span class='ocrx_word' id='word_1_144' title='bbox 677 1068 943 1113; x_wconf 84' lang='lat' dir='ltr'>Postliminio,</span> <span class='ocrx_word' id='word_1_145' title='bbox 976 1072 1014 1102; x_wconf 90' lang='lat' dir='ltr'>et</span> <span class='ocrx_word' id='word_1_146' title='bbox 1029 1067 1137 1102; x_wconf 80' lang='lat' dir='ltr'>mille</span> <span class='ocrx_word' id='word_1_147' title='bbox 1157 1067 1263 1102; x_wconf 82' lang='lat' dir='ltr'>talia.</span> <span class='ocrx_word' id='word_1_148' title='bbox 1320 1068 1481 1103; x_wconf 58' lang='lat' dir='ltr'>Bima.</span> 
     </span>
    </p>

    <p class='ocr_par' dir='ltr' id='par_1_6' title="bbox 228 1120 1702 2205">
     <span class='ocr_line' id='line_1_18' title="bbox 345 1120 1654 1173; baseline -0.002 -12"><span class='ocrx_word' id='word_1_149' title='bbox 345 1125 440 1163; x_wconf 81' lang='lat'><strong>272.</strong></span> <span class='ocrx_word' id='word_1_150' title='bbox 498 1125 669 1173; x_wconf 85' lang='lat' dir='ltr'>consors]</span> <span class='ocrx_word' id='word_1_151' title='bbox 696 1121 842 1173; x_wconf 84' lang='lat' dir='ltr'>Sophia</span> <span class='ocrx_word' id='word_1_152' title='bbox 860 1134 959 1158; x_wconf 85' lang='lat' dir='ltr'>uxor</span> <span class='ocrx_word' id='word_1_153' title='bbox 976 1123 1125 1168; x_wconf 83' lang='lat' dir='ltr'>Iustini,</span> <span class='ocrx_word' id='word_1_154' title='bbox 1146 1120 1375 1158; x_wconf 86' lang='lat' dir='ltr'>Theodorae</span> <span class='ocrx_word' id='word_1_155' title='bbox 1394 1123 1494 1170; x_wconf 86' lang='lat' dir='ltr'><strong>Aug.</strong></span> <span class='ocrx_word' id='word_1_156' title='bbox 1513 1121 1654 1171; x_wconf 82' lang='lat' dir='ltr'>neptis.</span> 
     </span>
     <span class='ocr_line' id='line_1_19' title="bbox 235 1176 1653 1226; baseline -0.001 -12"><span class='ocrx_word' id='word_1_157' title='bbox 235 1176 334 1215; x_wconf 86' lang='lat' dir='ltr'>haec</span> <span class='ocrx_word' id='word_1_158' title='bbox 367 1190 389 1213; x_wconf 83' lang='lat' dir='ltr'>a</span> <span class='ocrx_word' id='word_1_159' title='bbox 423 1179 562 1214; x_wconf 78' lang='lat' dir='ltr'>Latino</span> <span class='ocrx_word' id='word_1_160' title='bbox 594 1179 781 1214; x_wconf 76' lang='lat' dir='ltr'>vocabulo</span> <span class='ocrx_word' id='word_1_161' title='bbox 815 1177 1013 1226; x_wconf 71' lang='lat' dir='ltr'>Sapientia</span> <span class='ocrx_word' id='word_1_162' title='bbox 1041 1189 1063 1212; x_wconf 89' lang='lat' dir='ltr'>a</span> <span class='ocrx_word' id='word_1_163' title='bbox 1091 1176 1255 1226; x_wconf 84' lang='lat' dir='ltr'>Corippo</span> <span class='ocrx_word' id='word_1_164' title='bbox 1284 1188 1398 1226; x_wconf 83' lang='lat' dir='ltr'><strong>saepe</strong></span> <span class='ocrx_word' id='word_1_165' title='bbox 1425 1177 1653 1226; x_wconf 79' lang='lat' dir='ltr'>appellatur.</span> 
     </span>
     <span class='ocr_line' id='line_1_20' title="bbox 238 1230 1655 1281; baseline -0.001 -12"><span class='ocrx_word' id='word_1_166' title='bbox 238 1239 418 1269; x_wconf 85' lang='lat' dir='ltr'>coronata</span> <span class='ocrx_word' id='word_1_167' title='bbox 438 1231 534 1268; x_wconf 90' lang='lat' dir='ltr'>haec</span> <span class='ocrx_word' id='word_1_168' title='bbox 552 1245 628 1268; x_wconf 90' lang='lat' dir='ltr'>una</span> <span class='ocrx_word' id='word_1_169' title='bbox 651 1246 739 1269; x_wconf 87' lang='lat' dir='ltr'>cum</span> <span class='ocrx_word' id='word_1_170' title='bbox 756 1234 893 1268; x_wconf 86' lang='lat' dir='ltr'>marito</span> <span class='ocrx_word' id='word_1_171' title='bbox 915 1238 952 1268; x_wconf 87' lang='lat' dir='ltr'>et</span> <span class='ocrx_word' id='word_1_172' title='bbox 968 1233 1214 1281; x_wconf 81' lang='lat' dir='ltr'>inaugurata‚</span> <span class='ocrx_word' id='word_1_173' title='bbox 1243 1230 1332 1268; x_wconf 85' lang='lat' dir='ltr'>ideo</span> <span class='ocrx_word' id='word_1_174' title='bbox 1355 1244 1509 1268; x_wconf 81' lang='lat' dir='ltr'>consors</span> <span class='ocrx_word' id='word_1_175' title='bbox 1526 1233 1655 1281; x_wconf 85' lang='lat' dir='ltr'>impe-</span> 
     </span>
     <span class='ocr_line' id='line_1_21' title="bbox 239 1286 1656 1336; baseline -0.001 -13"><span class='ocrx_word' id='word_1_176' title='bbox 239 1289 300 1323; x_wconf 82' lang='lat' dir='ltr'>rii.</span> <span class='ocrx_word' id='word_1_177' title='bbox 354 1288 527 1324; x_wconf 82' lang='lat' dir='ltr'>imitatus</span> <span class='ocrx_word' id='word_1_178' title='bbox 546 1287 682 1325; x_wconf 87' lang='lat' dir='ltr'><strong>Claud.</strong></span> <span class='ocrx_word' id='word_1_179' title='bbox 704 1287 751 1324; x_wconf 89' lang='lat' dir='ltr'>de</span> <span class='ocrx_word' id='word_1_180' title='bbox 771 1286 876 1323; x_wconf 87' lang='lat' dir='ltr'>laud.</span> <span class='ocrx_word' id='word_1_181' title='bbox 896 1287 981 1325; x_wconf 82' lang='lat' dir='ltr'>Stil.</span> <span class='ocrx_word' id='word_1_182' title='bbox 1003 1290 1047 1327; x_wconf 83' lang='lat'>3:</span> <span class='ocrx_word' id='word_1_183' title='bbox 1077 1299 1228 1323; x_wconf 85' lang='lat' dir='ltr'>consors</span> <span class='ocrx_word' id='word_1_184' title='bbox 1244 1287 1395 1336; x_wconf 81' lang='lat' dir='ltr'>imperii</span> <span class='ocrx_word' id='word_1_185' title='bbox 1411 1288 1533 1336; x_wconf 66' lang='lat' dir='ltr'>virgo.</span> <span class='ocrx_word' id='word_1_186' title='bbox 1591 1287 1656 1323; x_wconf 83' lang='lat' dir='ltr'>vel</span> 
     </span>
     <span class='ocr_line' id='line_1_22' title="bbox 240 1341 1655 1391; baseline 0.001 -14"><span class='ocrx_word' id='word_1_187' title='bbox 240 1342 469 1391; x_wconf 81' lang='lat' dir='ltr'>simpliciter</span> <span class='ocrx_word' id='word_1_188' title='bbox 495 1355 648 1380; x_wconf 85' lang='lat' dir='ltr'>consors</span> <span class='ocrx_word' id='word_1_189' title='bbox 674 1350 731 1380; x_wconf 84' lang='lat' dir='ltr'>est</span> <span class='ocrx_word' id='word_1_190' title='bbox 757 1356 863 1378; x_wconf 83' lang='lat' dir='ltr'>uxor.</span> <span class='ocrx_word' id='word_1_191' title='bbox 923 1342 996 1378; x_wconf 91' lang='lat' dir='ltr'>Iul.</span> <span class='ocrx_word' id='word_1_192' title='bbox 1017 1343 1170 1378; x_wconf 85' lang='lat' dir='ltr'>Firmic.</span> <span class='ocrx_word' id='word_1_193' title='bbox 1192 1344 1216 1381; x_wconf 86' lang='lat'><strong>3</strong></span> <span class='ocrx_word' id='word_1_194' title='bbox 1246 1343 1292 1381; x_wconf 89' lang='lat'>8:</span> <span class='ocrx_word' id='word_1_195' title='bbox 1321 1341 1390 1378; x_wconf 84' lang='lat' dir='ltr'>sed</span> <span class='ocrx_word' id='word_1_196' title='bbox 1411 1341 1454 1377; x_wconf 80' lang='grc' dir='ltr'>1ιί</span> <span class='ocrx_word' id='word_1_197' title='bbox 1478 1342 1655 1378; x_wconf 83' lang='lat' dir='ltr'>mulieres</span> 
     </span>
     <span class='ocr_line' id='line_1_23' title="bbox 239 1396 1702 1447; baseline 0.001 -15"><span class='ocrx_word' id='word_1_198' title='bbox 239 1403 437 1446; x_wconf 74' lang='lat' dir='ltr'><em>stupratas</em></span> <span class='ocrx_word' id='word_1_199' title='bbox 458 1399 662 1435; x_wconf 83' lang='lat' dir='ltr'>sortientur</span> <span class='ocrx_word' id='word_1_200' title='bbox 680 1412 846 1436; x_wconf 84' lang='lat' dir='ltr'>uxorem.</span> <span class='ocrx_word' id='word_1_201' title='bbox 906 1397 1023 1447; x_wconf 89' lang='lat' dir='ltr'>Apul.</span> <span class='ocrx_word' id='word_1_202' title='bbox 1044 1399 1088 1436; x_wconf 84' lang='lat'>9:</span> <span class='ocrx_word' id='word_1_203' title='bbox 1115 1396 1327 1446; x_wconf 78' lang='lat' dir='ltr'>pessimam</span> <span class='ocrx_word' id='word_1_204' title='bbox 1349 1397 1503 1432; x_wconf 78' lang='lat' dir='ltr'>sortitus</span> <span class='ocrx_word' id='word_1_205' title='bbox 1522 1398 1655 1433; x_wconf 81' lang='lat' dir='ltr'>coniu-</span> <span class='ocrx_word' id='word_1_206' title='bbox 1692 1423 1702 1426; x_wconf 83' lang='lat'><em>-</em></span> 
     </span>
     <span class='ocr_line' id='line_1_24' title="bbox 235 1450 1658 1504; baseline -0.001 -16"><span class='ocrx_word' id='word_1_207' title='bbox 235 1466 339 1502; x_wconf 79' lang='lat' dir='ltr'>gem.</span> <span class='ocrx_word' id='word_1_208' title='bbox 401 1452 571 1490; x_wconf 84' lang='lat' dir='ltr'>Cassiod.</span> <span class='ocrx_word' id='word_1_209' title='bbox 594 1457 618 1496; x_wconf 90' lang='lat'>8</span> <span class='ocrx_word' id='word_1_210' title='bbox 641 1468 701 1504; x_wconf 85' lang='lat' dir='ltr'>ep.</span> <span class='ocrx_word' id='word_1_211' title='bbox 724 1456 768 1493; x_wconf 84' lang='lat'>9:</span> <span class='ocrx_word' id='word_1_212' title='bbox 804 1455 958 1489; x_wconf 80' lang='lat' dir='ltr'>iunctus</span> <span class='ocrx_word' id='word_1_213' title='bbox 987 1451 1136 1488; x_wconf 87' lang='lat' dir='ltr'>Amalo</span> <span class='ocrx_word' id='word_1_214' title='bbox 1163 1453 1298 1502; x_wconf 83' lang='lat' dir='ltr'>generi</span> <span class='ocrx_word' id='word_1_215' title='bbox 1322 1450 1561 1487; x_wconf 83' lang='lat' dir='ltr'>nobilissima</span> <span class='ocrx_word' id='word_1_216' title='bbox 1588 1451 1658 1487; x_wconf 89' lang='lat' dir='ltr'>tibi</span> 
     </span>
     <span class='ocr_line' id='line_1_25' title="bbox 228 1506 1657 1559; baseline -0.001 -16"><span class='ocrx_word' id='word_1_217' title='bbox 228 1507 350 1557; x_wconf 83' lang='lat' dir='ltr'>sacta</span> <span class='ocrx_word' id='word_1_218' title='bbox 370 1510 559 1544; x_wconf 86' lang='lat' dir='ltr'>consortia</span> <span class='ocrx_word' id='word_1_219' title='bbox 568 1524 583 1555; x_wconf 77' lang='grc'>,-</span> <span class='ocrx_word' id='word_1_220' title='bbox 614 1516 652 1546; x_wconf 83' lang='lat' dir='ltr'>et</span> <span class='ocrx_word' id='word_1_221' title='bbox 673 1508 775 1559; x_wconf 86' lang='lat' dir='ltr'>apud</span> <span class='ocrx_word' id='word_1_222' title='bbox 794 1509 977 1544; x_wconf 86' lang='lat' dir='ltr'>Plautum</span> <span class='ocrx_word' id='word_1_223' title='bbox 998 1509 1040 1544; x_wconf 87' lang='lat' dir='ltr'>in</span> <span class='ocrx_word' id='word_1_224' title='bbox 1060 1508 1221 1558; x_wconf 84' lang='lat' dir='ltr'>prologo</span> <span class='ocrx_word' id='word_1_225' title='bbox 1245 1508 1428 1554; x_wconf 37' lang='lat' dir='ltr'>cuasiuae,</span> <span class='ocrx_word' id='word_1_226' title='bbox 1460 1506 1657 1543; x_wconf 79' lang='lat' dir='ltr'>comoedia</span> 
     </span>
     <span class='ocr_line' id='line_1_26' title="bbox 240 1561 1658 1611; baseline -0.001 -12"><span class='ocrx_word' id='word_1_227' title='bbox 240 1563 461 1599; x_wconf 81' lang='lat' dir='ltr'>Clerumeni</span> <span class='ocrx_word' id='word_1_228' title='bbox 489 1577 558 1600; x_wconf 90' lang='lat' dir='ltr'>seu</span> <span class='ocrx_word' id='word_1_229' title='bbox 585 1565 795 1601; x_wconf 74' lang='lat' dir='ltr'><strong>Sortientes</strong></span> <span class='ocrx_word' id='word_1_230' title='bbox 815 1569 993 1607; x_wconf 78' lang='lat' dir='ltr'>vocatur,</span> <span class='ocrx_word' id='word_1_231' title='bbox 1024 1561 1128 1611; x_wconf 92' lang='lat' dir='ltr'>quod</span> <span class='ocrx_word' id='word_1_232' title='bbox 1144 1564 1186 1597; x_wconf 85' lang='lat' dir='ltr'>in</span> <span class='ocrx_word' id='word_1_233' title='bbox 1205 1575 1251 1597; x_wconf 85' lang='lat' dir='ltr'>ea</span> <span class='ocrx_word' id='word_1_234' title='bbox 1267 1561 1451 1598; x_wconf 85' lang='lat' dir='ltr'>Chalinus</span> <span class='ocrx_word' id='word_1_235' title='bbox 1469 1575 1599 1598; x_wconf 82' lang='lat' dir='ltr'>servus</span> <span class='ocrx_word' id='word_1_236' title='bbox 1620 1568 1658 1598; x_wconf 80' lang='lat' dir='ltr'>et</span> 
     </span>
     <span class='ocr_line' id='line_1_27' title="bbox 237 1616 1657 1668; baseline -0.002 -14"><span class='ocrx_word' id='word_1_237' title='bbox 237 1617 421 1668; x_wconf 81' lang='lat' dir='ltr'>Olympio</span> <span class='ocrx_word' id='word_1_238' title='bbox 450 1619 602 1656; x_wconf 85' lang='lat' dir='ltr'>villicus</span> <span class='ocrx_word' id='word_1_239' title='bbox 628 1621 837 1656; x_wconf 79' lang='lat' dir='ltr'>sortiuntur</span> <span class='ocrx_word' id='word_1_240' title='bbox 857 1619 964 1653; x_wconf 90' lang='lat' dir='ltr'>cuius</span> <span class='ocrx_word' id='word_1_241' title='bbox 982 1616 1112 1652; x_wconf 83' lang='lat' dir='ltr'>futura</span> <span class='ocrx_word' id='word_1_242' title='bbox 1128 1617 1177 1652; x_wconf 86' lang='lat' dir='ltr'>sit</span> <span class='ocrx_word' id='word_1_243' title='bbox 1193 1629 1304 1652; x_wconf 81' lang='lat' dir='ltr'>uxor.</span> <span class='ocrx_word' id='word_1_244' title='bbox 1362 1616 1510 1652; x_wconf 81' lang='lat' dir='ltr'>Helena</span> <span class='ocrx_word' id='word_1_245' title='bbox 1526 1616 1657 1652; x_wconf 78' lang='lat' dir='ltr'>Paridi</span> 
     </span>
     <span class='ocr_line' id='line_1_28' title="bbox 240 1670 1658 1724; baseline 0.001 -17"><span class='ocrx_word' id='word_1_246' title='bbox 240 1672 344 1722; x_wconf 88' lang='lat' dir='ltr'>apud</span> <span class='ocrx_word' id='word_1_247' title='bbox 364 1672 544 1710; x_wconf 82' lang='lat' dir='ltr'>Ovidium</span> <span class='ocrx_word' id='word_1_248' title='bbox 563 1676 604 1710; x_wconf 85' lang='lat' dir='ltr'>in</span> <span class='ocrx_word' id='word_1_249' title='bbox 625 1675 805 1724; x_wconf 81' lang='lat' dir='ltr'>epistola:</span> <span class='ocrx_word' id='word_1_250' title='bbox 833 1673 903 1709; x_wconf 84' lang='lat' dir='ltr'>sed</span> <span class='ocrx_word' id='word_1_251' title='bbox 915 1673 1013 1716; x_wconf 84' lang='lat' dir='ltr'>sine,</span> <span class='ocrx_word' id='word_1_252' title='bbox 1035 1685 1154 1722; x_wconf 83' lang='lat' dir='ltr'>quam</span> <span class='ocrx_word' id='word_1_253' title='bbox 1169 1670 1304 1707; x_wconf 80' lang='lat' dir='ltr'>tribuit</span> <span class='ocrx_word' id='word_1_254' title='bbox 1317 1677 1455 1707; x_wconf 86' lang='lat' dir='ltr'>sortem</span> <span class='ocrx_word' id='word_1_255' title='bbox 1466 1671 1658 1716; x_wconf 77' lang='lat' dir='ltr'>Fortuna,</span> 
     </span>
     <span class='ocr_line' id='line_1_29' title="bbox 242 1726 1658 1776; baseline 0.001 -14"><span class='ocrx_word' id='word_1_256' title='bbox 242 1729 352 1764; x_wconf 83' lang='lat' dir='ltr'>tueri.</span> <span class='ocrx_word' id='word_1_257' title='bbox 413 1729 504 1765; x_wconf 80' lang='lat' dir='ltr'>Seu.</span> <span class='ocrx_word' id='word_1_258' title='bbox 527 1731 703 1776; x_wconf 79' lang='lat' dir='ltr'>Octavia,</span> <span class='ocrx_word' id='word_1_259' title='bbox 733 1731 766 1767; x_wconf 91' lang='lat' dir='ltr'>si</span> <span class='ocrx_word' id='word_1_260' title='bbox 783 1727 899 1765; x_wconf 89' lang='lat' dir='ltr'>modo</span> <span class='ocrx_word' id='word_1_261' title='bbox 919 1729 986 1764; x_wconf 86' lang='lat' dir='ltr'>ille</span> <span class='ocrx_word' id='word_1_262' title='bbox 1006 1734 1156 1773; x_wconf 84' lang='lat' dir='ltr'>auctor,</span> <span class='ocrx_word' id='word_1_263' title='bbox 1187 1733 1260 1762; x_wconf 86' lang='lat' dir='ltr'>act.</span> <span class='ocrx_word' id='word_1_264' title='bbox 1279 1728 1326 1766; x_wconf 77' lang='lat'>2:</span> <span class='ocrx_word' id='word_1_265' title='bbox 1353 1726 1488 1762; x_wconf 77' lang='lat' dir='ltr'>sortita</span> <span class='ocrx_word' id='word_1_266' title='bbox 1497 1726 1658 1776; x_wconf 69' lang='lat' dir='ltr'>fratris,</span> 
     </span>
     <span class='ocr_line' id='line_1_30' title="bbox 241 1781 1659 1834; baseline 0.001 -17"><span class='ocrx_word' id='word_1_267' title='bbox 241 1795 343 1818; x_wconf 87' lang='lat' dir='ltr'>more</span> <span class='ocrx_word' id='word_1_268' title='bbox 364 1783 544 1828; x_wconf 81' lang='lat' dir='ltr'>Iunonis,</span> <span class='ocrx_word' id='word_1_269' title='bbox 574 1784 738 1820; x_wconf 79' lang='lat' dir='ltr'>thorum.</span> <span class='ocrx_word' id='word_1_270' title='bbox 798 1796 848 1819; x_wconf 83' lang='lat' dir='ltr'>ne</span> <span class='ocrx_word' id='word_1_271' title='bbox 880 1785 966 1834; x_wconf 86' lang='lat' dir='ltr'>quis</span> <span class='ocrx_word' id='word_1_272' title='bbox 992 1788 1101 1832; x_wconf 82' lang='lat' dir='ltr'>putet</span> <span class='ocrx_word' id='word_1_273' title='bbox 1121 1788 1271 1818; x_wconf 80' lang='lat' dir='ltr'>tantum</span> <span class='ocrx_word' id='word_1_274' title='bbox 1288 1781 1457 1831; x_wconf 61' lang='lat' dir='ltr'>poeticas</span> <span class='ocrx_word' id='word_1_275' title='bbox 1477 1788 1543 1817; x_wconf 83' lang='lat' dir='ltr'>aut</span> <span class='ocrx_word' id='word_1_276' title='bbox 1562 1782 1659 1818; x_wconf 89' lang='lat' dir='ltr'>abu-</span> 
     </span>
     <span class='ocr_line' id='line_1_31' title="bbox 241 1836 1658 1888; baseline -0.001 -15"><span class='ocrx_word' id='word_1_277' title='bbox 241 1838 342 1874; x_wconf 85' lang='lat' dir='ltr'>sivas</span> <span class='ocrx_word' id='word_1_278' title='bbox 371 1837 558 1888; x_wconf 85' lang='lat' dir='ltr'>loquendi</span> <span class='ocrx_word' id='word_1_279' title='bbox 585 1839 795 1886; x_wconf 84' lang='lat' dir='ltr'>formulas,</span> <span class='ocrx_word' id='word_1_280' title='bbox 825 1840 919 1874; x_wconf 87' lang='lat' dir='ltr'>sciat</span> <span class='ocrx_word' id='word_1_281' title='bbox 941 1840 1014 1874; x_wconf 81' lang='lat' dir='ltr'>tiro</span> <span class='ocrx_word' id='word_1_282' title='bbox 1037 1839 1092 1874; x_wconf 90' lang='lat' dir='ltr'>sic</span> <span class='ocrx_word' id='word_1_283' title='bbox 1113 1837 1223 1887; x_wconf 87' lang='lat' dir='ltr'>loqui</span> <span class='ocrx_word' id='word_1_284' title='bbox 1246 1838 1308 1873; x_wconf 82' lang='lat' dir='ltr'>Ic.</span> <span class='ocrx_word' id='word_1_285' title='bbox 1331 1836 1518 1886; x_wconf 86' lang='lat' dir='ltr'>Ulpianus</span> <span class='ocrx_word' id='word_1_286' title='bbox 1541 1837 1609 1872; x_wconf 91' lang='lat' dir='ltr'>lib.</span> <span class='ocrx_word' id='word_1_287' title='bbox 1632 1839 1658 1877; x_wconf 86' lang='grc'><strong>2</strong></span> 
     </span>
     <span class='ocr_line' id='line_1_32' title="bbox 240 1890 1654 1930; baseline -0.001 -2"><span class='ocrx_word' id='word_1_288' title='bbox 240 1890 288 1928; x_wconf 86' lang='lat' dir='ltr'>de</span> <span class='ocrx_word' id='word_1_289' title='bbox 306 1892 431 1929; x_wconf 85' lang='lat' dir='ltr'>officio</span> <span class='ocrx_word' id='word_1_290' title='bbox 452 1894 641 1930; x_wconf 85' lang='lat' dir='ltr'>consulis:</span> <span class='ocrx_word' id='word_1_291' title='bbox 672 1893 895 1930; x_wconf 78' lang='lat' dir='ltr'>huiusmodi</span> <span class='ocrx_word' id='word_1_292' title='bbox 925 1892 1158 1928; x_wconf 80' lang='lat' dir='ltr'>condicionis</span> <span class='ocrx_word' id='word_1_293' title='bbox 1187 1904 1342 1927; x_wconf 86' lang='lat' dir='ltr'>uxorem</span> <span class='ocrx_word' id='word_1_294' title='bbox 1369 1892 1572 1927; x_wconf 83' lang='lat' dir='ltr'>sortiturus</span> <span class='ocrx_word' id='word_1_295' title='bbox 1591 1892 1654 1927; x_wconf 85' lang='lat' dir='ltr'>sit.</span> 
     </span>
     <span class='ocr_line' id='line_1_33' title="bbox 239 1945 1659 1999; baseline -0.001 -16"><span class='ocrx_word' id='word_1_296' title='bbox 239 1946 347 1984; x_wconf 90' lang='lat' dir='ltr'>idem</span> <span class='ocrx_word' id='word_1_297' title='bbox 375 1956 594 1985; x_wconf 87' lang='lat' dir='ltr'>senatorum</span> <span class='ocrx_word' id='word_1_298' title='bbox 611 1949 729 1996; x_wconf 87' lang='lat' dir='ltr'>filiae</span> <span class='ocrx_word' id='word_1_299' title='bbox 757 1949 851 1999; x_wconf 93' lang='lat' dir='ltr'>(lib.</span> <span class='ocrx_word' id='word_1_300' title='bbox 871 1950 895 1988; x_wconf 87' lang='lat'>8</span> <span class='ocrx_word' id='word_1_301' title='bbox 915 1947 956 1983; x_wconf 87' lang='lat' dir='ltr'>ff.</span> <span class='ocrx_word' id='word_1_302' title='bbox 980 1946 1027 1983; x_wconf 87' lang='lat' dir='ltr'>de</span> <span class='ocrx_word' id='word_1_303' title='bbox 1048 1945 1197 1996; x_wconf 84' lang='lat' dir='ltr'>senat.)</span> <span class='ocrx_word' id='word_1_304' title='bbox 1228 1959 1327 1997; x_wconf 86' lang='lat' dir='ltr'>quae</span> <span class='ocrx_word' id='word_1_305' title='bbox 1356 1947 1459 1982; x_wconf 72' lang='lat' dir='ltr'>viros</span> <span class='ocrx_word' id='word_1_306' title='bbox 1487 1946 1659 1982; x_wconf 75' lang='lat' dir='ltr'>claris-si-</span> 
     </span>
     <span class='ocr_line' id='line_1_34' title="bbox 240 1999 1656 2055; baseline 0 -17"><span class='ocrx_word' id='word_1_307' title='bbox 240 2015 322 2038; x_wconf 88' lang='lat' dir='ltr'>mos</span> <span class='ocrx_word' id='word_1_308' title='bbox 341 2005 495 2040; x_wconf 85' lang='lat' dir='ltr'>sortitae</span> <span class='ocrx_word' id='word_1_309' title='bbox 514 2011 618 2040; x_wconf 84' lang='lat' dir='ltr'>sunt.</span> <span class='ocrx_word' id='word_1_310' title='bbox 678 2003 749 2041; x_wconf 89' lang='lat' dir='ltr'>sed</span> <span class='ocrx_word' id='word_1_311' title='bbox 769 2005 854 2055; x_wconf 87' lang='lat' dir='ltr'>quis</span> <span class='ocrx_word' id='word_1_312' title='bbox 873 2003 939 2038; x_wconf 86' lang='lat' dir='ltr'>ille</span> <span class='ocrx_word' id='word_1_313' title='bbox 958 2003 1007 2038; x_wconf 89' lang='lat' dir='ltr'>sit</span> <span class='ocrx_word' id='word_1_314' title='bbox 1023 2003 1064 2038; x_wconf 87' lang='lat' dir='ltr'>in</span> <span class='ocrx_word' id='word_1_315' title='bbox 1080 2014 1201 2038; x_wconf 90' lang='lat' dir='ltr'>manu</span> <span class='ocrx_word' id='word_1_316' title='bbox 1221 1999 1473 2038; x_wconf 79' lang='lat' dir='ltr'>conveniendi</span> <span class='ocrx_word' id='word_1_317' title='bbox 1505 2000 1656 2048; x_wconf 83' lang='lat' dir='ltr'>modus,</span> 
     </span>
     <span class='ocr_line' id='line_1_35' title="bbox 239 2055 1656 2108; baseline 0.001 -16"><span class='ocrx_word' id='word_1_318' title='bbox 239 2057 366 2094; x_wconf 79' lang='lat' dir='ltr'>fateor</span> <span class='ocrx_word' id='word_1_319' title='bbox 393 2071 456 2095; x_wconf 89' lang='lat' dir='ltr'>me</span> <span class='ocrx_word' id='word_1_320' title='bbox 486 2061 655 2096; x_wconf 84' lang='lat' dir='ltr'>nescire:</span> <span class='ocrx_word' id='word_1_321' title='bbox 686 2071 842 2108; x_wconf 84' lang='lat' dir='ltr'><strong>agerem</strong></span> <span class='ocrx_word' id='word_1_322' title='bbox 863 2060 1003 2107; x_wconf 82' lang='lat' dir='ltr'>gratias</span> <span class='ocrx_word' id='word_1_323' title='bbox 1026 2059 1238 2107; x_wconf 74' lang='lat' dir='ltr'><strong>exponenti</strong></span> <span class='ocrx_word' id='word_1_324' title='bbox 1253 2055 1353 2093; x_wconf 87' lang='lat' dir='ltr'>illud</span> <span class='ocrx_word' id='word_1_325' title='bbox 1369 2057 1545 2094; x_wconf 80' lang='lat' dir='ltr'>Suetonii</span> <span class='ocrx_word' id='word_1_326' title='bbox 1565 2056 1656 2093; x_wconf 85' lang='lat' dir='ltr'>Tib.</span> 
     </span>
     <span class='ocr_line' id='line_1_36' title="bbox 240 2111 1652 2164; baseline -0.004 -12"><span class='ocrx_word' id='word_1_327' title='bbox 240 2125 274 2148; x_wconf 72' lang='lat'>0-</span> <span class='ocrx_word' id='word_1_328' title='bbox 304 2113 380 2152; x_wconf 81' lang='lat'>35:</span> <span class='ocrx_word' id='word_1_329' title='bbox 421 2127 576 2150; x_wconf 81' lang='lat' dir='ltr'>uxorem</span> <span class='ocrx_word' id='word_1_330' title='bbox 598 2115 727 2164; x_wconf 80' lang='lat' dir='ltr'>pridie</span> <span class='ocrx_word' id='word_1_331' title='bbox 754 2115 947 2151; x_wconf 84' lang='lat' dir='ltr'>sortitione</span> <span class='ocrx_word' id='word_1_332' title='bbox 976 2113 1153 2156; x_wconf 80' lang='lat' dir='ltr'>ductam,</span> <span class='ocrx_word' id='word_1_333' title='bbox 1188 2111 1376 2162; x_wconf 82' lang='lat' dir='ltr'>postridie</span> <span class='ocrx_word' id='word_1_334' title='bbox 1403 2111 1652 2161; x_wconf 79' lang='lat' dir='ltr'>repudiasset.</span> 
     </span>
     <span class='ocr_line' id='line_1_37' title="bbox 237 2167 420 2205; baseline 0.016 -3"><span class='ocrx_word' id='word_1_335' title='bbox 237 2167 420 2205; x_wconf 71' lang='lat' dir='ltr'>Dnmrs&#39;r.</span> 
     </span>
    </p>

    <p class='ocr_par' dir='ltr' id='par_1_7' title="bbox 348 2221 1575 2273">
     <span class='ocr_line' id='line_1_38' title="bbox 348 2221 1575 2273; baseline -0.004 -11"><span class='ocrx_word' id='word_1_336' title='bbox 348 2222 444 2263; x_wconf 83' lang='lat'><strong>274.</strong></span> <span class='ocrx_word' id='word_1_337' title='bbox 498 2223 756 2262; x_wconf 83' lang='lat' dir='ltr'>Claudianus:</span> <span class='ocrx_word' id='word_1_338' title='bbox 787 2238 857 2261; x_wconf 83' lang='lat' dir='ltr'>nec</span> <span class='ocrx_word' id='word_1_339' title='bbox 869 2224 966 2273; x_wconf 86' lang='lat' dir='ltr'>plus</span> <span class='ocrx_word' id='word_1_340' title='bbox 984 2236 1153 2260; x_wconf 78' lang='lat' dir='ltr'><strong>sermone</strong></span> <span class='ocrx_word' id='word_1_341' title='bbox 1170 2221 1359 2260; x_wconf 86' lang='lat' dir='ltr'>morabor.</span> <span class='ocrx_word' id='word_1_342' title='bbox 1414 2223 1575 2258; x_wconf 72' lang='lat' dir='ltr'><strong>BARTR.</strong></span> 
     </span>
    </p>

    <p class='ocr_par' dir='ltr' id='par_1_8' title="bbox 234 2275 1658 2769">
     <span class='ocr_line' id='line_1_39' title="bbox 348 2275 1656 2329; baseline -0.003 -13"><span class='ocrx_word' id='word_1_343' title='bbox 348 2279 441 2317; x_wconf 83' lang='lat'><strong>276.</strong></span> <span class='ocrx_word' id='word_1_344' title='bbox 498 2280 672 2317; x_wconf 84' lang='lat' dir='ltr'>trabeam</span> <span class='ocrx_word' id='word_1_345' title='bbox 697 2281 940 2317; x_wconf 84' lang='lat' dir='ltr'>consularem</span> <span class='ocrx_word' id='word_1_346' title='bbox 969 2278 1169 2326; x_wconf 85' lang='lat' dir='ltr'>describit,</span> <span class='ocrx_word' id='word_1_347' title='bbox 1198 2280 1239 2315; x_wconf 89' lang='lat' dir='ltr'>in</span> <span class='ocrx_word' id='word_1_348' title='bbox 1261 2290 1338 2329; x_wconf 90' lang='lat' dir='ltr'>qua</span> <span class='ocrx_word' id='word_1_349' title='bbox 1359 2278 1550 2313; x_wconf 79' lang='lat' dir='ltr'>maiorum</span> <span class='ocrx_word' id='word_1_350' title='bbox 1570 2275 1656 2312; x_wconf 84' lang='lat' dir='ltr'><strong>effi-</strong></span> 
     </span>
     <span class='ocr_line' id='line_1_40' title="bbox 240 2331 1657 2383; baseline 0 -17"><span class='ocrx_word' id='word_1_351' title='bbox 240 2331 321 2381; x_wconf 81' lang='lat' dir='ltr'>gies</span> <span class='ocrx_word' id='word_1_352' title='bbox 351 2343 422 2367; x_wconf 85' lang='lat' dir='ltr'>acu</span> <span class='ocrx_word' id='word_1_353' title='bbox 447 2334 586 2382; x_wconf 83' lang='lat' dir='ltr'>pictae.</span> <span class='ocrx_word' id='word_1_354' title='bbox 642 2338 789 2372; x_wconf 86' lang='lat' dir='ltr'>Auson.</span> <span class='ocrx_word' id='word_1_355' title='bbox 819 2336 981 2371; x_wconf 80' lang='lat' dir='ltr'>Gratiar.</span> <span class='ocrx_word' id='word_1_356' title='bbox 1011 2341 1105 2370; x_wconf 87' lang='lat' dir='ltr'>act.:</span> <span class='ocrx_word' id='word_1_357' title='bbox 1128 2333 1351 2383; x_wconf 81' lang='lat' dir='ltr'>palmatam</span> <span class='ocrx_word' id='word_1_358' title='bbox 1379 2331 1452 2367; x_wconf 84' lang='lat' dir='ltr'>tihi</span> <span class='ocrx_word' id='word_1_359' title='bbox 1480 2332 1584 2376; x_wconf 77' lang='lat' dir='ltr'>misi,</span> <span class='ocrx_word' id='word_1_360' title='bbox 1616 2332 1657 2367; x_wconf 86' lang='lat' dir='ltr'>in</span> 
     </span>
     <span class='ocr_line' id='line_1_41' title="bbox 243 2386 1658 2438; baseline 0 -17"><span class='ocrx_word' id='word_1_361' title='bbox 243 2400 323 2436; x_wconf 87' lang='lat' dir='ltr'>qua</span> <span class='ocrx_word' id='word_1_362' title='bbox 352 2387 466 2424; x_wconf 76' lang='lat' dir='ltr'>divus</span> <span class='ocrx_word' id='word_1_363' title='bbox 492 2403 637 2438; x_wconf 88' lang='lat' dir='ltr'>parens</span> <span class='ocrx_word' id='word_1_364' title='bbox 671 2391 918 2428; x_wconf 79' lang='lat' dir='ltr'>Constantius</span> <span class='ocrx_word' id='word_1_365' title='bbox 949 2391 1115 2426; x_wconf 85' lang='lat' dir='ltr'>intextus</span> <span class='ocrx_word' id='word_1_366' title='bbox 1145 2395 1210 2425; x_wconf 90' lang='lat' dir='ltr'>est.</span> <span class='ocrx_word' id='word_1_367' title='bbox 1270 2387 1366 2423; x_wconf 76' lang='lat' dir='ltr'>haec</span> <span class='ocrx_word' id='word_1_368' title='bbox 1387 2386 1527 2436; x_wconf 79' lang='lat' dir='ltr'>plane,</span> <span class='ocrx_word' id='word_1_369' title='bbox 1561 2386 1658 2422; x_wconf 80' lang='lat' dir='ltr'>haec</span> 
     </span>
     <span class='ocr_line' id='line_1_42' title="bbox 241 2440 1652 2495; baseline -0.001 -18"><span class='ocrx_word' id='word_1_370' title='bbox 241 2448 295 2477; x_wconf 88' lang='lat' dir='ltr'>est</span> <span class='ocrx_word' id='word_1_371' title='bbox 305 2443 434 2490; x_wconf 80' lang='lat' dir='ltr'>picta,</span> <span class='ocrx_word' id='word_1_372' title='bbox 464 2451 509 2479; x_wconf 85' lang='lat' dir='ltr'>ut</span> <span class='ocrx_word' id='word_1_373' title='bbox 524 2444 682 2490; x_wconf 79' lang='lat' dir='ltr'>dieitur,</span> <span class='ocrx_word' id='word_1_374' title='bbox 711 2446 825 2482; x_wconf 72' lang='lat' dir='ltr'>vestis</span> <span class='ocrx_word' id='word_1_375' title='bbox 845 2458 923 2481; x_wconf 87' lang='lat' dir='ltr'>non</span> <span class='ocrx_word' id='word_1_376' title='bbox 941 2446 1068 2495; x_wconf 80' lang='lat' dir='ltr'>magis</span> <span class='ocrx_word' id='word_1_377' title='bbox 1086 2457 1181 2480; x_wconf 85' lang='lat' dir='ltr'>auro</span> <span class='ocrx_word' id='word_1_378' title='bbox 1199 2455 1268 2478; x_wconf 87' lang='lat' dir='ltr'>suo</span> <span class='ocrx_word' id='word_1_379' title='bbox 1285 2455 1404 2492; x_wconf 86' lang='lat' dir='ltr'>quam</span> <span class='ocrx_word' id='word_1_380' title='bbox 1421 2443 1497 2478; x_wconf 88' lang='lat' dir='ltr'>tuis</span> <span class='ocrx_word' id='word_1_381' title='bbox 1514 2440 1652 2478; x_wconf 67' lang='lat' dir='ltr'>verbis.</span> 
     </span>
     <span class='ocr_line' id='line_1_43' title="bbox 242 2497 1655 2550; baseline 0 -18"><span class='ocrx_word' id='word_1_382' title='bbox 242 2502 279 2532; x_wconf 84' lang='lat' dir='ltr'>et</span> <span class='ocrx_word' id='word_1_383' title='bbox 298 2503 407 2546; x_wconf 88' lang='lat' dir='ltr'>post:</span> <span class='ocrx_word' id='word_1_384' title='bbox 443 2498 690 2536; x_wconf 72' lang='lat' dir='ltr'>Constantius</span> <span class='ocrx_word' id='word_1_385' title='bbox 709 2502 750 2536; x_wconf 86' lang='lat' dir='ltr'>in</span> <span class='ocrx_word' id='word_1_386' title='bbox 771 2506 998 2550; x_wconf 79' lang='lat' dir='ltr'>argumento</span> <span class='ocrx_word' id='word_1_387' title='bbox 1017 2500 1131 2536; x_wconf 68' lang='lat' dir='ltr'>vestis</span> <span class='ocrx_word' id='word_1_388' title='bbox 1149 2499 1345 2541; x_wconf 78' lang='lat' dir='ltr'>intexitur,</span> <span class='ocrx_word' id='word_1_389' title='bbox 1381 2497 1595 2534; x_wconf 77' lang='lat' dir='ltr'>Gratianus</span> <span class='ocrx_word' id='word_1_390' title='bbox 1614 2497 1655 2532; x_wconf 85' lang='lat' dir='ltr'>in</span> 
     </span>
     <span class='ocr_line' id='line_1_44' title="bbox 241 2552 1655 2603; baseline -0.001 -16"><span class='ocrx_word' id='word_1_391' title='bbox 241 2553 409 2588; x_wconf 89' lang='lat' dir='ltr'>muneris</span> <span class='ocrx_word' id='word_1_392' title='bbox 435 2553 577 2590; x_wconf 81' lang='lat' dir='ltr'>honore</span> <span class='ocrx_word' id='word_1_393' title='bbox 601 2556 775 2590; x_wconf 82' lang='lat' dir='ltr'>sentitur.</span> <span class='ocrx_word' id='word_1_394' title='bbox 837 2553 1037 2591; x_wconf 87' lang='lat' dir='ltr'>Claudian.</span> <span class='ocrx_word' id='word_1_395' title='bbox 1060 2552 1107 2589; x_wconf 88' lang='lat' dir='ltr'>de</span> <span class='ocrx_word' id='word_1_396' title='bbox 1127 2552 1234 2589; x_wconf 84' lang='lat' dir='ltr'>laud.</span> <span class='ocrx_word' id='word_1_397' title='bbox 1258 2553 1345 2590; x_wconf 77' lang='lat' dir='ltr'>Stil.</span> <span class='ocrx_word' id='word_1_398' title='bbox 1364 2555 1410 2592; x_wconf 81' lang='lat'>2:</span> <span class='ocrx_word' id='word_1_399' title='bbox 1436 2553 1655 2603; x_wconf 78' lang='lat' dir='ltr'>gremioque</span> 
     </span>
     <span class='ocr_line' id='line_1_45' title="bbox 240 2607 1655 2659; baseline -0.001 -18"><span class='ocrx_word' id='word_1_400' title='bbox 240 2607 406 2656; x_wconf 81' lang='lat' dir='ltr'>rigentia</span> <span class='ocrx_word' id='word_1_401' title='bbox 427 2610 582 2659; x_wconf 81' lang='lat' dir='ltr'>profert</span> <span class='ocrx_word' id='word_1_402' title='bbox 606 2610 725 2654; x_wconf 79' lang='lat' dir='ltr'>dona,</span> <span class='ocrx_word' id='word_1_403' title='bbox 758 2622 900 2659; x_wconf 74' lang='lat' dir='ltr'>graves</span> <span class='ocrx_word' id='word_1_404' title='bbox 927 2622 1023 2645; x_wconf 88' lang='lat' dir='ltr'>auro</span> <span class='ocrx_word' id='word_1_405' title='bbox 1051 2607 1215 2644; x_wconf 85' lang='lat' dir='ltr'>trabeas.</span> <span class='ocrx_word' id='word_1_406' title='bbox 1274 2609 1427 2658; x_wconf 80' lang='lat' dir='ltr'>insigne</span> <span class='ocrx_word' id='word_1_407' title='bbox 1452 2608 1655 2643; x_wconf 73' lang='lat' dir='ltr'>Minervae</span> 
     </span>
     <span class='ocr_line' id='line_1_46' title="bbox 241 2660 1654 2714; baseline -0.001 -17"><span class='ocrx_word' id='word_1_408' title='bbox 241 2663 364 2711; x_wconf 79' lang='lat' dir='ltr'>spirat</span> <span class='ocrx_word' id='word_1_409' title='bbox 383 2675 490 2712; x_wconf 87' lang='lat' dir='ltr'>opus.</span> <span class='ocrx_word' id='word_1_410' title='bbox 550 2664 677 2700; x_wconf 75' lang='lat' dir='ltr'>rutilis</span> <span class='ocrx_word' id='word_1_411' title='bbox 697 2664 761 2700; x_wconf 75' lang='lat' dir='ltr'>hie</span> <span class='ocrx_word' id='word_1_412' title='bbox 775 2665 955 2714; x_wconf 78' lang='lat' dir='ltr'>pingitur</span> <span class='ocrx_word' id='word_1_413' title='bbox 972 2662 1069 2699; x_wconf 86' lang='lat' dir='ltr'>aula</span> <span class='ocrx_word' id='word_1_414' title='bbox 1089 2663 1296 2707; x_wconf 85' lang='lat' dir='ltr'>columnis,</span> <span class='ocrx_word' id='word_1_415' title='bbox 1326 2669 1363 2698; x_wconf 91' lang='lat' dir='ltr'>et</span> <span class='ocrx_word' id='word_1_416' title='bbox 1381 2662 1483 2698; x_wconf 84' lang='lat' dir='ltr'>sacri</span> <span class='ocrx_word' id='word_1_417' title='bbox 1499 2660 1654 2698; x_wconf 87' lang='lat' dir='ltr'>Mariae</span> 
     </span>
     <span class='ocr_line' id='line_1_47' title="bbox 234 2713 1653 2769; baseline -0.001 -17"><span class='ocrx_word' id='word_1_418' title='bbox 234 2724 377 2765; x_wconf 80' lang='lat' dir='ltr'>partus</span> <span class='ocrx_word' id='word_1_419' title='bbox 394 2719 550 2755; x_wconf 84' lang='lat' dir='ltr'>Lucina</span> <span class='ocrx_word' id='word_1_420' title='bbox 569 2719 716 2756; x_wconf 82' lang='lat' dir='ltr'>dolores</span> <span class='ocrx_word' id='word_1_421' title='bbox 730 2720 891 2756; x_wconf 85' lang='lat' dir='ltr'>solatur.</span> <span class='ocrx_word' id='word_1_422' title='bbox 953 2719 1082 2755; x_wconf 87' lang='lat' dir='ltr'>omnia</span> <span class='ocrx_word' id='word_1_423' title='bbox 1099 2719 1195 2755; x_wconf 85' lang='lat' dir='ltr'>mire</span> <span class='ocrx_word' id='word_1_424' title='bbox 1215 2717 1291 2755; x_wconf 92' lang='lat' dir='ltr'>huc</span> <span class='ocrx_word' id='word_1_425' title='bbox 1309 2715 1508 2769; x_wconf 83' lang='lat' dir='ltr'>quadrant.</span> <span class='ocrx_word' id='word_1_426' title='bbox 1564 2713 1653 2751; x_wconf 79' lang='lat' dir='ltr'>vide</span> 
     </span>
    </p>
   </div>
  </div>
 </body>
</html>
