1702 3060
242 150 306 199 44
841 147 1058 192 CORIPPI

352 259 450 298 haec
469 258 518 296 sit
535 256 739 308 praecipue
759 257 902 294 summi
919 255 1068 294 cautela
1088 255 1245 304 laboris,

354 326 426 364 has
444 326 580 375 vigiles
601 330 750 361 servate
773 325 902 361 vices:
930 322 992 360 his
1012 325 1164 360 vincitis
1184 323 1335 361 hostesffl

243 393 324 436 570
353 392 486 430 ordine
507 392 669 442 quisque
691 403 762 432 suo
773 419 782 437 ‚
813 388 1046 441 praecedant
1066 396 1188 426 castra
1205 390 1375 436 tribuni,v
1392 411 1395 414 -
1417 413 1422 419 -
1464 398 1467 399 ’

351 456 622 510 interdumque
646 456 763 494 duces
774 486 789 506 „
813 463 1009 506 suspectas
1031 469 1214 507 quaerere
1233 457 1355 494 valles

351 532 390 562 et
407 525 541 562 faciles
561 531 756 575 praestare
775 524 871 561 vias.
929 524 1119 560 exercitus
1136 524 1267 561 omnis

350 590 412 628 his
431 604 588 628 securus
609 593 700 638 erit,
731 597 886 627 cautum
907 603 980 626 nec
1002 592 1199 639 praevenit
1220 588 1344 627 hostis
1370 626 1372 629 ,
1397 616 1399 618 -

349 659 627 709 vallatumque.
685 659 764 695 suis
785 664 823 693 at
842 658 875 692 si
892 658 1087 695 Maurusia
1103 657 1251 694 bellum

240 725 321 767 575
351 724 551 762 fraudibus
573 725 730 760 occultis
753 724 854 759 acies
876 729 1026 759 assueta
1046 723 1209 773 parabit,

349 792 509 827 nuntius
532 797 620 826 ante
639 790 736 826 levis
757 795 908 825 nostras
929 787 1103 839 deportet
1124 789 1174 826 ad
1194 801 1305 827 aures

352 865 485 894 vectus
503 869 600 908 equo
613 885 623 903 ‚
654 862 860 906 cautasque
877 855 972 891 facit
989 867 1195 904 properare
1216 853 1406 892 cohortes.

354 922 428 960 hoc
454 930 620 970 servate,
652 922 792 958 duces:
822 935 955 958 veram
973 928 1123 971 sperate
1136 916 1352 957 -salute1n.’'

410 991 571 1025 Dixerat
590 988 686 1026 haec
705 987 860 1034 ductor,
892 988 1017 1024 latum
1034 1001 1123 1024 cum
1139 987 1296 1024 vocibus
1316 998 1457 1036 agmen

249 1058 329 1101 580
358 1057 601 1107 consequitur
619 1056 750 1093 festis:
780 1053 941 1091 laudaut
962 1053 1228 1104 plauduntque
1249 1053 1458 1106 faventque

357 1125 629 1175 exsultantque
647 1123 806 1170 animis,
841 1127 879 1158 et
898 1122 991 1158 laeti
1008 1122 1112 1158 iussa
1132 1120 1339 1158 facessunt.

500 1411 804 1470 LIBER
882 1411 1422 1481 SECUNDUS.

360 1540 544 1606 Pellitur
562 1559 709 1596 interea
731 1558 877 1595 cunctis
895 1564 1064 1595 vastator
1082 1555 1129 1594 ab
1153 1556 1229 1595 oris

355 1631 533 1675 Maurus,
567 1632 603 1663 et
627 1625 788 1662 adverso
812 1623 987 1675 trepidus
1010 1625 1177 1661 calcatur
1199 1623 1246 1660 ab
1268 1620 1395 1662 hoste.

357 1695 498 1732 deserit
525 1693 699 1729 obsessas
723 1690 876 1740 fugiens
899 1690 1126 1728 conterritus
1150 1691 1278 1738 urbes,

357 1762 610 1810 turbatusque
631 1764 738 1794 metu
759 1762 911 1794 montes
931 1759 1120 1794 concurrit
1142 1756 1193 1793 ad
1214 1757 1324 1804 altos,

303 1827 330 1868 5
360 1834 558 1878 castraque
578 1826 765 1871 munivit,
794 1823 999 1876 posuitque
1020 1825 1208 1875 impervia
1230 1822 1354 1861 silvis·

359 1895 570 1944 implentur
588 1892 787 1942 vallesque
809 1901 924 1927 cavae
947 1891 1139 1942 collesque
1159 1889 1287 1940 supini

361 1960 540 2010 gentibus
559 1957 796 2005 innumerisg
830 1969 1063 2008 camposque
1083 1965 1119 1993 et
1139 1956 1296 1994 flumina
1316 1955 1394 1992 late

361 2040 476 2064 curva
498 2033 643 2063 tenent.
699 2026 812 2061 latuit
830 2023 959 2061 densis
982 2023 1218 2060 contermina
1235 2023 1352 2060 tellus

362 2094 602 2144 agminibus3
632 2098 859 2144 montesque
880 2097 917 2127 et
938 2090 1048 2127 celsis
1066 2088 1225 2131 frondea
1248 2090 1356 2127 silvis

282 2163 332 2203 10
362 2167 461 2196 tecta
479 2161 602 2197 latent
615 2189 625 2208 ‚
654 2159 846 2211 pendente
868 2171 969 2195 casa.
1024 2157 1124 2207 fugit
1142 2155 1234 2193 inde
1255 2157 1425 2192 ferarum

359 2241 473 2264 omne
496 2240 640 2277 genus,
671 2226 776 2263 saevi
800 2226 971 2262 referens
993 2224 1183 2260 venabula
1205 2225 1354 2260 Mauri:

359 2307 431 2331 nec
452 2295 576 2344 potuit
594 2293 779 2329 miserum
797 2298 923 2328 tantas
946 2290 1110 2328 evadere
1129 2297 1270 2341 pestes,

363 2360 431 2398 sed
453 2362 552 2397 iacet
573 2359 701 2395 affixis
720 2359 901 2409 resupino
920 2359 962 2394 in
980 2364 1133 2408 pectore
1150 2357 1252 2394 telis.

362 2442 441 2465 non
463 2428 569 2464 mitis
589 2425 747 2463 volucer
770 2425 886 2462 ramis
906 2425 1117 2475 permissus
1138 2425 1179 2460 in
1199 2422 1287 2459 altis

283 2494 334 2537 15
361 2494 564 2532 frondibus
586 2495 651 2529 aut
673 2482 812 2528 inediis
834 2490 965 2528 dulces
987 2489 1222 2541 suspendere
1242 2483 1371 2524 nido's2

363 2562 562 2598 arboribus
582 2560 745 2608 religant
766 2566 946 2607 congesto
968 2558 1135 2594 culmine
1153 2567 1295 2591 cannas

258 2683 324 2718 578
346 2691 482 2727 sperare
499 2682 531 2715 Τ
585 2699 628 2706 -
682 2681 703 2713 5
727 2678 864 2722 diraque
884 2678 915 2710 Τ
1046 2675 1126 2709 ibid.
1149 2675 1181 2707 in
1197 2673 1304 2719 prelia
1323 2673 1353 2706 Τ
1498 2673 1520 2706 6
1541 2671 1679 2717 implen-

259 2733 381 2772 turque
400 2729 431 2761 '1'
561 2727 583 2760 8
605 2729 761 2769 teguntur
781 2725 812 2756 Τ
946 2721 986 2755 13
1009 2721 1129 2755 afflixis
1149 2722 1186 2754 T.
