1702 3060
133 1125 164 1158 p.

190 1114 233 1148 17

269 135 330 182 14
741 137 823 179 FL.
855 135 1212 181 MERoBAUDIs
1672 143 1697 204 ‘³52-

374 245 547 282 culmina
558 273 574 292 ‚
604 258 704 297 quae
722 251 803 283 toto
823 247 925 283 Latii
947 248 1218 298 conspeximus
1239 249 1346 287 orbe.

372 326 453 348 una
475 326 603 348 omnes
620 314 661 348 in
679 313 756 349 tela
774 320 906 349 ruant:
939 316 1068 363 gravis
1090 314 1222 352 ardeat
1243 328 1335 353 auro
1384 332 1386 335 ’

290 378 343 417 80
371 378 519 414 balteus
528 393 545 424 ,·
574 386 732 416 auratae
751 378 988 416 circumdent
1007 381 1087 417 tela
1103 366 1289 430 faretrae3

365 457 487 479 aurea
506 446 681 495 crispatis
705 446 848 483 insidat
867 447 997 483 lamna
1014 447 1181 497 lupatis3

365 509 573 546 includant
588 524 766 561 gemmae
783 511 988 564 chalybem
1000 543 1009 561 ‚
1038 514 1218 567 ferroque
1234 515 1423 552 micantes

354 577 524 627 fiolgens
542 580 688 616 auratis
708 580 858 617 facibus
875 581 947 616 lux
963 578 1099 617 induat
1119 594 1243 619 enses.

366 645 516 680 moenia
533 645 641 682 nulla
654 652 742 683 tuos
762 648 918 683 valeant
937 660 1064 684 arcere
1082 648 1252 684 furores:

284 708 337 749 85
366 710 495 746 Roma
517 712 670 762 ipsique
690 719 859 749 tremant
873 713 1028 750 furialia
1043 725 1241 750 murmura
1258 724 1383 762 reges.

366 782 450 811 tum
469 790 625 825 superos
649 779 760 815 terris
779 785 896 830 atque
915 777 1070 830 hospita
1084 781 1246 816 numina
1266 780 1393 829 pelle:

362 842 562 879 Romanos
573 844 768 893 populare
788 843 899 892 deos,
929 852 967 882 et
986 847 1118 882 nullus
1137 848 1177 882 in
1197 848 1272 883 aris

331 899 338 905 ’
370 907 415 944 V
407 914 507 943 estne
527 917 700 946 exoratae
715 911 820 948 fotus
839 918 943 948 strue
957 912 1102 961 palleat
1116 911 1234 960 ignis.

362 973 423 1010 his
442 976 626 1012 instructa
647 975 745 1014 dolis
766 978 916 1014 Palatia
934 978 1037 1014 celsa
1055 977 1216 1024 subibo3

284 1043 336 1082 90
365 1043 556 1078 maiorum
573 1055 700 1080 mores
720 1050 758 1080 et
774 1051 931 1094 pectora
950 1045 1076 1095 prisca
1095 1044 1240 1093 fugabo

351 1109 563 1160 funditus.-
592 1116 712 1160 atque
728 1111 864 1158 simul,
893 1111 1001 1148 nullo
1023 1110 1241 1147 discrimine
1261 1122 1404 1158 rerum,

361 1183 593 1225 spernantur
609 1177 746 1226 fortes,
776 1191 848 1214 nec
868 1179 918 1214 sit
936 1180 1150 1214 reverentia
1166 1178 1294 1215 iustis.

361 1241 500 1278 Attica
522 1243 697 1292 neglecto
714 1251 847 1294 pereat
866 1243 1047 1280 facundia
1066 1242 1245 1291 Phoebo3

359 1309 531 1359 inclzgrnis
553 1311 749 1359 contingat
766 1309 910 1358 honos,
942 1317 980 1347 et
1002 1309 1173 1362 pondera
1193 1321 1322 1348 rerum

277 1374 329 1416 95
357 1388 434 1411 non
455 1377 576 1412 virtus
601 1375 670 1412 sed
693 1389 804 1413 casus
826 1384 915 1427 agat
936 1378 1133 1428 tristisque
1154 1375 1318 1427 cupid0;

350 1441 572 1490 pectoribus
591 1444 697 1479 saevi
715 1441 875 1479 demens
895 1443 1003 1479 furor
1020 1450 1168 1480 aestuet
1186 1444 1291 1490 aurit,

357 1509 561 1559 omniaque
571 1507 668 1546 haec
679 1510 762 1547 sine
771 1516 902 1546 mente
913 1510 1014 1547 Iovis
1027 1537 1037 1558 ,
1055 1510 1138 1547 sine
1146 1510 1307 1546 numine
1317 1521 1468 1548 summo
1487 1508 1506 1565 ss
1526 1520 1615 1560 ⁸961
1628 1513 1667 1551 ·d

790 1627 810 1649 ²0¹
946 1627 966 1649 it
1103 1627 1123 1647 ’ί

355 1724 393 1755 et
410 1717 586 1769 placidus
606 1719 676 1756 sub
697 1733 792 1770 pace
811 1718 950 1770 pudor.
1005 1731 1085 1757 non
1104 1718 1251 1770 proelia
1268 1717 1427 1758 mandet

353 1785 421 1823 sed
440 1793 547 1836 gerat
559 1815 568 1833 ‚
602 1790 640 1823 et
658 1787 794 1836 priscis
811 1788 999 1823 instauret
1013 1786 1093 1823 fata
1110 1785 1286 1822 triumfis.

250 1853 324 1893 100
354 1865 472 1903 quem
489 1865 568 1888 non
585 1852 727 1902 praeda
747 1851 887 1890 docens
906 1853 1065 1904 aurique
1085 1854 1222 1888 insana
1241 1851 1382 1903 cupido

354 1925 465 1968 cogat
484 1918 726 1956 inexhaustis
748 1920 921 1955 anilnum
940 1920 1160 1969 permittere
1177 1920 1291 1967 curis,

353 1985 422 2022 sed
441 1986 532 2022 ferri
546 1984 763 2022 laudandus
782 1998 911 2033 amor,
941 1987 1121 2036 Latiique
1140 1987 1284 2023 cruoris

352 2051 530 2089 indocilis
546 2053 767 2102 iugulisque
781 2051 943 2089 madens
956 2051 1165 2089 hostilibus
1182 2054 1297 2099 ensis,

351 2117 583 2155 indomitum
601 2120 814 2169 mitemque
834 2119 983 2169 probet.
1038 2130 1110 2155 nec
1131 2126 1220 2155 vota
1240 2118 1428 2157 cadebant

244 2184 322 2228 105
349 2186 391 2222 in
411 2184 594 2233 dubiumr,
624 2191 837 2237 notumque
857 2186 932 2222 fuit
949 2198 1066 2237 quem
1085 2192 1259 2236 posceret
1280 2187 1398 2224 orbis.

238 2360 404 2384 numerum
431 2350 621 2393 computare
643 2347 822 2391 debebam3
856 2360 920 2394 quo
944 2353 1094 2394 spectato
1118 2361 1179 2395 pro
1201 2350 1432 2396 supplementis
1455 2362 1487 2384 v.
1503 2351 1549 2386 87
1563 2354 1598 2385 et
1611 2353 1656 2387 92

237 2396 303 2429 alia
327 2395 450 2428 mallem
463 2419 472 2436 ‚
497 2398 536 2427 ut
557 2394 730 2438 pauciores
744 2394 875 2428 litterae
890 2395 972 2428 sintz
1001 2406 1113 2428 verum
1130 2397 1172 2429 de
1185 2407 1282 2429 sensu
1298 2407 1362 2430 non
1376 2395 1516 2439 ambigo.
1561 2409 1595 2430 v.
1610 2399 1656 2431 82

236 2441 312 2475 cod.
330 2441 488 2484 calybem.
533 2449 568 2473 v,
584 2440 625 2473 91
643 2450 682 2483 pr
697 2450 727 2472 m
744 2440 907 2474 discr-ime.
953 2451 985 2476 v,
1000 2440 1044 2474 93
1059 2441 1132 2474 cod.
1149 2442 1302 2475 neclecta.
1326 2439 1331 2442 ”
1346 2446 1424 2485 post
1438 2451 1470 2473 v.
1486 2442 1531 2475 97
1550 2441 1657 2475 inter-

237 2485 358 2519 cidisse
373 2485 526 2519 videntur
541 2484 605 2517 duo
620 2484 701 2517 fona
712 2508 721 2526 ‚
743 2485 838 2528 paulo
855 2485 992 2529 amplius
1008 2490 1135 2518 centum
1153 2486 1314 2520 versibus.
1337 2506 1380 2512 -
1401 2485 1559 2519 Excitata
1574 2486 1656 2520 Bel-

233 2530 309 2564 lona
339 2531 504 2574 rebusque
525 2529 680 2563 Romanis
704 2529 746 2562 ad
770 2540 924 2563 summum
939 2530 1110 2564 discrimen
1126 2531 1292 2573 redactis,
1323 2541 1433 2564 omnes
1447 2531 1655 2565 consentiunt

234 2587 299 2609 uno
314 2575 411 2610 Aetio
427 2575 511 2608 duce
525 2585 595 2608 rem
610 2574 772 2619 publicam
786 2579 874 2608 stare
894 2585 1000 2619 posse.
1030 2593 1075 2600 -—
1103 2587 1136 2608 v.
1156 2578 1220 2610 100
1246 2576 1363 2609 docens
1384 2575 1418 2608 in
1443 2575 1514 2608 cod.
1529 2576 1579 2609 sic
1593 2588 1654 2610 ex-

234 2624 320 2655 statz
349 2620 406 2654 ubi
429 2620 461 2655 h.
485 2631 518 2653 v.
543 2630 563 2653 a
584 2629 626 2664 pr
647 2630 678 2653 m
701 2620 856 2652 insania:
886 2631 918 2653 v.
945 2622 1028 2660 101,
1059 2621 1171 2654 eur-uis
1198 2620 1380 2664 legebatur.
1426 2631 1459 2654 v,
1475 2621 1540 2654 103
1566 2622 1654 2655 ensis

234 2667 332 2701 Latii
348 2666 473 2700 cruoris
491 2665 667 2710 inducitis,
695 2663 926 2708 intelligendus
941 2668 994 2697 est
1008 2665 1063 2708 qui
1079 2676 1118 2698 eo
1131 2676 1294 2709 nunquam
1309 2666 1453 2699 imbutus
1466 2665 1576 2700 fuerit.
1607 2685 1652 2692 --

234 2722 267 2747 v.
284 2710 349 2748 104
362 2722 404 2757 pr
416 2720 449 2746 m
463 2711 634 2747 cedebant.
662 2729 708 2738 --
738 2721 771 2745 v.
789 2711 854 2746 108
867 2721 908 2756 pt
924 2721 956 2744 m
970 2711 1158 2756 repperiet-e
1187 2710 1302 2756 (quod
1318 2710 1508 2746 emend-tor
1520 2709 1555 2745 in
1570 2711 1651 2746 red-
