1702 3060
610 135 933 181 PRAEFATIO.
1369 148 1512 179 xxxin

43 258 133 293 mm
154 244 356 286 duoalium
373 261 498 301 prope
515 246 805 286 Alexandriam
826 248 900 287 sub
918 248 1095 287 militum
1116 245 1276 286 ductore
1304 248 1449 286 Iacobo
1477 261 1500 286 a

42 318 185 358 verme
213 329 294 354 una
318 330 408 356 cum
429 314 622 355 Thadaeo
643 317 793 368 pariter
810 328 833 353 a
853 317 998 355 Verme
1021 323 1156 355 contra
1174 314 1395 355 Iohannem
1415 319 1503 358 Au-

42 383 127 438 gud
145 392 184 423 et
200 386 385 423 comitem
399 386 762 424 Armeniacensem.
814 384 916 422 alter
931 398 1026 424 vero
1047 385 1150 422 liber
1167 386 1292 423 vitam
1313 383 1501 425 describit

42 453 214 492 Galeatii
229 465 355 506 usque
372 451 423 491 ad
442 453 595 491 obitum
614 453 698 490 eius
715 452 853 504 patris.
910 459 1001 503 post
1020 452 1157 503 plures
1179 451 1361 504 rythmos
1380 455 1503 494 alias-

41 534 120 575 que
138 519 381 571 huiusmodi,
410 522 461 559 sit
475 521 596 559 verbo
613 521 744 568 venia,
771 520 1007 572 quisquilias
1026 518 1170 557 adsunt
1188 521 1262 557 tria
1276 521 1502 573 fragmenta

39 589 150 628 illius
178 591 395 642 poematis,
426 588 534 642 quod
559 603 582 628 a
606 595 740 627 nostro
762 586 811 625 de
833 589 956 626 Bonis
975 594 1139 626 vocatur
1158 587 1375 627 Romulea.
1437 592 1502 629 vi-

41 655 184 696 dentur
207 671 254 695 ea
284 664 482 709 spectasse
511 656 564 695 ad
593 658 741 694 librum
771 655 796 698 5
830 658 856 698 6
886 663 925 693 et
955 658 1026 704 12,
1059 662 1104 693 ut
1130 656 1255 694 innuo
1284 670 1337 695 ex
1367 657 1501 697 indice

38 726 216 778 praefixo
238 724 383 775 codici,
423 724 476 763 ad
497 738 618 778 quem
639 722 927 763 recensendum
947 723 1057 760 illico
1078 730 1251 762 transeo.

149 795 316 842 Quartus
345 791 510 830 tandem
535 791 665 830 codex
695 794 765 845 qui
795 805 915 844 opera
944 793 975 828 Ι.
1008 792 1056 828 L.
1089 789 1137 827 de
1161 793 1284 830 Bonis
1309 794 1499 844 continet,

37 867 157 915 atque
185 875 210 899 a
233 875 300 899 me
326 862 504 913 signatus
532 861 610 898 fuit
638 862 675 898 A
699 858 803 909 274,
847 866 907 898 est
943 860 1042 896 item
1073 857 1302 898 chartaceus
1332 862 1375 898 in
1401 863 1501 902 folio

35 928 289 982 praegrandi.
346 930 390 966 in
410 927 488 966 hoc
506 929 724 979 praemissa
749 928 825 960 fult
859 920 1018 959 Tabula
1042 921 1234 961 librorum
1250 931 1502 968 metricorum

37 997 231 1036 Iohannis
250 997 304 1035 L.
328 997 376 1034 de
390 993 519 1030 Bonis
537 991 585 1029 cle
602 989 763 1037 Aretio,
792 997 880 1028 tum
907 1003 1045 1028 eorum
1070 993 1140 1043 qui
1164 990 1254 1042 hic,
1285 1002 1372 1034 tum
1396 999 1499 1037 alio-

37 1078 127 1103 rum
151 1066 219 1116 qui
238 1065 282 1098 In
300 1059 567 1112 superioribus
590 1057 791 1097 codicibus
814 1057 1002 1111 descripti
1028 1059 1212 1110 fuerunt,
1242 1069 1329 1101 tum
1362 1080 1500 1105 eorum

35 1134 328 1186 qui'nusquam
359 1129 632 1180 reperiuntur3
665 1126 810 1165 deinde
834 1140 917 1166 mss
944 1125 1113 1166 redeunt
1139 1131 1314 1182 Eclogae
1351 1135 1401 1176 10
1428 1148 1497 1173 00-

34 1197 135 1238 dicis
160 1211 259 1237 mox
285 1196 495 1248 descripti,
534 1203 573 1234 et
600 1197 792 1249 epistolae
818 1198 914 1235 illae
943 1210 1102 1250 quoque
1124 1198 1172 1236 de
1195 1199 1498 1241 tollendo'schi-

0 1255 1 1283 ³
33 1274 175 1314 snmte,
204 1267 309 1316 sive,
337 1273 382 1304 ut
405 1265 534 1303 bonus
555 1272 690 1302 noster
712 1264 760 1303 de
778 1267 902 1304 Bonis
926 1266 1081 1316 scribit,
1111 1268 1287 1315 sismate,
1324 1270 1431 1322 quod
1455 1273 1499 1309 in

32 1341 132 1390 quos
164 1334 347 1374 inciderit
377 1346 500 1371 annos
526 1334 676 1370 saeculi
703 1333 777 1382 14,
810 1332 960 1371 dictum
986 1341 1045 1371 est
1068 1348 1200 1386 supra.
1258 1349 1299 1389 p.
1325 1341 1404 1381 103
1429 1353 1498 1378 oc-

33 1405 153 1442 currit
179 1408 323 1456 poema
351 1403 395 1440 in
423 1409 643 1439 memorata
682 1401 840 1438 Tabula
865 1409 1143 1453 praenotatum
1173 1403 1273 1441 liber
1298 1406 1435 1444 Aretii
1453 1410 1498 1446 in

32 1473 135 1510 rima
165 1473 237 1524 qni
254 1472 434 1522 partitus
456 1477 513 1507 est
533 1471 575 1506 in
598 1468 719 1506 libros
746 1470 828 1506 Ου’
856 1469 1047 1522 (fortasse
1071 1471 1283 1525 quattuor)
1314 1482 1350 1510 et
1370 1476 1498 1527 infir-

31 1554 130 1578 num
157 1547 193 1577 et
212 1539 467 1590 paradisum.
531 1543 681 1575 constat
709 1543 843 1573 autem
870 1536 914 1574 id
941 1542 1085 1588 po'ema
1108 1538 1162 1580 55
1198 1543 1395 1592 capitulis.
1453 1546 1496 1581 in

31 1609 161 1646 fronte
182 1613 241 1644 est
258 1606 367 1644 rudis
386 1605 600 1644 delineatio
612 1635 621 1653 ‚
655 1617 756 1656 quae
776 1613 1046 1655 repraesentat
1062 1619 1279 1657 carcerem,
1312 1623 1364 1647 ex
1384 1612 1496 1649 cuius

32 1682 138 1714 crate
158 1674 285 1711 ferrea
306 1676 449 1713 visitur
467 1675 620 1711 inclusa
639 1660 814 1709 humana
833 1672 972 1723 figura.
1033 1675 1155 1712 altera
1178 1674 1410 1715 huiusmodi
1429 1680 1496 1730 pi-

32 1751 140 1782 ctura
160 1749 311 1794 prostat
333 1756 374 1794 p.
395 1742 495 1791 115,
526 1742 595 1779 ubi
626 1747 738 1778 extra
766 1748 902 1792 portas
925 1742 1034 1780 urbis
1053 1744 1195 1795 ingens
1211 1745 1327 1783 turba
1345 1748 1495 1784 mulie-

31 1825 120 1850 rum
151 1818 190 1848 et
214 1823 428 1862 puerorum
452 1816 745 1862 repraesentata
763 1810 862 1847 fuit:
893 1811 937 1847 in
957 1824 1003 1849 eo
1029 1813 1135 1850 enim
1156 1815 1351 1865 capitulo,
1384 1815 1494 1869 quod

32 1887 92 1918 est
109 1882 155 1928 7,
183 1885 364 1916 narratur
395 1878 592 1916 confusim
624 1878 814 1929 expulsos
836 1878 960 1917 fuisse
983 1882 1120 1919 Aretio
1140 1895 1286 1933 pueros
1306 1897 1351 1921 ac
1370 1884 1494 1922 femi-—

29 1960 121 1996 nas,
167 1958 256 1983 cum
290 1945 442 1984 ibidem
481 1945 750 1984 dominaretur
785 1947 949 1985 Carolus
979 1956 1142 1987 vocatus
1171 1963 1195 1987 a
1224 1951 1491 2004 Dyrrhachio.

30 2015 190 2055 titulum
215 2027 310 2066 prae
341 2028 384 2052 se
415 2015 494 2052 fert
524 2013 777 2064 huiusmodi,
811 2014 885 2053 sed
917 2017 1031 2054 initio
1062 2026 1311 2070 corruptum:
1343 2021 1494 2071 Incipit

33 2112 148 2122 .....
171 2083 328 2135 Inferni
345 2082 482 2120 Aretii
498 2083 692 2120 Iohannis
721 2111 730 2120 .
762 2083 791 2120 l.
823 2084 871 2120 de
902 2083 1013 2122 bonis
1040 2086 1088 2123 de
1109 2086 1251 2124 Aretio
1279 2116 1288 2125 .
1320 2102 1492 2140 conque-

28 2157 135 2188 rente
154 2149 202 2187 de
216 2149 374 2187 Kar-alo
394 2149 442 2187 de
459 2150 627 2188 Darazo
650 2180 659 2189 .
683 2158 719 2188 et
739 2153 1007 2191 inconstantia
1025 2161 1062 2191 et
1076 2154 1230 2191 vilitate
1248 2155 1353 2193 orbis
1374 2184 1382 2193 .
1397 2157 1492 2206 pri—

29 2227 118 2256 mae
135 2225 288 2256 cantus·
350 2225 442 2256 sunt
458 2232 594 2257 versus
617 2222 799 2269 ternarii,
829 2222 952 2272 vulgo
977 2229 1082 2260 terza
1100 2224 1218 2261 rima.
1281 2225 1338 2262 sic
1355 2231 1490 2262 autem

27 2287 167 2340 incipit
187 2285 297 2325 idem
315 2287 425 2338 prior
443 2294 586 2325 cantu-5
607 2290 673 2326 vel
691 2290 932 2340 capitulum:

242 2353 458 2406 Asannato
482 2355 530 2393 de
544 2358 624 2407 pin
645 2358 883 2395 maline-onie

195 2436 300 2460 come
321 2423 448 2460 coloro
471 2423 541 2460 che
559 2439 653 2462 sono
672 2425 753 2462 alle
762 2427 965 2476 prescioni

193 2493 239 2529 ai
253 2492 368 2544 quali
383 2493 503 2530 recise
519 2507 591 2530 son
610 2500 714 2530 tucte
732 2493 769 2530 le
786 2495 861 2532 vie.

27 2557 124 2597 hinc
144 2559 262 2597 facile
291 2567 350 2598 est
378 2561 571 2599 coniicere
604 2575 672 2600 cur
708 2575 841 2600 carcer
862 2563 992 2615 pictus
1016 2563 1197 2602 fueritin
1212 2562 1344 2605 fronte
1366 2565 1487 2604 huius

27 2628 235 2679 poematis.
284 2622 334 2666 in
357 2631 538 2681 margine
563 2629 614 2668 ad
640 2633 860 2669 ternarium
887 2635 935 2673 11
960 2624 1081 2671 huius
1102 2635 1226 2684 primi
1246 2636 1409 2686 capituli
1426 2635 1488 2671 le—

29 2696 158 2746 gitur:
208 2702 301 2733 nota
338 2697 446 2748 qnod
477 2697 542 2735 hic
584 2701 918 2751 comparationem
939 2703 1152 2752 propriam
1187 2711 1224 2740 et
1250 2703 1491 2754 profeticam

30 2769 191 2800 mortem
210 2763 362 2800 Kandt
379 2764 427 2803 de
444 2765 592 2804 darazo
612 2767 782 2820 quisuit
803 2781 928 2807 causa
957 2771 1062 2806 tanti
1092 2771 1205 2809 mali.
1269 2785 1322 2808 ex
1350 2769 1491 2809 eadem

92 2835 226 2872 Μαι-οῦ.
255 2839 290 2872 et
317 2834 398 2870 Cor.
1190 2841 1217 2880 3
