1702 3060
199 115 295 162 372
615 116 800 159 NOTAE
831 115 890 158 IN
923 114 1137 158 LIBRUM
1168 114 1210 158 Π

199 237 347 273 versus,
373 230 524 276 praeter
543 222 814 273 inscriptiones
835 221 883 259 ab
902 220 1104 273 Onuphrio
1119 221 1311 260 Panvinio
1326 223 1481 261 citatas:
1509 229 1630 274 atque
1644 232 1670 275 »ᾖ

199 282 300 317 inter
322 281 454 317 niveas
473 278 553 314 alte
568 278 742 315 veherere
758 277 946 323 cohortes,
973 277 1222 329 subnixisque
1235 278 1356 315 simul
1363 277 1491 328 pubes
1507 278 1629 316 electa
1650 291 1669 318 ’κ
1700 310 1702 314 ,

201 335 356 372 lacertis
389 334 578 370 sidereum
607 340 779 384 gestaret
810 347 920 371 onus.
990 334 1094 370 infra
1123 331 1149 372 4
1177 335 1289 374 230:-
1321 333 1432 371 electi
1454 335 1634 371 iuvenes.-
1664 381 1667 387 .

201 388 517 427 animadversum
545 390 653 437 aliis,
684 387 754 427 sed
771 401 850 426 non
867 387 956 426 ideo
981 387 1080 425 mihi
1099 387 1378 437 omittendum,
1407 389 1476 440 qui
1491 389 1632 440 Cor-ip·
1663 397 1666 403 '

200 457 298 495 pum
325 445 367 481 in
391 457 532 481 manus
563 445 734 482 tironum
758 443 850 481 dare
873 445 1069 482 constitui.
1125 443 1199 481 Iul.
1222 444 1388 495 Capitol.
1413 442 1631 482 Gordiano:
1647 453 1665 469 ·’

194 512 361 550 propere
382 506 542 537 ventum
565 499 622 536 ad
646 500 833 550 oppidum
861 499 1070 550 Tysdrum,
1099 500 1354 551 inventusque
1379 512 1494 537 senex
1515 511 1654 536 νεαρ-ν

200 554 338 591 rabilis
346 562 441 605 post
453 555 756 592 iurisdictionem
773 557 903 592 iacens
920 556 962 592 in
983 554 1141 601 lectulo;
1171 556 1240 605 qui
1257 554 1519 606 circumfusus
1526 567 1634 604 pur-s
1647 572 1658 585 ·

194 623 303 659 pura
333 610 447 647 humi
469 624 510 647 se
534 610 691 656 abiecit,
729 624 778 647 ac
801 618 1010 647 retrectans
1035 610 1210 647 elevatus
1235 616 1273 646 et
1298 611 1568 660 imperatorem
1592 623 1634 646 se

201 665 403 715 appellare
415 680 561 716 passus
578 672 644 702 est.
704 665 812 703 idem
828 667 1002 703 Maximo
1020 672 1058 703 et
1075 666 1262 703 Balbino:
1291 667 1393 702 inter
1407 665 1505 702 haec
1529 665 1635 702 Gor-
1652 693 1654 695 >
1700 656 1702 658 ,

200 721 345 757 dianus
391 722 535 758 Caesar
569 720 748 759 sublatus
783 735 810 757 a
849 721 1039 758 militibus
1072 722 1283 770 imperator
1309 728 1365 759 est
1391 720 1629 770 appellatus.

201 774 404 813 Claudian.
428 775 476 813 de
496 774 521 815 4
538 778 684 813 Honor.
705 777 927 813 consulatu:
957 783 1001 812 at
1018 789 1107 813 mox
1124 789 1214 812 cum
1231 775 1348 813 solita
1361 776 1474 812 miles
1490 782 1526 812 te
1542 788 1635 812 voce
1656 787 1658 789 ’

201 830 378 868 levasset.
421 833 568 881 corrige
584 844 648 867 me
667 830 765 868 duce
782 831 893 868 solito
908 831 1020 868 miles
1040 837 1076 867 te
1091 844 1209 867 more.-
1238 843 1333 868 nam
1350 831 1504 868 elevare
1521 831 1633 881 prin-
1698 863 1702 866 .

202 887 332 936 cipem
354 900 450 924 voce
472 893 531 923 est
550 887 679 923 fausto
702 888 870 923 clamore
894 893 1047 923 tanttun
1066 886 1272 936 prosequi,
1301 885 1407 937 quod
1427 887 1547 923 ritmn
1567 898 1634 923 so-
1692 931 1698 934 -

200 942 374 978 lemnem
400 955 482 979 non
507 943 662 991 penitus
688 943 875 991 explicat.
932 942 1206 990 europalates:
1246 938 1336 988 νέος
1363 938 1546 992 βασιλεῦς
1569 938 1636 980 ἐπὶ

202 997 434 1049 σκουταρίου
453 996 669 1042 καθεσθεὶς
687 996 883 1047 ἐπαίρεται
904 996 960 1041 εἰς
977 992 1096 1044 ὕψος.
1124 997 1310 1033 Dzmrs'r.
1367 995 1458 1031 lecti
1470 995 1636 1046 proceri,

203 1050 347 1089 decori.
402 1053 611 1102 Virgilius:
641 1052 708 1088 vix
735 1051 840 1088 illud
864 1051 953 1087 lecti
975 1049 1033 1087 bis
1052 1064 1117 1087 sex
1137 1052 1283 1088 cervice
1304 1049 1492 1089 subirent.
1549 1051 1636 1088 Au-

202 1108 335 1144 sonius
354 1106 533 1144 Perioch„
555 1105 696 1156 Odyss„
720 1106 797 1147 24:
826 1107 960 1142 mirati
984 1106 1169 1143 lectorum
1195 1108 1380 1143 iuvenum
1404 1119 1494 1142 cum
1515 1117 1636 1156 grege

201 1162 429 1199 densitatem
458 1175 535 1198 uno
562 1162 721 1212 agmine
750 1168 1053 1206 commeantem,
1091 1175 1232 1198 causas
1266 1162 1495 1198 interitionis
1526 1161 1636 1198 acci-

194 1219 328 1266 piant.
390 1223 427 1253 et
450 1217 553 1253 bene
579 1217 669 1253 lecti
694 1219 861 1254 correxit
887 1218 1118 1267 Assagrius:
1147 1229 1242 1253 nam
1268 1223 1393 1254 aetate
1419 1214 1655 1268 habituque*

201 1285 314 1322 pares
335 1271 387 1308 ad
404 1272 498 1308 talia
516 1272 759 1322 legebantur.
817 1271 909 1308 hinc
933 1273 1122 1322 Corippus
1143 1270 1169 1312 4
1196 1274 1290 1312 229.
1347 1273 1510 1310 Burni.

313 1329 406 1366 139.
463 1329 650 1377 intelligit
671 1330 754 1364 Iota
776 1328 970 1374 litteram,
1001 1339 1101 1378 quae
1126 1327 1250 1376 figura
1267 1328 1371 1364 inter
1385 1336 1523 1364 omnes
1539 1326 1638 1363 alias

201 1383 417 1420 rectissima
448 1389 520 1420 est.
575 1384 738 1420 Plautus
765 1384 927 1433 longam
956 1383 1128 1419 litteram
1153 1388 1279 1419 vocat.
1337 1382 1510 1432 appellat
1543 1394 1637 1418 vero

200 1452 332 1483 suam,
358 1437 465 1490 quod
493 1439 632 1475 Iustini
658 1451 803 1475 nomeu
834 1439 880 1475 ab
910 1451 955 1474 ea
980 1438 1127 1475 scilicet
1149 1437 1334 1487 incipiat3
1364 1443 1638 1486 sacratamque
1688 1451 1702 1455 r

201 1493 324 1530 trihus
349 1493 572 1530 nominibus
599 1501 757 1544 propter
780 1495 974 1531 Iustinum
1002 1495 1196 1542 primum,
1226 1494 1486 1530 lastinianum
1511 1498 1550 1528 et
1568 1494 1638 1529 Iu·-

202 1549 348 1586 sunum
376 1550 582 1586 caesarem
606 1549 822 1586 secundum
848 1555 914 1585 aut
941 1549 1157 1594 minorem,
1189 1550 1251 1584 cui
1271 1549 1326 1584 ita
1346 1548 1538 1597 Corippus
1555 1553 1638 1584 toto

200 1602 276 1641 hoc
301 1617 418 1654 opere
450 1618 519 1655 pro
547 1605 693 1641 viribus
723 1604 925 1651 adulatur,
957 1605 1100 1654 quique
1122 1603 1196 1640 sibi
1216 1604 1386 1640 invicem
1407 1603 1506 1639 alter
1524 1602 1639 1639 alteri

200 1660 243 1697 in
263 1661 428 1710 imperio
448 1662 625 1696 Romano
649 1673 879 1698 successere.
936 1660 1058 1696 Rmz.

315 1715 406 1756 140.
463 1715 613 1766 littera]
645 1716 691 1751 ab
712 1716 916 1751 elementis
935 1715 1070 1764 primis
1092 1714 1299 1750 nominum
1317 1724 1484 1762 augures
1505 1718 1639 1762 capta-

200 1770 295 1806 bant
321 1770 575 1820 imperiorum
601 1773 755 1808 omina:
785 1783 879 1806 nam
904 1770 1105 1806 oraculum
1135 1781 1227 1805 eum
1252 1769 1407 1806 Valenti
1436 1780 1640 1805 successu-

202 1837 289 1861 rum
306 1824 523 1874 praedixit,
554 1827 662 1862 cuius
679 1839 825 1862 nomen
846 1839 867 1861 a
888 1829 919 1863 θ
947 1839 964 1863 ε
995 1840 1015 1863 ο
1041 1831 1079 1860 et
1096 1825 1118 1863 δ
1136 1825 1348 1874 inciperet3
1376 1821 1482 1859 unde
1502 1821 1653 1863 Theo-,-

204 1879 321 1916 dorus
354 1881 476 1917 elatus
505 1893 670 1930 regnum
697 1880 910 1926 affectavit,
940 1878 1010 1916 sed
1030 1879 1211 1915 scelestae
1231 1878 1427 1928 cupidinis
1442 1877 1651 1927 supplicia-

196 1935 402 1984 persolvit,
430 1942 474 1972 ut
494 1936 668 1986 loquitur
684 1938 730 1972 P.
747 1937 878 1973 Victor
895 1936 936 1971 in
956 1933 1194 1973 Theodosio.
1238 1940 1276 1970 et
1294 1940 1406 1971 vetus
1423 1932 1524 1970 illud
1543 1933 1640 1970 Gar-

202 1989 363 2040 thagine
381 1990 541 2038 dictum,
568 1992 740 2028 Gamma
752 1989 1059 2040 persequebatur
1067 1990 1189 2034 Beta‚
1207 2002 1314 2025 nunc
1329 1989 1435 2026 Bata
1449 1988 1640 2033 Gamma,
1700 2008 1702 2036 g

203 2045 244 2081 id
263 2053 333 2093 est,
361 2048 591 2084 Gensericus
608 2047 868 2093 Bonifacium,
891 2058 994 2082 nunc
1013 2046 1225 2082 Belisarius
1246 2045 1497 2081 Gelimerem.
1533 2045 1641 2080 Pau-
1691 2047 1702 2088 *j

204 2102 264 2137 lus
287 2103 451 2139 Diacon.
471 2103 536 2141 16.
594 2103 723 2138 littera
754 2115 844 2151 ergo
865 2100 929 2137 hic
948 2098 1162 2150 significata
1180 2106 1238 2136 est
1254 2102 1295 2136 1:
1324 2112 1419 2136 nam
1442 2105 1520 2136 tres
1546 2112 1639 2136 con-

203 2158 314 2193 tinua
343 2158 442 2194 serie
471 2159 725 2208 imperatores
753 2164 842 2195 stult
870 2158 1039 2194 Iustinus
1066 2157 1303 2193 lastinianus
1324 2162 1363 2192 et
1378 2155 1550 2192 Iustinus
1576 2153 1640 2190 hio
1698 2159 1702 2202 j

203 2218 347 2249 noster.
406 2212 568 2263 pulchre
594 2216 613 2253 1
647 2214 741 2253 352.
795 2214 980 2249 Dmu‘s’r.

318 2265 410 2307 143.
467 2270 570 2319 iuge]
603 2270 741 2306 similis
757 2281 943 2304 numerus
959 2269 1001 2303 in
1016 2267 1144 2303 invoc.
1163 2264 1337 2303 sedulii:
1364 2276 1512 2314 semper
1522 2263 1642 2312 prin-

202 2323 368 2371 cipium,
396 2331 591 2373 sceptrum
611 2326 719 2375 iuge,
744 2324 876 2374 gloria
898 2335 1063 2359 consors.
1093 2323 1279 2359 DEMPs'r.
1334 2331 1538 2370 perperam
1555 2319 1639 2369 syl-

203 2378 334 2414 labam
358 2380 535 2429 corripit3
566 2380 635 2416 sed
657 2380 839 2430 exempla
859 2380 901 2415 in
921 2379 1027 2415 omni
1048 2389 1192 2427 genere
1215 2375 1522 2414 Christianormn
1541 2377 1642 2425 poe-

205 2439 346 2469 tarmn.
403 2435 566 2471 BAnTn.

309 2488 367 2524 ib.
420 2496 596 2538 potestas
612 2491 747 2527 Italico
767 2489 964 2527 idiotismo
982 2487 1100 2526 hodie
1118 2486 1391 2536 magistratum
1412 2485 1495 2524 sive
1509 2485 1640 2535 magi-

208 2550 330 2581 strum
352 2552 477 2589 sonat.
534 2544 577 2581 id
599 2546 702 2581 bono
728 2558 780 2581 ex
800 2558 874 2582 usu
896 2545 1098 2581 latinitatis
1115 2549 1173 2579 est
1190 2548 1404 2592 sumptum.
1460 2542 1516 2578 sic
1534 2542 1639 2578 enim

202 2601 407 2650 Petronius
435 2599 486 2636 ad
512 2602 745 2637 Fortunam:
775 2614 905 2636 rerum
924 2600 1188 2636 humanarum
1210 2597 1511 2646 divinarumque
1526 2603 1638 2646 pote-

202 2662 284 2691 stas
311 2669 410 2700 sors,
440 2657 506 2692 cui
524 2655 639 2692 nulla
651 2656 788 2706 placet
805 2656 971 2692 nimium
986 2666 1121 2690 secura
1134 2659 1320 2702 potestas.
1378 2665 1453 2689 neo
1479 2658 1639 2688 mutan-

205 2710 299 2747 dum
324 2713 366 2748 in
398 2713 446 2749 iis
473 2711 650 2750 versibus
682 2713 904 2763 quicquam.
977 2711 1031 2747 sic
1060 2709 1279 2746 Priscianus
1304 2706 1481 2748 medicus
1506 2709 1534 2747 2
1562 2707 1638 2747 29:
