1702 3060
418 92 494 135 DE
526 91 798 136 LAtJthJs
833 84 1056 136 IUSTINI.
1363 55 1458 135 333

52 204 258 247 ituantem
279 209 319 240 et
336 203 606 241 Diocletianus
626 204 744 242 etiam
766 202 894 242 edicto
921 206 1138 241 sanxerunt
1153 205 1198 238 ut
1214 211 1354 238 *omnes
1374 200 1459 239 sine

51 259 238 306 -nffimine
267 261 424 311 generis
453 262 639 312 prostrati
666 259 788 311 pedes
818 261 893 298 sibi
922 258 1255 297 exoscularentur.
1312 263 1460 310 quanto

53 317 224 354 manius
241 317 438 354 Traianus
451 346 462 365 ,
504 317 572 368 qui
599 315 829 354 huiusmodi
858 316 935 354 sibi
956 314 1126 353 honores
1155 313 1300 351 deferri
1321 326 1461 365 passus

51 384 93 411 ιιι
111 379 194 410 est:
233 385 313 410 non
341 380 385 410 tn
410 374 556 410 civium
581 373 788 423 amplexus
818 372 877 410 ad
895 372 1016 423 pedes
1045 379 1131 408 tuos·
1147 371 1351 421 deprimis,
1391 383 1464 407 nee

50 427 191 466 ‘aalma
210 442 335 466 manu
352 429 501 474 reddis,
530 431 659 481 inquit
679 429 728 466 de
747 442 792 466 eo
811 429 963 465 Plinius
982 430 1177 479 Panegyr.
1197 426 1264 468 24.
1315 432 1462 479 quanto

49 498 111 522 em
134 483 347 523 humanius
365 487 504 523 Petrus
532 487 754 536 apostolus,
794 486 856 522 cui
877 497 967 521 cum
993 497 1034 521 se
1058 484 1263 521 Cornelius
1288 484 1463 520 centurio

43 542 184 592 ipplex
201 554 247 579 ac
265 540 566 580 venerabundus
589 542 641 580 ad
658 541 780 594 pedes
798 541 1003 579 abiecisset
1015 569 1026 588 ,
1057 553 1191 591 surge,
1219 541 1360 592 inquit,
1392 553 1462 591 ego

45 610 167 648 ‘toque
182 597 296 635 homo
311 612 413 635 sum.
472 600 560 636 Act.
585 601 634 638 10
655 601 724 639 26.
754 599 877 635 Rrrr.
935 596 979 634 id
1002 597 1181 648 obsequii
1199 608 1324 646 genus
1341 598 1462 634 Iusti-

45 656 178 692 ionum
201 667 246 691 ac
271 653 526 692 Theodoram
561 656 645 692 eius
681 668 851 692 uxorem
884 656 1044 704 exigere
1077 653 1324 690 consuevisse
1350 659 1461 689 notat

49 711 226 762 rocopius
243 712 346 748 Hist.
365 712 509 747 Arcan.
530 723 562 746 c.
583 712 651 750 29.
683 712 814 748 Foco.
872 710 1018 748 divinis
1034 709 1148 758 dixit,
1171 710 1262 761 quia
1285 709 1463 761 alioquin

45 779 180 804 eorum
199 767 336 805 statuis
353 767 387 803 is
406 764 534 803 honos
556 763 788 804 habebatur.
844 766 1107 804 Prudentius:
1136 766 1373 817 Augu-stum
1393 779 1464 802 ea-

36 829 89 860 -ut
114 830 206 860 ante
224 822 348 873 pedes
375 836 541 859 curvare
562 823 772 861 Illinervae
790 823 954 871 fictilis,
998 830 1035 860 et
1049 822 1176 860 soleae
1192 823 1340 859 Iunoni
1358 822 1465 858 lam-

41 891 118 925 ere,
139 879 295 929 planti-s
314 878 504 916 Herczdis
525 879 699 916 advolvi.
759 879 890 917 idem:
912 893 1134 931 cernuaque
1152 893 1222 915 ora
1241 892 1354 916 senex
1373 878 1467 915 bar—

39 941 130 972 atus
149 942 187 972 et
203 934 339 972 oscula
346 935 448 987 figit
466 935 647 973 cruribus
665 936 920 988 aenipedum,
953 938 989 973 si
998 936 1078 988 sas
1101 943 1157 973 est
1173 935 1317 982 dicere,
1347 948 1468 987 equo·-

37 1005 116 1029 um.
175 994 340 1030 Bau-rn-

126 1048 220 1090 159.
278 1047 384 1101 apud
401 1049 569 1087 Graecos
591 1049 762 1099 ἱστορεῖν
782 1057 841 1085 est
859 1063 1041 1096 narrare,
1063 1055 1102 1087 et
1120 1047 1327 1087 historiam
1345 1060 1467 1086 voca-

36 1105 72 1142 it
89 1102 339 1157 Theophilus
368 1103 484 1154 πεζὸν
510 1101 632 1158 λόγον
656 1104 874 1156 pedestrem
903 1108 1130 1140 orationem.
1190 1104 1257 1138 adi
1280 1106 1415 1140 Horat.
1439 1107 1467 1144 2

27 1163 81 1210 2,
109 1162 358 1199 Marcilium·
347 1175 390 1198 ιιι
409 1169 619 1199 comment.
642 1161 693 1198 ad
711 1162 782 1198 lib.
803 1161 830 1201 4
847 1161 1018 1198 Institut.
1036 1159 1237 1209 Imperial.
1258 1160 1319 1196 tit.
1336 1158 1362 1199 4
1383 1157 1405 1211 §
1425 1160 1466 1199 1.

31 1217 215 1254 tarrantis
240 1218 383 1267 igitur,
420 1216 464 1254 id
494 1224 554 1255 est
579 1219 793 1270 loquentis.
852 1215 968 1256 Ovid.
993 1214 1148 1253 heroid.
1177 1218 1223 1255 l:
1263 1217 1467 1252 narrantis

20 1273 158 1310 'ronam‘
170 1273 319 1324 pendet
335 1271 388 1310 ab
406 1286 471 1310 ore
488 1275 578 1311 viri.
638 1275 826 1311 Drmrsr.

128 1329 223 1369 160.
280 1330 400 1380 sorte]
432 1330 488 1366 sic
514 1329 618 1367 infra
647 1342 686 1367 v.
721 1333 830 1371 273:
872 1328 1095 1366 humanam
1119 1334 1276 1373 sortem,
1306 1326 1384 1365 hoc
1409 1334 1468 1366 est

23 1385 180 1422 ·'atalem
205 1387 506 1433 necessitatem3
547 1392 587 1422 et
615 1398 653 1422 v.
684 1388 790 1426 307:
830 1387 927 1423 sorti
957 1386 1116 1423 senioris
1147 1385 1340 1434 adempti;
1384 1391 1422 1421 et
1442 1383 1470 1424 4

28 1439 120 1482 545:
144 1449 244 1478 sorte
261 1455 349 1479 mea
366 1443 504 1486 tristis,
560 1443 669 1492 Virg.
687 1444 788 1479 Aen.
803 1445 830 1483 2
848 1442 953 1483 555:
983 1442 1082 1479 haec
1091 1442 1197 1490 finis
1217 1442 1378 1478 Priami
1390 1441 1471 1493 fiz-

27 1504 163 1543 vrum,
191 1497 258 1535 hic
277 1499 400 1536 exitus
417 1498 535 1535 illum
552 1505 652 1535 sorte
670 1498 774 1535 tulit.
834 1499 967 1536 Foco.

129 1556 222 1596 162.
278 1567 341 1592 ms
349 1555 566 1606 fletusque.
598 1555 700 1593 forte
714 1562 852 1605 pectus
871 1563 938 1592 aut
956 1554 1104 1592 vultus.
1137 1555 1260 1592 Rmz.
1314 1560 1468 1604 pectus.

16 1609 72 1647 sic
89 1611 269 1661 reposui,
301 1624 392 1648 cum
413 1612 537 1649 instar
551 1614 718 1649 monstri
737 1612 935 1662 legeretur
945 1612 1162 1663 fletusque.
1224 1609 1366 1664 quodsi
1390 1623 1472 1647 non

15 1666 145 1717 placet
156 1674 296 1717 pectus
318 1667 495 1705 lacrimis
514 1668 688 1714 madere,
716 1669 806 1719 lege
828 1667 976 1706 vultus.
1038 1666 1204 1705 Aeneid.
1234 1669 1284 1707 9:
1315 1666 1473 1704 vultum

13 1722 194 1760 lacrimis
221 1731 340 1775 atque
364 1738 435 1762 ora
463 1724 638 1776 rigabat.
679 1726 866 1763 Dnmrs'r.
946 1726 1203 1776 Dempsterus
1242 1730 1281 1760 et
1307 1724 1472 1761 Ruizius

15 1786 227 1832 >pectusque
242 1781 480 1818 maluerunt.
538 1794 629 1818 cum
648 1795 741 1819 vero
761 1780 924 1819 sedeat
913 1795 956 1818 ιιι
975 1788 1060 1818 toro
1081 1783 1275 1828 Iustinus,
1308 1792 1380 1831 ego
1405 1792 1472 1817 ar-

20 1836 139 1873 bitrer
169 1838 382 1875 consultius
413 1837 611 1889 lectusque
636 1839 715 1875 viri
741 1837 994 1876 scribendum
1007 1866 1017 1886 ,
1077 1839 1267 1890 quoniam
1307 1837 1471 1888 propius

0 1889 92 1941 ¹hoc
115 1894 236 1930 etiam
254 1901 313 1932 est
332 1893 385 1931 ad
404 1895 637 1945 scripturam
653 1901 844 1932 veterem.
902 1896 958 1932 sic
986 1895 1080 1932 fletu
1103 1895 1252 1932 lectum
1286 1906 1329 1930 se
1355 1906 1473 1931 suum

0 1946 262 1987 *madefacere
290 1951 345 1987 ait
363 1950 492 1988 David
512 1963 586 1987 rex
606 1951 765 1987 Psalmo
788 1953 836 1999 6,
876 1949 928 1988 ad
958 1964 1079 2003 quem
1107 1951 1331 2002 respexisse
1355 1948 1473 1987 Chri-

0 2005 166 2043 ·stianus
183 2013 293 2044 vates
310 2005 479 2043 videtur.
509 2008 672 2044 ΒΑιιΤιι.
730 2008 990 2058 Dempsterus
1018 2021 1059 2045 se
1079 2009 1301 2058 reposuisse
1325 2007 1380 2043 ait
1395 2019 1473 2056 pe-

0 2066 120 2107 -oms,
150 2074 241 2098 cum
260 2069 375 2100 antea
391 2063 516 2100 instar
534 2065 699 2101 monstri
707 2064 837 2113 fletus
854 2065 1066 2114 legeretur,
1097 2063 1206 2116 quod
1225 2064 1259 2100 si
1282 2075 1364 2099 non
1382 2063 1473 2113 pla-

20 2123 117 2166 ceat,
147 2118 264 2155 scribi
282 2131 396 2169 posse
415 2119 565 2157 vultus.
626 2119 697 2157 sed
716 2119 867 2157 dudum
887 2121 1050 2158 Ruizius
1068 2121 1110 2156 in
1128 2120 1308 2169 margine
1328 2117 1473 2156 editio-

4 2173 80 2212 Rlis
99 2186 194 2211 suae
213 2179 393 2212 notarat:
434 2176 535 2213 forte
551 2184 693 2226 pectus
719 2183 786 2213 aut
813 2177 962 2214 vultus.
1024 2177 1212 2213 ultimum
1231 2174 1275 2212 id
1297 2175 1474 2212 firmatur

1 2235 73 2268 ⁸5¹
95 2231 198 2268 Aen·
231 2234 251 2272 1
281 2229 376 2271 469.
412 2233 571 2270 Voncx.
644 2231 861 2283 legendum
893 2246 977 2270 esse
1004 2232 1218 2284 vultusque
1246 2232 1474 2283 comprobat

3 2285 205 2338 ‘Virgilius
226 2288 328 2324 Aen.
352 2290 373 2328 1
399 2285 501 2336 469,
533 2296 571 2326 et
590 2288 828 2326 Barthium
816 2303 859 2326 ιιι
881 2287 1044 2326 Barthio
1067 2302 1213 2341 quaero
1238 2289 1353 2326 aliter
1379 2301 1473 2326 sen-

0 2341 200 2435 ’ξωιῒειιμ
229 2341 385 2382 videtur
401 2346 508 2382 enim
525 2343 634 2383 haud
653 2344 975 2384 animadvertisse
991 2344 1044 2383 ad
1058 2347 1302 2397 superiorem
1319 2346 1475 2385 v.119.
1512 2376 1515 2379 -

0 2401 9 2428 ἔ
50 2408 146 2438 oca.

129 2457 225 2499 166.
282 2456 478 2496 demenda
501 2465 560 2497 est
580 2457 778 2498 distinctio
799 2458 1124 2511 interrogatoria:
1144 2460 1227 2497 iam
1244 2459 1352 2497 enim
1371 2464 1475 2495 tem-

18 2521 95 2563 pus
125 2511 262 2552 adesse
295 2516 350 2552 ait
378 2517 552 2553 Iustinus
577 2523 624 2554 ut
650 2519 840 2555 tristetur.
900 2525 1036 2570 estque
1073 2517 1214 2554 allusio
1248 2513 1301 2553 ad
1326 2526 1475 2552 nomen

0 2569 207 2620 >principis
227 2582 250 2606 a
272 2571 443 2620 iustitia,
485 2573 647 2625 qualem
673 2575 717 2610 in
744 2574 912 2624 singulis
938 2573 1166 2611 nominibus
1187 2579 1316 2624 captat
1335 2570 1475 2619 Corip-

19 2633 96 2675 pus
126 2625 308 2676 exemplo
335 2627 595 2692 interpretum
624 2632 725 2668 sacri
754 2631 1026 2678 instrumenti,
1069 2631 1135 2682 qui
1166 2628 1264 2666 adeo
1290 2626 1384 2664 huic
1416 2625 1475 2661 rei

21 2678 255 2718 studuerunt
275 2687 320 2719 ut
337 2683 504 2734 ineptias
525 2688 646 2723 etiam
665 2700 748 2724 non
766 2700 853 2724 raro
872 2686 1154 2724 admiscuerint
1171 2686 1386 2736 plusquam
1407 2681 1474 2716 in-

20 2741 145 2788 eptas,
165 2743 210 2776 ut
227 2736 360 2777 videre
379 2746 491 2791 potes
509 2741 576 2779 vel
593 2754 645 2778 ex
660 2744 757 2780 solis
777 2743 1061 2780 collectaneis
1050 2755 1092 2779 m
1113 2740 1300 2791 epistalas
1325 2736 1472 2784 Paulli,
