<?xml version="1.0" encoding="UTF-8"?>
<!DOCTYPE html PUBLIC "-//W3C//DTD XHTML 1.0 Transitional//EN"
    "http://www.w3.org/TR/xhtml1/DTD/xhtml1-transitional.dtd">
<html xmlns="http://www.w3.org/1999/xhtml" xml:lang="en" lang="en">
 <head>
  <title>
</title>
<meta http-equiv="Content-Type" content="text/html;charset=utf-8" />
  <meta name='ocr-system' content='tesseract 3.04.00' />
  <meta name='ocr-capabilities' content='ocr_page ocr_carea ocr_par ocr_line ocrx_word'/>
</head>
<body>
  <div class='ocr_page' id='page_1' title='image "./corpusscriptorum35niebuoft_0311.png"; bbox 0 0 1702 3060; ppageno 0'>
   <div class='ocr_carea' id='block_1_1' title="bbox 435 118 1530 165">
    <p class='ocr_par' dir='ltr' id='par_1_1' title="bbox 435 118 1530 165">
     <span class='ocr_line' id='line_1_1' title="bbox 435 118 1530 165; baseline -0.003 0"><span class='ocrx_word' id='word_1_1' title='bbox 435 121 494 165; x_wconf 80' lang='lat' dir='ltr'><strong>IN</strong></span> <span class='ocrx_word' id='word_1_2' title='bbox 526 120 879 165; x_wconf 83' lang='lat' dir='ltr'><strong>IOHANNIDOS</strong></span> <span class='ocrx_word' id='word_1_3' title='bbox 911 119 954 163; x_wconf 95' lang='grc' dir='ltr'>Π</span> <span class='ocrx_word' id='word_1_4' title='bbox 985 119 1188 163; x_wconf 83' lang='grc' dir='ltr'><strong>ΝΟΤΑΕ.</strong></span> <span class='ocrx_word' id='word_1_5' title='bbox 1434 118 1530 164; x_wconf 86' lang='grc'><strong>235</strong></span> 
     </span>
    </p>
   </div>
   <div class='ocr_carea' id='block_1_2' title="bbox 70 227 1531 554">
    <p class='ocr_par' dir='ltr' id='par_1_2' title="bbox 70 227 1531 554">
     <span class='ocr_line' id='line_1_2' title="bbox 72 227 1531 283; baseline -0.004 -11"><span class='ocrx_word' id='word_1_6' title='bbox 72 233 165 272; x_wconf 84' lang='lat' dir='ltr'><strong>veni</strong></span> <span class='ocrx_word' id='word_1_7' title='bbox 195 233 236 270; x_wconf 84' lang='lat' dir='ltr'><strong>in</strong></span> <span class='ocrx_word' id='word_1_8' title='bbox 268 237 403 271; x_wconf 79' lang='lat' dir='ltr'><strong>nostro</strong></span> <span class='ocrx_word' id='word_1_9' title='bbox 434 230 568 269; x_wconf 84' lang='lat' dir='ltr'><strong>codice</strong></span> <span class='ocrx_word' id='word_1_10' title='bbox 599 237 638 269; x_wconf 80' lang='lat' dir='ltr'><strong>et</strong></span> <span class='ocrx_word' id='word_1_11' title='bbox 670 229 765 269; x_wconf 82' lang='lat' dir='ltr'><strong>huic</strong></span> <span class='ocrx_word' id='word_1_12' title='bbox 787 230 961 283; x_wconf 65' lang='lat' dir='ltr'><strong>poemati</strong></span> <span class='ocrx_word' id='word_1_13' title='bbox 986 230 1158 279; x_wconf 85' lang='lat' dir='ltr'><strong>subieci,</strong></span> <span class='ocrx_word' id='word_1_14' title='bbox 1207 227 1354 281; x_wconf 77' lang='lat' dir='ltr'><strong>legitu&#39;r</strong></span> <span class='ocrx_word' id='word_1_15' title='bbox 1373 241 1531 281; x_wconf 81' lang='lat' dir='ltr'><em>semper</em></span> 
     </span>
     <span class='ocr_line' id='line_1_3' title="bbox 70 286 1530 339; baseline -0.001 -12"><span class='ocrx_word' id='word_1_16' title='bbox 70 291 326 328; x_wconf 73' lang='lat' dir='ltr'><strong>Recinarius.</strong></span> <span class='ocrx_word' id='word_1_17' title='bbox 388 287 496 326; x_wconf 84' lang='lat' dir='ltr'><strong>hunc</strong></span> <span class='ocrx_word' id='word_1_18' title='bbox 524 288 721 326; x_wconf 86' lang='lat' dir='ltr'><strong>scribendi</strong></span> <span class='ocrx_word' id='word_1_19' title='bbox 749 287 916 326; x_wconf 88' lang='lat' dir='ltr'><strong>modum</strong></span> <span class='ocrx_word' id='word_1_20' title='bbox 946 289 1111 336; x_wconf 81' lang='lat' dir='ltr'><strong>retinui,</strong></span> <span class='ocrx_word' id='word_1_21' title='bbox 1155 289 1249 339; x_wconf 84' lang='lat' dir='ltr'><strong>quia</strong></span> <span class='ocrx_word' id='word_1_22' title='bbox 1268 300 1320 324; x_wconf 82' lang='lat' dir='ltr'><strong>ex</strong></span> <span class='ocrx_word' id='word_1_23' title='bbox 1337 286 1408 324; x_wconf 90' lang='lat' dir='ltr'><strong>lib.</strong></span> <span class='ocrx_word' id='word_1_24' title='bbox 1427 288 1452 326; x_wconf 88' lang='lat'><strong>6</strong></span> <span class='ocrx_word' id='word_1_25' title='bbox 1475 289 1530 328; x_wconf 89' lang='grc'>28</span> 
     </span>
     <span class='ocr_line' id='line_1_4' title="bbox 71 341 1531 399; baseline -0.003 -14"><span class='ocrx_word' id='word_1_26' title='bbox 71 354 112 384; x_wconf 81' lang='lat' dir='ltr'><strong>et</strong></span> <span class='ocrx_word' id='word_1_27' title='bbox 133 359 246 399; x_wconf 83' lang='lat' dir='ltr'><strong>seqq.</strong></span> <span class='ocrx_word' id='word_1_28' title='bbox 277 353 430 384; x_wconf 80' lang='lat' dir='ltr'><strong>constat</strong></span> <span class='ocrx_word' id='word_1_29' title='bbox 463 358 548 383; x_wconf 87' lang='lat' dir='ltr'><strong>esse</strong></span> <span class='ocrx_word' id='word_1_30' title='bbox 578 344 750 382; x_wconf 85' lang='lat' dir='ltr'><strong>eundem</strong></span> <span class='ocrx_word' id='word_1_31' title='bbox 772 341 1043 396; x_wconf 78' lang='grc' dir='ltr'><strong><em>Ῥεκινᾶριον,</em></strong></span> <span class='ocrx_word' id='word_1_32' title='bbox 1087 357 1208 395; x_wconf 86' lang='lat' dir='ltr'><strong>quem</strong></span> <span class='ocrx_word' id='word_1_33' title='bbox 1238 345 1454 394; x_wconf 85' lang='lat' dir='ltr'><strong>Procopius</strong></span> <span class='ocrx_word' id='word_1_34' title='bbox 1481 343 1531 380; x_wconf 86' lang='lat' dir='ltr'><em>de</em></span> 
     </span>
     <span class='ocr_line' id='line_1_5' title="bbox 72 398 1530 444; baseline -0.003 -4"><span class='ocrx_word' id='word_1_35' title='bbox 72 402 173 440; x_wconf 84' lang='lat' dir='ltr'><em>bello</em></span> <span class='ocrx_word' id='word_1_36' title='bbox 193 404 305 440; x_wconf 70' lang='lat' dir='ltr'><strong>Pers.</strong></span> <span class='ocrx_word' id='word_1_37' title='bbox 325 405 352 444; x_wconf 91' lang='grc'>2</span> <span class='ocrx_word' id='word_1_38' title='bbox 371 405 425 444; x_wconf 89' lang='grc'>27</span> <span class='ocrx_word' id='word_1_39' title='bbox 443 404 498 439; x_wconf 80' lang='lat' dir='ltr'><strong>ait</strong></span> <span class='ocrx_word' id='word_1_40' title='bbox 515 403 682 439; x_wconf 88' lang='lat' dir='ltr'><strong>missum</strong></span> <span class='ocrx_word' id='word_1_41' title='bbox 701 402 824 438; x_wconf 88' lang='lat' dir='ltr'><strong>fuisse</strong></span> <span class='ocrx_word' id='word_1_42' title='bbox 845 407 1041 438; x_wconf 82' lang='lat' dir='ltr'><strong>oratorem</strong></span> <span class='ocrx_word' id='word_1_43' title='bbox 1058 414 1080 437; x_wconf 84' lang='lat' dir='ltr'><strong>a</strong></span> <span class='ocrx_word' id='word_1_44' title='bbox 1101 401 1319 438; x_wconf 82' lang='lat' dir='ltr'><strong>Iustiniano</strong></span> <span class='ocrx_word' id='word_1_45' title='bbox 1339 399 1390 437; x_wconf 84' lang='lat' dir='ltr'><strong>ad</strong></span> <span class='ocrx_word' id='word_1_46' title='bbox 1403 398 1530 437; x_wconf 84' lang='lat' dir='ltr'><strong>Chos-</strong></span> 
     </span>
     <span class='ocr_line' id='line_1_6' title="bbox 72 456 1529 508; baseline -0.003 -10"><span class='ocrx_word' id='word_1_47' title='bbox 72 464 167 498; x_wconf 74' lang='grc' dir='ltr'><strong>ωόη</strong></span> <span class='ocrx_word' id='word_1_48' title='bbox 199 457 406 497; x_wconf 76' lang='lat' dir='ltr'><strong>Chavodes</strong></span> <span class='ocrx_word' id='word_1_49' title='bbox 435 458 562 495; x_wconf 85' lang='lat' dir='ltr'><strong>filium</strong></span> <span class='ocrx_word' id='word_1_50' title='bbox 590 459 801 495; x_wconf 79' lang='lat' dir='ltr'><strong>Persarum</strong></span> <span class='ocrx_word' id='word_1_51' title='bbox 828 470 978 508; x_wconf 86' lang='lat' dir='ltr'><strong>regem.</strong></span> <span class='ocrx_word' id='word_1_52' title='bbox 1045 456 1316 494; x_wconf 72' lang='lat' dir='ltr'><strong>Rhecinarc&#39;us</strong></span> <span class='ocrx_word' id='word_1_53' title='bbox 1349 458 1470 494; x_wconf 83' lang='lat' dir='ltr'><strong>etiam</strong></span> <span class='ocrx_word' id='word_1_54' title='bbox 1507 469 1529 493; x_wconf 79' lang='lat' dir='ltr'><strong>a</strong></span> 
     </span>
     <span class='ocr_line' id='line_1_7' title="bbox 71 514 775 554; baseline -0.004 0"><span class='ocrx_word' id='word_1_55' title='bbox 71 517 253 554; x_wconf 81' lang='lat' dir='ltr'><strong>Maltreto</strong></span> <span class='ocrx_word' id='word_1_56' title='bbox 270 514 421 553; x_wconf 83' lang='lat' dir='ltr'>ibidem</span> <span class='ocrx_word' id='word_1_57' title='bbox 436 516 577 551; x_wconf 78' lang='lat' dir='ltr'><strong>Latine</strong></span> <span class='ocrx_word' id='word_1_58' title='bbox 598 516 775 552; x_wconf 83' lang='lat' dir='ltr'><strong>vertitur.</strong></span> 
     </span>
    </p>
   </div>
   <div class='ocr_carea' id='block_1_3' title="bbox 183 580 756 633">
    <p class='ocr_par' dir='ltr' id='par_1_3' title="bbox 183 580 756 633">
     <span class='ocr_line' id='line_1_8' title="bbox 183 580 756 633; baseline -0.01 -9"><span class='ocrx_word' id='word_1_59' title='bbox 183 583 278 626; x_wconf 82' lang='lat'><strong>315.</strong></span> <span class='ocrx_word' id='word_1_60' title='bbox 336 595 374 620; x_wconf 82' lang='lat' dir='ltr'><strong>v.</strong></span> <span class='ocrx_word' id='word_1_61' title='bbox 396 594 513 633; x_wconf 79' lang='lat' dir='ltr'><strong>supra</strong></span> <span class='ocrx_word' id='word_1_62' title='bbox 535 580 586 618; x_wconf 89' lang='lat' dir='ltr'><strong>ad</strong></span> <span class='ocrx_word' id='word_1_63' title='bbox 602 595 639 620; x_wconf 77' lang='lat' dir='ltr'><strong>v.</strong></span> <span class='ocrx_word' id='word_1_64' title='bbox 659 584 756 623; x_wconf 79' lang='lat'><strong>268.</strong></span> 
     </span>
    </p>
   </div>
   <div class='ocr_carea' id='block_1_4' title="bbox 67 647 1536 1661">
    <p class='ocr_par' dir='ltr' id='par_1_4' title="bbox 68 647 1530 871">
     <span class='ocr_line' id='line_1_9' title="bbox 182 647 1528 700; baseline -0.002 -13"><span class='ocrx_word' id='word_1_65' title='bbox 182 653 278 691; x_wconf 79' lang='lat'><strong>320.</strong></span> <span class='ocrx_word' id='word_1_66' title='bbox 336 652 470 700; x_wconf 84' lang='lat' dir='ltr'><em>impar</em></span> <span class='ocrx_word' id='word_1_67' title='bbox 497 649 665 687; x_wconf 79' lang='lat' dir='ltr'><strong>anhelis.</strong></span> <span class='ocrx_word' id='word_1_68' title='bbox 727 650 769 686; x_wconf 87' lang='lat' dir='ltr'><strong>in</strong></span> <span class='ocrx_word' id='word_1_69' title='bbox 790 657 1009 687; x_wconf 86' lang='lat' dir='ltr'><strong>memorato</strong></span> <span class='ocrx_word' id='word_1_70' title='bbox 1032 649 1104 687; x_wconf 87' lang='lat' dir='ltr'><strong>lib.</strong></span> <span class='ocrx_word' id='word_1_71' title='bbox 1143 651 1163 689; x_wconf 92' lang='lat'>1</span> <span class='ocrx_word' id='word_1_72' title='bbox 1198 647 1396 700; x_wconf 55' lang='lat' dir='ltr'><strong>poematis</strong></span> <span class='ocrx_word' id='word_1_73' title='bbox 1418 649 1450 685; x_wconf 89' lang='lat' dir='ltr'><strong>I.</strong></span> <span class='ocrx_word' id='word_1_74' title='bbox 1480 648 1528 684; x_wconf 90' lang='lat' dir='ltr'><strong>L.</strong></span> 
     </span>
     <span class='ocr_line' id='line_1_10' title="bbox 69 703 1530 758; baseline -0.001 -15"><span class='ocrx_word' id='word_1_75' title='bbox 69 708 128 743; x_wconf 77' lang='lat' dir='ltr'><em>De</em></span> <span class='ocrx_word' id='word_1_76' title='bbox 144 708 267 744; x_wconf 91' lang='lat' dir='ltr'><strong>Bonis</strong></span> <span class='ocrx_word' id='word_1_77' title='bbox 285 708 328 743; x_wconf 86' lang='lat' dir='ltr'><strong>in</strong></span> <span class='ocrx_word' id='word_1_78' title='bbox 345 706 504 743; x_wconf 76' lang='lat' dir='ltr'><em>laudem</em></span> <span class='ocrx_word' id='word_1_79' title='bbox 522 707 580 743; x_wconf 84' lang='lat' dir='ltr'><strong>Io.</strong></span> <span class='ocrx_word' id='word_1_80' title='bbox 613 706 709 743; x_wconf 81' lang='lat' dir='ltr'><strong>Gal.</strong></span> <span class='ocrx_word' id='word_1_81' title='bbox 741 706 780 744; x_wconf 83' lang='lat' dir='ltr'><em>V</em></span> <span class='ocrx_word' id='word_1_82' title='bbox 779 706 990 748; x_wconf 68' lang='lat' dir='ltr'><strong>icet-omitis</strong></span> <span class='ocrx_word' id='word_1_83' title='bbox 1000 735 1015 752; x_wconf 94' lang='lat'><em>,</em></span> <span class='ocrx_word' id='word_1_84' title='bbox 1049 707 1092 743; x_wconf 93' lang='lat' dir='ltr'><strong>in</strong></span> <span class='ocrx_word' id='word_1_85' title='bbox 1126 719 1204 758; x_wconf 88' lang='lat' dir='ltr'><strong>quo</strong></span> <span class='ocrx_word' id='word_1_86' title='bbox 1232 703 1275 741; x_wconf 88' lang='lat' dir='ltr'><strong>hi</strong></span> <span class='ocrx_word' id='word_1_87' title='bbox 1296 718 1432 742; x_wconf 81' lang='lat' dir='ltr'><strong>versus</strong></span> <span class='ocrx_word' id='word_1_88' title='bbox 1454 718 1530 741; x_wconf 83' lang='lat' dir='ltr'><strong>ex-</strong></span> 
     </span>
     <span class='ocr_line' id='line_1_11' title="bbox 69 759 1529 814; baseline -0.001 -14"><span class='ocrx_word' id='word_1_89' title='bbox 69 764 204 814; x_wconf 83' lang='lat' dir='ltr'><strong>scripti</strong></span> <span class='ocrx_word' id='word_1_90' title='bbox 224 763 407 811; x_wconf 83' lang='lat' dir='ltr'><strong>fuerunt,</strong></span> <span class='ocrx_word' id='word_1_91' title='bbox 443 765 555 800; x_wconf 83' lang='lat' dir='ltr'><strong>iuxta</strong></span> <span class='ocrx_word' id='word_1_92' title='bbox 584 761 672 800; x_wconf 88' lang='lat' dir='ltr'><strong>cod.</strong></span> <span class='ocrx_word' id='word_1_93' title='bbox 701 763 873 800; x_wconf 81' lang='lat' dir='ltr'><strong>Trivult.</strong></span> <span class='ocrx_word' id='word_1_94' title='bbox 896 764 932 800; x_wconf 91' lang='lat' dir='ltr'>A</span> <span class='ocrx_word' id='word_1_95' title='bbox 951 762 1035 805; x_wconf 79' lang='lat'><strong>274</strong></span> <span class='ocrx_word' id='word_1_96' title='bbox 1053 777 1094 814; x_wconf 91' lang='lat' dir='ltr'><strong>p.</strong></span> <span class='ocrx_word' id='word_1_97' title='bbox 1114 765 1196 804; x_wconf 86' lang='grc'><strong>209</strong></span> <span class='ocrx_word' id='word_1_98' title='bbox 1225 769 1264 799; x_wconf 88' lang='lat' dir='ltr'><strong>et</strong></span> <span class='ocrx_word' id='word_1_99' title='bbox 1283 764 1366 803; x_wconf 83' lang='lat'><strong>216</strong></span> <span class='ocrx_word' id='word_1_100' title='bbox 1387 774 1426 799; x_wconf 83' lang='lat' dir='ltr'><strong>v.</strong></span> <span class='ocrx_word' id='word_1_101' title='bbox 1446 759 1529 803; x_wconf 79' lang='lat'><strong>244</strong></span> 
     </span>
     <span class='ocr_line' id='line_1_12' title="bbox 68 820 566 871; baseline -0.002 -14"><span class='ocrx_word' id='word_1_102' title='bbox 68 821 214 871; x_wconf 84' lang='lat' dir='ltr'><strong>legitur</strong></span> <span class='ocrx_word' id='word_1_103' title='bbox 231 820 401 871; x_wconf 77' lang='lat' dir='ltr'><em>impiger</em></span> <span class='ocrx_word' id='word_1_104' title='bbox 421 821 566 871; x_wconf 78' lang='lat' dir='ltr'><strong>aegris.</strong></span> 
     </span>
    </p>

    <p class='ocr_par' dir='ltr' id='par_1_5' title="bbox 69 873 1530 973">
     <span class='ocr_line' id='line_1_13' title="bbox 181 873 1530 926; baseline -0.005 -9"><span class='ocrx_word' id='word_1_105' title='bbox 181 878 277 917; x_wconf 81' lang='lat'><strong>330.</strong></span> <span class='ocrx_word' id='word_1_106' title='bbox 336 876 535 913; x_wconf 76' lang='lat' dir='ltr'><em>retollunt.</em></span> <span class='ocrx_word' id='word_1_107' title='bbox 576 889 659 914; x_wconf 83' lang='lat' dir='ltr'><strong>vox</strong></span> <span class='ocrx_word' id='word_1_108' title='bbox 675 873 857 912; x_wconf 84' lang='lat' dir='ltr'><strong>addenda</strong></span> <span class='ocrx_word' id='word_1_109' title='bbox 874 875 1016 912; x_wconf 73' lang='lat' dir='ltr'><strong>lexicIS</strong></span> <span class='ocrx_word' id='word_1_110' title='bbox 1036 875 1197 926; x_wconf 83' lang='lat' dir='ltr'>linguae</span> <span class='ocrx_word' id='word_1_111' title='bbox 1215 874 1396 923; x_wconf 83' lang='lat' dir='ltr'><strong>Latinae,</strong></span> <span class='ocrx_word' id='word_1_112' title='bbox 1428 886 1530 926; x_wconf 85' lang='lat' dir='ltr'><strong>quae</strong></span> 
     </span>
     <span class='ocr_line' id='line_1_14' title="bbox 69 931 733 973; baseline 0 -3"><span class='ocrx_word' id='word_1_113' title='bbox 69 939 201 970; x_wconf 80' lang='lat' dir='ltr'><strong>tamen</strong></span> <span class='ocrx_word' id='word_1_114' title='bbox 220 945 353 970; x_wconf 87' lang='lat' dir='ltr'><strong>rursus</strong></span> <span class='ocrx_word' id='word_1_115' title='bbox 375 934 541 970; x_wconf 84' lang='lat' dir='ltr'><strong>occurrit</strong></span> <span class='ocrx_word' id='word_1_116' title='bbox 562 931 589 972; x_wconf 84' lang='lat'>4</span> <span class='ocrx_word' id='word_1_117' title='bbox 610 932 733 973; x_wconf 85' lang='lat'><strong>1154.</strong></span> 
     </span>
    </p>

    <p class='ocr_par' dir='ltr' id='par_1_6' title="bbox 67 985 1532 1195">
     <span class='ocr_line' id='line_1_15' title="bbox 182 985 1529 1037; baseline -0.004 -8"><span class='ocrx_word' id='word_1_118' title='bbox 182 988 278 1030; x_wconf 81' lang='grc'><strong>834.</strong></span> <span class='ocrx_word' id='word_1_119' title='bbox 336 997 490 1027; x_wconf 72' lang='lat' dir='ltr'><em>moveat</em></span> <span class='ocrx_word' id='word_1_120' title='bbox 507 989 601 1026; x_wconf 78' lang='lat' dir='ltr'><em>duri</em></span> <span class='ocrx_word' id='word_1_121' title='bbox 620 991 663 1026; x_wconf 82' lang='lat' dir='ltr'><strong>in</strong></span> <span class='ocrx_word' id='word_1_122' title='bbox 687 988 927 1026; x_wconf 76' lang='lat' dir='ltr'><em>discrimine.</em></span> <span class='ocrx_word' id='word_1_123' title='bbox 990 989 1046 1026; x_wconf 86' lang='lat' dir='ltr'><strong>sic</strong></span> <span class='ocrx_word' id='word_1_124' title='bbox 1068 987 1109 1023; x_wconf 89' lang='lat' dir='ltr'><strong>in</strong></span> <span class='ocrx_word' id='word_1_125' title='bbox 1131 985 1218 1023; x_wconf 91' lang='lat' dir='ltr'><strong>cod.</strong></span> <span class='ocrx_word' id='word_1_126' title='bbox 1238 986 1418 1037; x_wconf 86' lang='lat' dir='ltr'><strong>Corippi‚</strong></span> <span class='ocrx_word' id='word_1_127' title='bbox 1459 985 1529 1023; x_wconf 90' lang='lat' dir='ltr'><strong>sed</strong></span> 
     </span>
     <span class='ocr_line' id='line_1_16' title="bbox 67 1043 1530 1093; baseline 0 -11"><span class='ocrx_word' id='word_1_128' title='bbox 67 1046 110 1082; x_wconf 89' lang='lat' dir='ltr'><strong>in</strong></span> <span class='ocrx_word' id='word_1_129' title='bbox 129 1044 215 1082; x_wconf 85' lang='lat' dir='ltr'><strong>cod.</strong></span> <span class='ocrx_word' id='word_1_130' title='bbox 234 1047 270 1082; x_wconf 84' lang='lat' dir='ltr'><strong>A</strong></span> <span class='ocrx_word' id='word_1_131' title='bbox 288 1045 370 1087; x_wconf 87' lang='grc'>274</span> <span class='ocrx_word' id='word_1_132' title='bbox 394 1049 426 1084; x_wconf 89' lang='grc' dir='ltr'><strong>Ι.</strong></span> <span class='ocrx_word' id='word_1_133' title='bbox 452 1047 500 1083; x_wconf 85' lang='lat' dir='ltr'><strong>L.</strong></span> <span class='ocrx_word' id='word_1_134' title='bbox 529 1046 589 1082; x_wconf 86' lang='lat' dir='ltr'><em>De</em></span> <span class='ocrx_word' id='word_1_135' title='bbox 611 1046 732 1083; x_wconf 85' lang='lat' dir='ltr'><strong>Bonis</strong></span> <span class='ocrx_word' id='word_1_136' title='bbox 764 1045 877 1082; x_wconf 79' lang='lat' dir='ltr'><strong>laud.</strong></span> <span class='ocrx_word' id='word_1_137' title='bbox 905 1045 992 1082; x_wconf 74' lang='lat' dir='ltr'><strong>Iolc.</strong></span> <span class='ocrx_word' id='word_1_138' title='bbox 1032 1043 1128 1082; x_wconf 77' lang='lat' dir='ltr'><strong>Gal.</strong></span> <span class='ocrx_word' id='word_1_139' title='bbox 1163 1043 1357 1081; x_wconf 85' lang='lat' dir='ltr'><strong>Vicecom.</strong></span> <span class='ocrx_word' id='word_1_140' title='bbox 1390 1056 1429 1093; x_wconf 88' lang='lat' dir='ltr'><strong>p.</strong></span> <span class='ocrx_word' id='word_1_141' title='bbox 1447 1045 1530 1083; x_wconf 83' lang='grc'><strong>216</strong></span> 
     </span>
     <span class='ocr_line' id='line_1_17' title="bbox 68 1098 1532 1154; baseline -0.003 -15"><span class='ocrx_word' id='word_1_142' title='bbox 68 1115 107 1142; x_wconf 67' lang='lat' dir='ltr'><strong>v.</strong></span> <span class='ocrx_word' id='word_1_143' title='bbox 129 1102 210 1144; x_wconf 81' lang='lat'><strong>255</strong></span> <span class='ocrx_word' id='word_1_144' title='bbox 229 1102 397 1151; x_wconf 83' lang='lat' dir='ltr'><strong>legitur:</strong></span> <span class='ocrx_word' id='word_1_145' title='bbox 427 1109 609 1140; x_wconf 70' lang='lat' dir='ltr'><strong>moveant</strong></span> <span class='ocrx_word' id='word_1_146' title='bbox 628 1102 708 1139; x_wconf 81' lang='lat' dir='ltr'><em>diri</em></span> <span class='ocrx_word' id='word_1_147' title='bbox 727 1102 978 1149; x_wconf 80' lang='lat' dir='ltr'><strong>discrimina,</strong></span> <span class='ocrx_word' id='word_1_148' title='bbox 1008 1108 1046 1139; x_wconf 88' lang='lat' dir='ltr'><strong>et</strong></span> <span class='ocrx_word' id='word_1_149' title='bbox 1063 1115 1106 1154; x_wconf 85' lang='lat' dir='ltr'><strong>p.</strong></span> <span class='ocrx_word' id='word_1_150' title='bbox 1126 1101 1233 1141; x_wconf 80' lang='lat'><strong>209:</strong></span> <span class='ocrx_word' id='word_1_151' title='bbox 1264 1106 1418 1138; x_wconf 75' lang='lat' dir='ltr'><em>moveat</em></span> <span class='ocrx_word' id='word_1_152' title='bbox 1438 1098 1532 1136; x_wconf 77' lang='lat' dir='ltr'><em>duri</em></span> 
     </span>
     <span class='ocr_line' id='line_1_18' title="bbox 67 1158 375 1195; baseline 0 0"><span class='ocrx_word' id='word_1_153' title='bbox 67 1160 112 1195; x_wconf 77' lang='lat' dir='ltr'><strong>in.</strong></span> <span class='ocrx_word' id='word_1_154' title='bbox 131 1158 375 1195; x_wconf 66' lang='lat' dir='ltr'><strong>discrimina.</strong></span> 
     </span>
    </p>

    <p class='ocr_par' dir='ltr' id='par_1_7' title="bbox 68 1211 1530 1379">
     <span class='ocr_line' id='line_1_19' title="bbox 178 1211 1529 1271; baseline -0.004 -18"><span class='ocrx_word' id='word_1_155' title='bbox 178 1216 275 1271; x_wconf 85' lang='lat'><strong>336.</strong></span> <span class='ocrx_word' id='word_1_156' title='bbox 335 1214 472 1252; x_wconf 74' lang='lat' dir='ltr'><strong>citatis</strong></span> <span class='ocrx_word' id='word_1_157' title='bbox 488 1214 587 1251; x_wconf 90' lang='lat' dir='ltr'><strong>locis</strong></span> <span class='ocrx_word' id='word_1_158' title='bbox 608 1212 695 1252; x_wconf 83' lang='lat' dir='ltr'><strong>cod.</strong></span> <span class='ocrx_word' id='word_1_159' title='bbox 718 1215 753 1251; x_wconf 89' lang='lat' dir='ltr'><strong>A</strong></span> <span class='ocrx_word' id='word_1_160' title='bbox 778 1213 861 1255; x_wconf 83' lang='lat'><strong>274</strong></span> <span class='ocrx_word' id='word_1_161' title='bbox 881 1220 960 1252; x_wconf 81' lang='lat' dir='ltr'><strong>est:</strong></span> <span class='ocrx_word' id='word_1_162' title='bbox 1005 1214 1087 1250; x_wconf 80' lang='lat' dir='ltr'><strong>esit.</strong></span> <span class='ocrx_word' id='word_1_163' title='bbox 1115 1219 1151 1249; x_wconf 84' lang='lat' dir='ltr'><strong>et</strong></span> <span class='ocrx_word' id='word_1_164' title='bbox 1169 1214 1212 1249; x_wconf 82' lang='lat' dir='ltr'><strong>in</strong></span> <span class='ocrx_word' id='word_1_165' title='bbox 1229 1213 1383 1250; x_wconf 86' lang='lat' dir='ltr'><strong>modico</strong></span> <span class='ocrx_word' id='word_1_166' title='bbox 1398 1211 1529 1263; x_wconf 82' lang='lat' dir='ltr'><strong>plana</strong></span> 
     </span>
     <span class='ocr_line' id='line_1_20' title="bbox 68 1269 1530 1323; baseline -0.001 -16"><span class='ocrx_word' id='word_1_167' title='bbox 68 1284 159 1307; x_wconf 74' lang='lat' dir='ltr'><strong>cnm</strong></span> <span class='ocrx_word' id='word_1_168' title='bbox 179 1273 270 1308; x_wconf 67' lang='grc' dir='ltr'><strong>ιοοὲ</strong></span> <span class='ocrx_word' id='word_1_169' title='bbox 292 1271 465 1309; x_wconf 75' lang='lat' dir='ltr'><strong>[aculus.</strong></span> <span class='ocrx_word' id='word_1_170' title='bbox 525 1272 635 1323; x_wconf 87' lang='lat' dir='ltr'><strong>Virg.</strong></span> <span class='ocrx_word' id='word_1_171' title='bbox 658 1271 766 1308; x_wconf 82' lang='lat' dir='ltr'><strong>Aen.</strong></span> <span class='ocrx_word' id='word_1_172' title='bbox 789 1273 816 1312; x_wconf 92' lang='lat'>7</span> <span class='ocrx_word' id='word_1_173' title='bbox 838 1271 940 1312; x_wconf 83' lang='lat'><strong>194:</strong></span> <span class='ocrx_word' id='word_1_174' title='bbox 971 1278 1091 1322; x_wconf 78' lang='lat' dir='ltr'><em>atque</em></span> <span class='ocrx_word' id='word_1_175' title='bbox 1112 1269 1211 1307; x_wconf 78' lang='lat' dir='ltr'><em>haec</em></span> <span class='ocrx_word' id='word_1_176' title='bbox 1230 1271 1418 1321; x_wconf 71' lang='lat' dir='ltr'><strong>ingressis</strong></span> <span class='ocrx_word' id='word_1_177' title='bbox 1429 1269 1530 1319; x_wconf 80' lang='lat' dir='ltr'><em>pla-</em></span> 
     </span>
     <span class='ocr_line' id='line_1_21' title="bbox 68 1327 521 1379; baseline -0.002 -15"><span class='ocrx_word' id='word_1_178' title='bbox 68 1327 154 1365; x_wconf 75' lang='lat' dir='ltr'><em>eido</em></span> <span class='ocrx_word' id='word_1_179' title='bbox 169 1330 284 1379; x_wconf 83' lang='lat' dir='ltr'><em>prior</em></span> <span class='ocrx_word' id='word_1_180' title='bbox 303 1328 427 1366; x_wconf 79' lang='lat' dir='ltr'><em>edidit</em></span> <span class='ocrx_word' id='word_1_181' title='bbox 444 1341 521 1364; x_wconf 88' lang='lat' dir='ltr'><strong>ore.</strong></span> 
     </span>
    </p>

    <p class='ocr_par' dir='ltr' id='par_1_8' title="bbox 67 1382 1536 1661">
     <span class='ocr_line' id='line_1_22' title="bbox 181 1382 1530 1431; baseline -0.005 -5"><span class='ocrx_word' id='word_1_182' title='bbox 181 1386 278 1426; x_wconf 84' lang='grc'>850.</span> <span class='ocrx_word' id='word_1_183' title='bbox 333 1398 397 1422; x_wconf 87' lang='lat' dir='ltr'><strong>ms</strong></span> <span class='ocrx_word' id='word_1_184' title='bbox 419 1383 600 1431; x_wconf 80' lang='lat' dir='ltr'><em>rebellis;</em></span> <span class='ocrx_word' id='word_1_185' title='bbox 630 1382 700 1421; x_wconf 83' lang='lat' dir='ltr'><strong>sed</strong></span> <span class='ocrx_word' id='word_1_186' title='bbox 719 1382 836 1421; x_wconf 86' lang='lat' dir='ltr'><strong>huius</strong></span> <span class='ocrx_word' id='word_1_187' title='bbox 858 1385 965 1421; x_wconf 79' lang='lat' dir='ltr'><strong>vocis</strong></span> <span class='ocrx_word' id='word_1_188' title='bbox 982 1398 1002 1421; x_wconf 78' lang='grc' dir='ltr'><strong><em>ε</em></strong></span> <span class='ocrx_word' id='word_1_189' title='bbox 1020 1390 1243 1421; x_wconf 79' lang='lat' dir='ltr'><strong>transverso</strong></span> <span class='ocrx_word' id='word_1_190' title='bbox 1266 1382 1381 1420; x_wconf 87' lang='lat' dir='ltr'><strong>obelo</strong></span> <span class='ocrx_word' id='word_1_191' title='bbox 1398 1382 1530 1419; x_wconf 88' lang='lat' dir='ltr'><strong>elimi-</strong></span> 
     </span>
     <span class='ocr_line' id='line_1_23' title="bbox 68 1439 1536 1491; baseline -0.001 -14"><span class='ocrx_word' id='word_1_192' title='bbox 68 1448 160 1478; x_wconf 85' lang='lat' dir='ltr'><strong>nata</strong></span> <span class='ocrx_word' id='word_1_193' title='bbox 182 1441 259 1478; x_wconf 82' lang='lat' dir='ltr'><strong>fuit</strong></span> <span class='ocrx_word' id='word_1_194' title='bbox 290 1442 419 1488; x_wconf 85' lang='lat' dir='ltr'><strong>male,</strong></span> <span class='ocrx_word' id='word_1_195' title='bbox 461 1447 505 1477; x_wconf 91' lang='lat' dir='ltr'><strong>ut</strong></span> <span class='ocrx_word' id='word_1_196' title='bbox 526 1447 638 1491; x_wconf 73' lang='lat' dir='ltr'><strong>puto,</strong></span> <span class='ocrx_word' id='word_1_197' title='bbox 699 1441 779 1477; x_wconf 86' lang='lat' dir='ltr'><strong>Cic.</strong></span> <span class='ocrx_word' id='word_1_198' title='bbox 802 1441 844 1476; x_wconf 87' lang='lat' dir='ltr'><strong>in</strong></span> <span class='ocrx_word' id='word_1_199' title='bbox 869 1441 1004 1478; x_wconf 76' lang='lat' dir='ltr'><strong>Vatia.</strong></span> <span class='ocrx_word' id='word_1_200' title='bbox 1023 1455 1035 1477; x_wconf 90' lang='grc'><strong>.·</strong></span> <span class='ocrx_word' id='word_1_201' title='bbox 1066 1441 1208 1490; x_wconf 83' lang='lat' dir='ltr'><strong>inflato</strong></span> <span class='ocrx_word' id='word_1_202' title='bbox 1236 1439 1336 1477; x_wconf 85' lang='lat' dir='ltr'><strong>collo</strong></span> <span class='ocrx_word' id='word_1_203' title='bbox 1370 1439 1536 1476; x_wconf 75' lang='lat' dir='ltr'><strong>tumidis</strong></span> 
     </span>
     <span class='ocr_line' id='line_1_24' title="bbox 69 1494 1535 1548; baseline -0.001 -15"><span class='ocrx_word' id='word_1_204' title='bbox 69 1497 286 1534; x_wconf 73' lang='lat' dir='ltr'><strong>cervicibus</strong></span> <span class='ocrx_word' id='word_1_205' title='bbox 305 1497 489 1535; x_wconf 80' lang='lat' dir='ltr'><strong>intulisti.</strong></span> <span class='ocrx_word' id='word_1_206' title='bbox 551 1494 638 1533; x_wconf 89' lang='lat' dir='ltr'><strong>Ioh.</strong></span> <span class='ocrx_word' id='word_1_207' title='bbox 656 1498 703 1533; x_wconf 89' lang='lat' dir='ltr'><strong>L.</strong></span> <span class='ocrx_word' id='word_1_208' title='bbox 728 1498 786 1533; x_wconf 90' lang='lat' dir='ltr'><em>De</em></span> <span class='ocrx_word' id='word_1_209' title='bbox 804 1498 926 1534; x_wconf 89' lang='lat' dir='ltr'><strong>Bonis</strong></span> <span class='ocrx_word' id='word_1_210' title='bbox 958 1499 999 1534; x_wconf 90' lang='lat' dir='ltr'><strong>in</strong></span> <span class='ocrx_word' id='word_1_211' title='bbox 1028 1500 1211 1548; x_wconf 65' lang='lat' dir='ltr'><strong>poemate</strong></span> <span class='ocrx_word' id='word_1_212' title='bbox 1239 1510 1310 1548; x_wconf 86' lang='lat' dir='ltr'><strong>pro</strong></span> <span class='ocrx_word' id='word_1_213' title='bbox 1344 1496 1535 1533; x_wconf 80' lang='lat' dir='ltr'><em>Galeazio</em></span> 
     </span>
     <span class='ocr_line' id='line_1_25' title="bbox 75 1553 1534 1605; baseline 0 -14"><span class='ocrx_word' id='word_1_214' title='bbox 75 1554 306 1591; x_wconf 72' lang='lat' dir='ltr'><em>Viceeomite</em></span> <span class='ocrx_word' id='word_1_215' title='bbox 323 1553 430 1592; x_wconf 86' lang='lat' dir='ltr'><strong>huuc</strong></span> <span class='ocrx_word' id='word_1_216' title='bbox 446 1566 626 1602; x_wconf 81' lang='lat' dir='ltr'><strong>versum,</strong></span> <span class='ocrx_word' id='word_1_217' title='bbox 666 1554 735 1605; x_wconf 89' lang='lat' dir='ltr'><strong>qui</strong></span> <span class='ocrx_word' id='word_1_218' title='bbox 762 1554 816 1590; x_wconf 90' lang='lat' dir='ltr'><strong>ibi</strong></span> <span class='ocrx_word' id='word_1_219' title='bbox 842 1560 901 1590; x_wconf 89' lang='lat' dir='ltr'><strong>est</strong></span> <span class='ocrx_word' id='word_1_220' title='bbox 932 1557 950 1594; x_wconf 90' lang='lat'>1</span> <span class='ocrx_word' id='word_1_221' title='bbox 978 1555 1083 1601; x_wconf 86' lang='lat'><strong>256,</strong></span> <span class='ocrx_word' id='word_1_222' title='bbox 1124 1555 1181 1591; x_wconf 90' lang='lat' dir='ltr'><strong>sic</strong></span> <span class='ocrx_word' id='word_1_223' title='bbox 1208 1554 1398 1604; x_wconf 82' lang='lat' dir='ltr'><strong>exprimit</strong></span> <span class='ocrx_word' id='word_1_224' title='bbox 1420 1555 1534 1591; x_wconf 79' lang='lat' dir='ltr'><strong>iuxta</strong></span> 
     </span>
     <span class='ocr_line' id='line_1_26' title="bbox 67 1609 1298 1661; baseline -0.001 -14"><span class='ocrx_word' id='word_1_225' title='bbox 67 1609 157 1647; x_wconf 79' lang='lat' dir='ltr'><strong>cod.</strong></span> <span class='ocrx_word' id='word_1_226' title='bbox 176 1612 213 1648; x_wconf 86' lang='lat' dir='ltr'>A</span> <span class='ocrx_word' id='word_1_227' title='bbox 228 1611 337 1653; x_wconf 82' lang='lat'>275:</span> <span class='ocrx_word' id='word_1_228' title='bbox 366 1611 446 1648; x_wconf 80' lang='lat' dir='ltr'><strong>hac</strong></span> <span class='ocrx_word' id='word_1_229' title='bbox 462 1611 499 1647; x_wconf 82' lang='lat' dir='ltr'><strong>si</strong></span> <span class='ocrx_word' id='word_1_230' title='bbox 503 1610 600 1660; x_wconf 83' lang='lat' dir='ltr'><strong>sors</strong></span> <span class='ocrx_word' id='word_1_231' title='bbox 616 1610 815 1647; x_wconf 84' lang='lat' dir='ltr'><em>tumidum</em></span> <span class='ocrx_word' id='word_1_232' title='bbox 822 1610 957 1661; x_wconf 76' lang='lat' dir='ltr'><em>fitciet</em></span> <span class='ocrx_word' id='word_1_233' title='bbox 976 1611 1124 1648; x_wconf 74' lang='lat' dir='ltr'><em>cervice</em></span> <span class='ocrx_word' id='word_1_234' title='bbox 1147 1609 1298 1647; x_wconf 84' lang='lat' dir='ltr'><em>rebelli.</em></span> 
     </span>
    </p>
   </div>
   <div class='ocr_carea' id='block_1_5' title="bbox 179 1677 1429 1730">
    <p class='ocr_par' dir='ltr' id='par_1_9' title="bbox 179 1677 1429 1730">
     <span class='ocr_line' id='line_1_27' title="bbox 179 1677 1429 1730; baseline -0.002 -13"><span class='ocrx_word' id='word_1_235' title='bbox 179 1677 277 1720; x_wconf 86' lang='lat'><strong>351.</strong></span> <span class='ocrx_word' id='word_1_236' title='bbox 333 1677 420 1717; x_wconf 90' lang='lat' dir='ltr'><strong>Ioh.</strong></span> <span class='ocrx_word' id='word_1_237' title='bbox 438 1679 486 1716; x_wconf 92' lang='lat' dir='ltr'><strong>L.</strong></span> <span class='ocrx_word' id='word_1_238' title='bbox 509 1679 569 1715; x_wconf 89' lang='lat' dir='ltr'><em>De</em></span> <span class='ocrx_word' id='word_1_239' title='bbox 588 1679 709 1717; x_wconf 91' lang='lat' dir='ltr'><strong>Bonis</strong></span> <span class='ocrx_word' id='word_1_240' title='bbox 729 1678 758 1715; x_wconf 91' lang='lat' dir='ltr'><strong>l.</strong></span> <span class='ocrx_word' id='word_1_241' title='bbox 777 1679 842 1716; x_wconf 87' lang='lat' dir='ltr'><strong>cit.</strong></span> <span class='ocrx_word' id='word_1_242' title='bbox 862 1691 901 1716; x_wconf 81' lang='lat' dir='ltr'><strong>v.</strong></span> <span class='ocrx_word' id='word_1_243' title='bbox 920 1678 1027 1720; x_wconf 83' lang='lat'>257:</span> <span class='ocrx_word' id='word_1_244' title='bbox 1058 1692 1128 1715; x_wconf 82' lang='lat' dir='ltr'><strong>nec</strong></span> <span class='ocrx_word' id='word_1_245' title='bbox 1137 1680 1289 1730; x_wconf 82' lang='lat' dir='ltr'><em>penitet</em></span> <span class='ocrx_word' id='word_1_246' title='bbox 1307 1677 1429 1715; x_wconf 81' lang='lat' dir='ltr'><strong>ultra.</strong></span> 
     </span>
    </p>
   </div>
   <div class='ocr_carea' id='block_1_6' title="bbox 66 1741 1532 2592">
    <p class='ocr_par' dir='ltr' id='par_1_10' title="bbox 68 1741 1532 1845">
     <span class='ocr_line' id='line_1_28' title="bbox 182 1741 1532 1799; baseline 0.001 -15"><span class='ocrx_word' id='word_1_247' title='bbox 182 1741 278 1787; x_wconf 62' lang='lat'><strong>354.</strong></span> <span class='ocrx_word' id='word_1_248' title='bbox 337 1746 444 1799; x_wconf 80' lang='lat' dir='ltr'><strong>apud</strong></span> <span class='ocrx_word' id='word_1_249' title='bbox 470 1748 530 1784; x_wconf 90' lang='lat' dir='ltr'><em>De</em></span> <span class='ocrx_word' id='word_1_250' title='bbox 555 1747 678 1784; x_wconf 87' lang='lat' dir='ltr'><strong>Bonis</strong></span> <span class='ocrx_word' id='word_1_251' title='bbox 698 1747 729 1784; x_wconf 93' lang='lat' dir='ltr'><strong>l.</strong></span> <span class='ocrx_word' id='word_1_252' title='bbox 757 1759 792 1784; x_wconf 87' lang='lat' dir='ltr'><strong>c.</strong></span> <span class='ocrx_word' id='word_1_253' title='bbox 821 1760 860 1785; x_wconf 77' lang='lat' dir='ltr'><strong>v.</strong></span> <span class='ocrx_word' id='word_1_254' title='bbox 889 1750 973 1789; x_wconf 84' lang='lat'><strong>260</strong></span> <span class='ocrx_word' id='word_1_255' title='bbox 1001 1753 1107 1784; x_wconf 84' lang='lat' dir='ltr'><em>certa</em></span> <span class='ocrx_word' id='word_1_256' title='bbox 1118 1761 1135 1795; x_wconf 92' lang='lat'><em>;</em></span> <span class='ocrx_word' id='word_1_257' title='bbox 1175 1745 1249 1785; x_wconf 85' lang='lat' dir='ltr'><strong>sed</strong></span> <span class='ocrx_word' id='word_1_258' title='bbox 1277 1747 1389 1784; x_wconf 81' lang='lat' dir='ltr'><em>Getta</em></span> <span class='ocrx_word' id='word_1_259' title='bbox 1410 1754 1469 1785; x_wconf 89' lang='lat' dir='ltr'><strong>est</strong></span> <span class='ocrx_word' id='word_1_260' title='bbox 1489 1746 1532 1784; x_wconf 86' lang='lat' dir='ltr'><strong>in</strong></span> 
     </span>
     <span class='ocr_line' id='line_1_29' title="bbox 68 1800 323 1845; baseline 0.004 -5"><span class='ocrx_word' id='word_1_261' title='bbox 68 1800 156 1840; x_wconf 81' lang='lat' dir='ltr'><strong>cod.</strong></span> <span class='ocrx_word' id='word_1_262' title='bbox 175 1804 211 1840; x_wconf 84' lang='lat' dir='ltr'>A</span> <span class='ocrx_word' id='word_1_263' title='bbox 226 1801 323 1845; x_wconf 80' lang='lat'><strong>274.</strong></span> 
     </span>
    </p>

    <p class='ocr_par' dir='ltr' id='par_1_11' title="bbox 67 1857 1529 1956">
     <span class='ocr_line' id='line_1_30' title="bbox 181 1857 1529 1907; baseline -0.003 -7"><span class='ocrx_word' id='word_1_264' title='bbox 181 1861 276 1901; x_wconf 85' lang='lat'><strong>360.</strong></span> <span class='ocrx_word' id='word_1_265' title='bbox 334 1861 394 1897; x_wconf 89' lang='lat' dir='ltr'><em>De</em></span> <span class='ocrx_word' id='word_1_266' title='bbox 417 1861 540 1898; x_wconf 86' lang='lat' dir='ltr'><strong>Bonis</strong></span> <span class='ocrx_word' id='word_1_267' title='bbox 568 1859 612 1896; x_wconf 86' lang='lat' dir='ltr'><strong>in</strong></span> <span class='ocrx_word' id='word_1_268' title='bbox 643 1857 729 1897; x_wconf 84' lang='lat' dir='ltr'><strong>cod.</strong></span> <span class='ocrx_word' id='word_1_269' title='bbox 760 1860 797 1896; x_wconf 91' lang='lat' dir='ltr'>A</span> <span class='ocrx_word' id='word_1_270' title='bbox 825 1859 908 1902; x_wconf 79' lang='grc'>274</span> <span class='ocrx_word' id='word_1_271' title='bbox 930 1857 1053 1897; x_wconf 76' lang='lat' dir='ltr'><strong>habet</strong></span> <span class='ocrx_word' id='word_1_272' title='bbox 1080 1859 1180 1898; x_wconf 80' lang='lat' dir='ltr'><em>haec</em></span> <span class='ocrx_word' id='word_1_273' title='bbox 1206 1861 1391 1907; x_wconf 74' lang='lat' dir='ltr'><strong>monitis,</strong></span> <span class='ocrx_word' id='word_1_274' title='bbox 1424 1866 1464 1898; x_wconf 87' lang='lat' dir='ltr'><strong>et</strong></span> <span class='ocrx_word' id='word_1_275' title='bbox 1486 1861 1529 1897; x_wconf 89' lang='lat' dir='ltr'><strong>in</strong></span> 
     </span>
     <span class='ocr_line' id='line_1_31' title="bbox 67 1914 851 1956; baseline -0.001 -2"><span class='ocrx_word' id='word_1_276' title='bbox 67 1914 157 1954; x_wconf 83' lang='lat' dir='ltr'><strong>cod.</strong></span> <span class='ocrx_word' id='word_1_277' title='bbox 179 1915 261 1956; x_wconf 87' lang='grc'>275</span> <span class='ocrx_word' id='word_1_278' title='bbox 282 1916 447 1954; x_wconf 79' lang='lat' dir='ltr'><strong>fortasse</strong></span> <span class='ocrx_word' id='word_1_279' title='bbox 465 1918 610 1954; x_wconf 85' lang='lat' dir='ltr'><strong>melius</strong></span> <span class='ocrx_word' id='word_1_280' title='bbox 630 1923 667 1952; x_wconf 80' lang='lat' dir='ltr'><em>et</em></span> <span class='ocrx_word' id='word_1_281' title='bbox 681 1917 851 1953; x_wconf 74' lang='lat' dir='ltr'><strong>monitis.</strong></span> 
     </span>
    </p>

    <p class='ocr_par' dir='ltr' id='par_1_12' title="bbox 180 1971 1529 2025">
     <span class='ocr_line' id='line_1_32' title="bbox 180 1971 1529 2025; baseline -0.001 -12"><span class='ocrx_word' id='word_1_282' title='bbox 180 1971 274 2013; x_wconf 83' lang='lat'><strong>364.</strong></span> <span class='ocrx_word' id='word_1_283' title='bbox 331 1973 439 2025; x_wconf 84' lang='lat' dir='ltr'><strong>apud</strong></span> <span class='ocrx_word' id='word_1_284' title='bbox 455 1975 515 2011; x_wconf 90' lang='lat' dir='ltr'><em>De</em></span> <span class='ocrx_word' id='word_1_285' title='bbox 534 1974 656 2011; x_wconf 89' lang='lat' dir='ltr'><strong>Bonis</strong></span> <span class='ocrx_word' id='word_1_286' title='bbox 674 1973 702 2013; x_wconf 87' lang='lat' dir='ltr'><strong>l.</strong></span> <span class='ocrx_word' id='word_1_287' title='bbox 716 1986 750 2010; x_wconf 90' lang='lat' dir='ltr'><strong>c.</strong></span> <span class='ocrx_word' id='word_1_288' title='bbox 763 1986 801 2011; x_wconf 83' lang='lat' dir='ltr'><strong>v.</strong></span> <span class='ocrx_word' id='word_1_289' title='bbox 814 1975 895 2016; x_wconf 83' lang='lat'><strong>270</strong></span> <span class='ocrx_word' id='word_1_290' title='bbox 915 1973 1064 2024; x_wconf 84' lang='lat' dir='ltr'><strong>legitur</strong></span> <span class='ocrx_word' id='word_1_291' title='bbox 1073 1975 1254 2023; x_wconf 83' lang='lat' dir='ltr'><em>peniteat</em></span> <span class='ocrx_word' id='word_1_292' title='bbox 1273 1974 1316 2010; x_wconf 88' lang='lat' dir='ltr'><strong>in</strong></span> <span class='ocrx_word' id='word_1_293' title='bbox 1334 1974 1419 2012; x_wconf 92' lang='lat' dir='ltr'><strong>solo</strong></span> <span class='ocrx_word' id='word_1_294' title='bbox 1438 1972 1529 2013; x_wconf 89' lang='lat' dir='ltr'><strong>cod.</strong></span> 
     </span>
    </p>

    <p class='ocr_par' dir='ltr' id='par_1_13' title="bbox 66 2084 1527 2242">
     <span class='ocr_line' id='line_1_33' title="bbox 180 2084 1526 2138; baseline -0.003 -11"><span class='ocrx_word' id='word_1_295' title='bbox 180 2086 275 2127; x_wconf 82' lang='grc'><strong>868-</strong></span> <span class='ocrx_word' id='word_1_296' title='bbox 333 2099 451 2138; x_wconf 79' lang='lat' dir='ltr'><strong>saepe</strong></span> <span class='ocrx_word' id='word_1_297' title='bbox 470 2093 604 2125; x_wconf 80' lang='lat' dir='ltr'>auctor</span> <span class='ocrx_word' id='word_1_298' title='bbox 618 2093 754 2126; x_wconf 79' lang='lat' dir='ltr'><strong>noster</strong></span> <span class='ocrx_word' id='word_1_299' title='bbox 773 2084 894 2124; x_wconf 85' lang='lat' dir='ltr'><strong>habet</strong></span> <span class='ocrx_word' id='word_1_300' title='bbox 909 2099 1004 2137; x_wconf 82' lang='lat' dir='ltr'><strong>prae</strong></span> <span class='ocrx_word' id='word_1_301' title='bbox 1023 2087 1148 2124; x_wconf 76' lang='lat' dir='ltr'><strong>oculis</strong></span> <span class='ocrx_word' id='word_1_302' title='bbox 1166 2086 1319 2123; x_wconf 86' lang='lat' dir='ltr'><strong>celebre</strong></span> <span class='ocrx_word' id='word_1_303' title='bbox 1336 2087 1526 2137; x_wconf 86' lang='lat' dir='ltr'><strong>Virgilia-</strong></span> 
     </span>
     <span class='ocr_line' id='line_1_34' title="bbox 67 2140 1527 2194; baseline 0.001 -16"><span class='ocrx_word' id='word_1_304' title='bbox 67 2154 166 2179; x_wconf 89' lang='lat' dir='ltr'><strong>num</strong></span> <span class='ocrx_word' id='word_1_305' title='bbox 184 2140 346 2179; x_wconf 80' lang='lat' dir='ltr'><strong>effatum</strong></span> <span class='ocrx_word' id='word_1_306' title='bbox 366 2142 414 2180; x_wconf 87' lang='lat' dir='ltr'><em>de</em></span> <span class='ocrx_word' id='word_1_307' title='bbox 434 2145 623 2182; x_wconf 86' lang='lat' dir='ltr'><strong>Romanis</strong></span> <span class='ocrx_word' id='word_1_308' title='bbox 642 2144 750 2181; x_wconf 86' lang='lat' dir='ltr'><strong>Aen.</strong></span> <span class='ocrx_word' id='word_1_309' title='bbox 774 2147 800 2186; x_wconf 88' lang='lat'><strong>6</strong></span> <span class='ocrx_word' id='word_1_310' title='bbox 819 2144 899 2186; x_wconf 80' lang='grc'><strong>853</strong></span> <span class='ocrx_word' id='word_1_311' title='bbox 913 2172 923 2192; x_wconf 87' lang='grc'>,</span> <span class='ocrx_word' id='word_1_312' title='bbox 964 2156 1084 2194; x_wconf 84' lang='lat' dir='ltr'><strong>supra</strong></span> <span class='ocrx_word' id='word_1_313' title='bbox 1107 2145 1272 2180; x_wconf 86' lang='lat' dir='ltr'><strong>citatum</strong></span> <span class='ocrx_word' id='word_1_314' title='bbox 1297 2141 1349 2180; x_wconf 81' lang='lat' dir='ltr'><strong>ad</strong></span> <span class='ocrx_word' id='word_1_315' title='bbox 1372 2145 1396 2184; x_wconf 81' lang='lat' dir='ltr'>l</span> <span class='ocrx_word' id='word_1_316' title='bbox 1421 2142 1527 2193; x_wconf 82' lang='lat'><strong>1493</strong></span> 
     </span>
     <span class='ocr_line' id='line_1_35' title="bbox 66 2199 738 2242; baseline 0.003 -6"><span class='ocrx_word' id='word_1_317' title='bbox 66 2205 111 2236; x_wconf 87' lang='lat' dir='ltr'><strong>ut</strong></span> <span class='ocrx_word' id='word_1_318' title='bbox 129 2201 249 2236; x_wconf 80' lang='lat' dir='ltr'><strong>etiam</strong></span> <span class='ocrx_word' id='word_1_319' title='bbox 272 2199 448 2237; x_wconf 76' lang='lat' dir='ltr'><strong>de-laud.</strong></span> <span class='ocrx_word' id='word_1_320' title='bbox 474 2201 573 2238; x_wconf 73' lang='lat' dir='ltr'><strong>lust.</strong></span> <span class='ocrx_word' id='word_1_321' title='bbox 595 2204 622 2242; x_wconf 91' lang='grc'>2</span> <span class='ocrx_word' id='word_1_322' title='bbox 642 2202 738 2242; x_wconf 84' lang='grc'><strong>233.</strong></span> 
     </span>
    </p>

    <p class='ocr_par' dir='ltr' id='par_1_14' title="bbox 67 2255 1530 2592">
     <span class='ocr_line' id='line_1_36' title="bbox 180 2255 1530 2307; baseline -0.001 -11"><span class='ocrx_word' id='word_1_323' title='bbox 180 2256 274 2296; x_wconf 83' lang='grc'><strong>383.</strong></span> <span class='ocrx_word' id='word_1_324' title='bbox 334 2259 451 2293; x_wconf 77' lang='lat' dir='ltr'><strong>etiam</strong></span> <span class='ocrx_word' id='word_1_325' title='bbox 470 2255 710 2295; x_wconf 81' lang='lat' dir='ltr'>Claudianus</span> <span class='ocrx_word' id='word_1_326' title='bbox 729 2255 891 2294; x_wconf 78' lang='lat' dir='ltr'><em>Alanos</em></span> <span class='ocrx_word' id='word_1_327' title='bbox 909 2257 1040 2307; x_wconf 86' lang='lat' dir='ltr'><strong>iungit</strong></span> <span class='ocrx_word' id='word_1_328' title='bbox 1056 2269 1146 2293; x_wconf 88' lang='lat' dir='ltr'><strong>cum</strong></span> <span class='ocrx_word' id='word_1_329' title='bbox 1174 2256 1300 2293; x_wconf 80' lang='lat' dir='ltr'><strong>Unnis</strong></span> <span class='ocrx_word' id='word_1_330' title='bbox 1322 2256 1389 2294; x_wconf 79' lang='lat' dir='ltr'><strong>vel</strong></span> <span class='ocrx_word' id='word_1_331' title='bbox 1402 2257 1530 2294; x_wconf 85' lang='lat' dir='ltr'><strong>Hun—</strong></span> 
     </span>
     <span class='ocr_line' id='line_1_37' title="bbox 69 2311 1529 2365; baseline 0.002 -17"><span class='ocrx_word' id='word_1_332' title='bbox 69 2311 132 2348; x_wconf 78' lang='lat' dir='ltr'><strong>nis</strong></span> <span class='ocrx_word' id='word_1_333' title='bbox 154 2313 198 2349; x_wconf 84' lang='lat' dir='ltr'><strong>in</strong></span> <span class='ocrx_word' id='word_1_334' title='bbox 218 2311 360 2360; x_wconf 77' lang='lat' dir='ltr'><strong>Rufln.</strong></span> <span class='ocrx_word' id='word_1_335' title='bbox 389 2315 415 2354; x_wconf 89' lang='grc'>2</span> <span class='ocrx_word' id='word_1_336' title='bbox 435 2315 541 2362; x_wconf 83' lang='grc' dir='ltr'>27ος</span> <span class='ocrx_word' id='word_1_337' title='bbox 586 2316 735 2351; x_wconf 86' lang='lat' dir='ltr'><strong>etenim</strong></span> <span class='ocrx_word' id='word_1_338' title='bbox 753 2320 838 2350; x_wconf 85' lang='lat' dir='ltr'><strong>tam</strong></span> <span class='ocrx_word' id='word_1_339' title='bbox 858 2315 964 2351; x_wconf 90' lang='lat' dir='ltr'><strong>Unni</strong></span> <span class='ocrx_word' id='word_1_340' title='bbox 987 2326 1108 2365; x_wconf 88' lang='lat' dir='ltr'><strong>quam</strong></span> <span class='ocrx_word' id='word_1_341' title='bbox 1125 2313 1246 2350; x_wconf 85' lang='lat' dir='ltr'><strong>Alani</strong></span> <span class='ocrx_word' id='word_1_342' title='bbox 1265 2314 1403 2365; x_wconf 89' lang='lat' dir='ltr'><strong>populi</strong></span> <span class='ocrx_word' id='word_1_343' title='bbox 1425 2314 1529 2365; x_wconf 86' lang='lat' dir='ltr'><strong>Scy-</strong></span> 
     </span>
     <span class='ocr_line' id='line_1_38' title="bbox 67 2366 1529 2422; baseline 0.001 -17"><span class='ocrx_word' id='word_1_344' title='bbox 67 2366 175 2406; x_wconf 83' lang='lat' dir='ltr'><em>thiae</em></span> <span class='ocrx_word' id='word_1_345' title='bbox 196 2368 368 2409; x_wconf 80' lang='lat' dir='ltr'><strong>fuerunt.</strong></span> <span class='ocrx_word' id='word_1_346' title='bbox 426 2371 507 2407; x_wconf 86' lang='lat' dir='ltr'><strong>scio</strong></span> <span class='ocrx_word' id='word_1_347' title='bbox 535 2377 668 2408; x_wconf 83' lang='lat' dir='ltr'><strong>autem</strong></span> <span class='ocrx_word' id='word_1_348' title='bbox 695 2369 930 2421; x_wconf 85' lang='lat' dir='ltr'><strong>productam</strong></span> <span class='ocrx_word' id='word_1_349' title='bbox 949 2370 1072 2407; x_wconf 87' lang='lat' dir='ltr'><strong>fuisse</strong></span> <span class='ocrx_word' id='word_1_350' title='bbox 1093 2367 1309 2407; x_wconf 76' lang='lat' dir='ltr'><strong>secundam</strong></span> <span class='ocrx_word' id='word_1_351' title='bbox 1329 2371 1529 2422; x_wconf 85' lang='lat' dir='ltr'>syllabam</span> 
     </span>
     <span class='ocr_line' id='line_1_39' title="bbox 69 2423 1529 2478; baseline 0.001 -16"><span class='ocrx_word' id='word_1_352' title='bbox 69 2423 224 2462; x_wconf 69' lang='lat' dir='ltr'><strong>in‘voce</strong></span> <span class='ocrx_word' id='word_1_353' title='bbox 245 2425 411 2464; x_wconf 76' lang='lat' dir='ltr'><strong>Alana-s·</strong></span> <span class='ocrx_word' id='word_1_354' title='bbox 437 2439 528 2464; x_wconf 88' lang='lat' dir='ltr'><strong>cum</strong></span> <span class='ocrx_word' id='word_1_355' title='bbox 559 2440 581 2464; x_wconf 90' lang='lat' dir='ltr'><strong>a</strong></span> <span class='ocrx_word' id='word_1_356' title='bbox 603 2427 777 2464; x_wconf 84' lang='lat' dir='ltr'><strong>Martiali</strong></span> <span class='ocrx_word' id='word_1_357' title='bbox 803 2433 891 2464; x_wconf 89' lang='lat' dir='ltr'><strong>tum</strong></span> <span class='ocrx_word' id='word_1_358' title='bbox 912 2427 959 2464; x_wconf 86' lang='lat' dir='ltr'><strong>ab</strong></span> <span class='ocrx_word' id='word_1_359' title='bbox 991 2428 1076 2478; x_wconf 90' lang='lat' dir='ltr'><strong>ipso</strong></span> <span class='ocrx_word' id='word_1_360' title='bbox 1100 2426 1344 2475; x_wconf 75' lang='lat' dir='ltr'><strong>Claudianoz,</strong></span> <span class='ocrx_word' id='word_1_361' title='bbox 1386 2426 1458 2465; x_wconf 88' lang='lat' dir='ltr'><strong>sed</strong></span> <span class='ocrx_word' id='word_1_362' title='bbox 1484 2429 1529 2464; x_wconf 86' lang='lat' dir='ltr'><strong>in</strong></span> 
     </span>
     <span class='ocr_line' id='line_1_40' title="bbox 68 2478 1529 2535; baseline 0.002 -18"><span class='ocrx_word' id='word_1_363' title='bbox 68 2482 294 2519; x_wconf 82' lang='lat' dir='ltr'><strong>nominibus</strong></span> <span class='ocrx_word' id='word_1_364' title='bbox 323 2486 492 2535; x_wconf 87' lang='lat' dir='ltr'><strong>propriis</strong></span> <span class='ocrx_word' id='word_1_365' title='bbox 521 2486 733 2535; x_wconf 79' lang='lat' dir='ltr'><strong>praecipue</strong></span> <span class='ocrx_word' id='word_1_366' title='bbox 766 2484 980 2521; x_wconf 84' lang='lat' dir='ltr'><strong>barbaricis</strong></span> <span class='ocrx_word' id='word_1_367' title='bbox 1007 2478 1149 2535; x_wconf 80' lang='lat' dir='ltr'><strong>parum</strong></span> <span class='ocrx_word' id='word_1_368' title='bbox 1172 2491 1395 2522; x_wconf 80' lang='lat' dir='ltr'><strong>constantes</strong></span> <span class='ocrx_word' id='word_1_369' title='bbox 1425 2485 1529 2521; x_wconf 85' lang='lat' dir='ltr'><strong>inter</strong></span> 
     </span>
     <span class='ocr_line' id='line_1_41' title="bbox 71 2537 1412 2592; baseline 0.002 -17"><span class='ocrx_word' id='word_1_370' title='bbox 71 2549 113 2573; x_wconf 77' lang='lat' dir='ltr'><strong>se</strong></span> <span class='ocrx_word' id='word_1_371' title='bbox 132 2541 268 2588; x_wconf 61' lang='lat' dir='ltr'><strong>poetas</strong></span> <span class='ocrx_word' id='word_1_372' title='bbox 285 2539 407 2577; x_wconf 82' lang='lat' dir='ltr'><strong>fuisse</strong></span> <span class='ocrx_word' id='word_1_373' title='bbox 428 2548 546 2592; x_wconf 82' lang='lat' dir='ltr'><strong>atque</strong></span> <span class='ocrx_word' id='word_1_374' title='bbox 564 2539 774 2592; x_wconf 81' lang='lat' dir='ltr'><strong>prosodiae</strong></span> <span class='ocrx_word' id='word_1_375' title='bbox 798 2537 1066 2590; x_wconf 80' lang='lat' dir='ltr'><strong>observantes,</strong></span> <span class='ocrx_word' id='word_1_376' title='bbox 1097 2554 1234 2579; x_wconf 88' lang='lat' dir='ltr'><strong>omnes</strong></span> <span class='ocrx_word' id='word_1_377' title='bbox 1254 2548 1412 2582; x_wconf 87' lang='lat' dir='ltr'><strong>norunt.</strong></span> 
     </span>
    </p>
   </div>
   <div class='ocr_carea' id='block_1_7' title="bbox 69 2605 1524 2702">
    <p class='ocr_par' dir='ltr' id='par_1_15' title="bbox 69 2605 1524 2702">
     <span class='ocr_line' id='line_1_42' title="bbox 69 2605 1524 2702; baseline -0.001 -56"><span class='ocrx_word' id='word_1_378' title='bbox 69 2659 101 2699; x_wconf 71' lang='lat' dir='ltr'><em>I</em></span> <span class='ocrx_word' id='word_1_379' title='bbox 142 2666 170 2697; x_wconf 47' lang='lat' dir='ltr'><strong>t.</strong></span> <span class='ocrx_word' id='word_1_380' title='bbox 182 2605 277 2702; x_wconf 68' lang='grc'>31885</span> <span class='ocrx_word' id='word_1_381' title='bbox 322 2607 587 2658; x_wconf 82' lang='lat' dir='ltr'><em>famulantur</em></span> <span class='ocrx_word' id='word_1_382' title='bbox 612 2610 657 2647; x_wconf 81' lang='lat' dir='ltr'><strong>in</strong></span> <span class='ocrx_word' id='word_1_383' title='bbox 681 2608 789 2647; x_wconf 72' lang='lat' dir='ltr'><em>aulis</em></span> <span class='ocrx_word' id='word_1_384' title='bbox 821 2609 1015 2662; x_wconf 84' lang='lat' dir='ltr'><strong>Corippus</strong></span> <span class='ocrx_word' id='word_1_385' title='bbox 1043 2611 1129 2662; x_wconf 88' lang='lat' dir='ltr'><strong>ipse</strong></span> <span class='ocrx_word' id='word_1_386' title='bbox 1154 2609 1293 2662; x_wconf 72' lang='lat' dir='ltr'><strong>praef.</strong></span> <span class='ocrx_word' id='word_1_387' title='bbox 1328 2609 1378 2647; x_wconf 83' lang='lat' dir='ltr'><em>de</em></span> <span class='ocrx_word' id='word_1_388' title='bbox 1411 2607 1524 2645; x_wconf 84' lang='lat' dir='ltr'><strong>laud.</strong></span> 
     </span>
     <span class='ocr_line' id='line_1_43' title="bbox 94 2674 141 2698; baseline -0.021 0"><span class='ocrx_word' id='word_1_389' title='bbox 94 2674 141 2698; x_wconf 80' lang='lat' dir='ltr'><strong>us</strong></span> 
     </span>
    </p>
   </div>
   <div class='ocr_carea' id='block_1_8' title="bbox 179 2715 1415 2825">
    <p class='ocr_par' dir='ltr' id='par_1_16' title="bbox 179 2715 1415 2825">
     <span class='ocr_line' id='line_1_44' title="bbox 183 2715 1415 2763; baseline 0.001 -5"><span class='ocrx_word' id='word_1_390' title='bbox 183 2715 278 2758; x_wconf 85' lang='lat'><strong>400.</strong></span> <span class='ocrx_word' id='word_1_391' title='bbox 335 2718 385 2757; x_wconf 85' lang='lat' dir='ltr'><em>de</em></span> <span class='ocrx_word' id='word_1_392' title='bbox 403 2719 479 2760; x_wconf 87' lang='lat' dir='ltr'><strong>hoc</strong></span> <span class='ocrx_word' id='word_1_393' title='bbox 494 2729 690 2761; x_wconf 80' lang='lat' dir='ltr'><strong>tormento</strong></span> <span class='ocrx_word' id='word_1_394' title='bbox 708 2722 852 2760; x_wconf 89' lang='lat' dir='ltr'><strong>bellico</strong></span> <span class='ocrx_word' id='word_1_395' title='bbox 875 2721 967 2760; x_wconf 82' lang='lat' dir='ltr'><strong>vide</strong></span> <span class='ocrx_word' id='word_1_396' title='bbox 991 2721 1179 2762; x_wconf 80' lang='lat' dir='ltr'><strong>adnotata</strong></span> <span class='ocrx_word' id='word_1_397' title='bbox 1201 2720 1254 2760; x_wconf 82' lang='lat' dir='ltr'><strong>ad</strong></span> <span class='ocrx_word' id='word_1_398' title='bbox 1270 2724 1298 2763; x_wconf 85' lang='lat'><strong>2</strong></span> <span class='ocrx_word' id='word_1_399' title='bbox 1322 2723 1415 2762; x_wconf 90' lang='grc'>100.</span> 
     </span>
     <span class='ocr_line' id='line_1_45' title="bbox 179 2773 1042 2825; baseline 0.002 -9"><span class='ocrx_word' id='word_1_400' title='bbox 179 2773 278 2816; x_wconf 81' lang='lat'><strong>403.</strong></span> <span class='ocrx_word' id='word_1_401' title='bbox 334 2788 396 2816; x_wconf 88' lang='lat' dir='ltr'><strong>ms</strong></span> <span class='ocrx_word' id='word_1_402' title='bbox 416 2785 454 2814; x_wconf 81' lang='lat' dir='ltr'><em>et</em></span> <span class='ocrx_word' id='word_1_403' title='bbox 471 2777 591 2825; x_wconf 83' lang='lat' dir='ltr'><strong>bone,</strong></span> <span class='ocrx_word' id='word_1_404' title='bbox 623 2779 696 2818; x_wconf 87' lang='lat' dir='ltr'><strong>sed</strong></span> <span class='ocrx_word' id='word_1_405' title='bbox 714 2793 795 2817; x_wconf 88' lang='lat' dir='ltr'><strong>non</strong></span> <span class='ocrx_word' id='word_1_406' title='bbox 812 2781 907 2818; x_wconf 81' lang='lat' dir='ltr'><strong>satis</strong></span> <span class='ocrx_word' id='word_1_407' title='bbox 925 2781 1042 2821; x_wconf 82' lang='lat' dir='ltr'><strong>clare.</strong></span> 
     </span>
    </p>
   </div>
  </div>
 </body>
</html>
