1702 3060
259 99 354 146 196
563 100 565 102 ’
653 100 870 143 CORJPPI
901 101 976 142 DE
1009 100 1278 143 LAUDIBUS

365 208 462 245 scire
479 209 576 244 locis
592 205 760 244 humiles
778 207 919 258 quibus
943 213 981 243 et
1003 206 1143 258 quibus
1162 219 1228 244 ora
1246 207 1403 258 superbi

258 273 338 316 315
367 272 600 323 expediant3
629 279 878 324 nostramque
895 279 1028 322 petant
1043 271 1148 323 quod
1167 274 1319 322 mitiget
1341 275 1452 323 iram,

367 339 678 389 prospiciantque
698 350 812 386 suae,
841 345 1044 388 poscentes
1063 337 1244 386 foedera,
1274 340 1392 377 vitae.

367 402 474 454 quod
489 410 556 440 tua
573 406 742 441 ventosis
761 406 891 442 inflata
912 405 1091 454 superbia
1111 405 1238 441 verbis

369 469 536 517 iactitat,
567 470 731 519 ignavae
745 473 886 508 mentis
904 469 1092 507 deformia
1109 469 1245 507 nudat.

369 533 464 586 quid
485 536 670 586 profugos
686 537 844 585 laudas,
873 537 1057 587 famaque
1077 537 1220 575 attollis
1241 537 1350 573 inani

257 602 338 642 320
366 608 561 638 extorrem
578 605 767 654 populum
777 603 796 640 ’ἔ
827 616 924 654 quae
943 604 1057 640 fortia
1075 615 1194 652 regna
1218 603 1384 653 subegit,

368 667 505 705 esserra
527 680 623 716 gens.
638 671 811 706 Avarum
829 671 1003 720 proprias
1027 667 1234 705 defendere
1250 677 1372 708 terras

367 746 446 770 non
463 734 608 784 potuit,
637 733 827 784 sedesque
843 747 932 771 suas
950 735 1115 783 fugitiva
1134 736 1304 786 reliquit.

365 807 409 837 tu
428 801 536 837 velut
556 801 714 850 ignarus
732 801 842 837 falsis
860 802 1077 838 rumoribus
1097 801 1216 838 audes
1232 838 1236 840 e

367 879 467 903 vana
483 867 614 916 loqui,
643 868 824 917 turpique
846 866 935 903 dolo
951 879 1052 904 nova
1072 869 1222 904 somnia
1243 866 1372 916 fingis.

259 931 340 973 325
370 932 476 983 quod
495 932 565 968 tibi
586 946 690 968 nimo
710 935 839 971 visum
858 941 915 970 est
933 940 1060 970 vestro
1081 932 1283 983 adsignare
1305 934 1441 983 labori,

369 999 560 1035 militibus
577 1001 718 1036 nostris
737 998 830 1035 ludo
848 1000 948 1036 solet
968 1013 1050 1036 esse
1073 998 1233 1037 diurno:

369 1062 445 1100 hoc
468 1063 639 1100 studium
664 1064 829 1103 dominis
841 1095 850 1112 ,
881 1079 927 1103 ea
946 1073 1034 1103 sunt
1050 1079 1119 1103 sua
1137 1067 1235 1105 seria
1253 1067 1389 1106 servis.

369 1138 547 1167 sanctum
566 1129 640 1168 hoc
661 1133 869 1181 imperium
886 1139 965 1169 toto
989 1134 1044 1169 sic
1067 1133 1196 1169 floruit
1213 1134 1317 1180 orbe,

369 1196 475 1233 bella
493 1210 630 1246 gerens
648 1210 861 1249 pacemque
879 1205 1006 1236 tuens.
1052 1212 1123 1235 nos
1139 1212 1247 1236 more
1266 1208 1471 1248 parentum

261 1262 341 1302 330
366 1276 506 1313 pacem
527 1263 748 1313 diligimus,
776 1277 978 1316 nunquam
994 1265 1076 1301 fera
1093 1265 1197 1301 bella
1213 1266 1409 1304 timemus.

370 1342 452 1379 pax
473 1337 531 1367 est
549 1331 733 1368 subiectis
745 1359 755 1378 ,
784 1338 946 1381 pereunt
961 1345 1030 1381 per
1048 1331 1152 1367 bella
1173 1332 1353 1381 superbi3

369 1397 564 1445 parcimus
586 1399 783 1445 innocuis,
813 1399 914 1435 sonti
932 1411 1011 1433 non
1032 1399 1227 1447 parcimus
1249 1399 1334 1435 ulli.

370 1474 433 1499 res
453 1465 627 1500 Romana
650 1463 713 1500 dei
736 1471 813 1510 est,
841 1466 1004 1502 terrenis
1024 1477 1102 1500 non
1123 1472 1210 1514 eget
1231 1466 1362 1503 armis.

370 1528 454 1567 iure
471 1532 536 1580 pio
554 1533 671 1568 vivit:
700 1531 850 1567 bellum
869 1543 948 1566 11011
965 1531 1107 1578 ingerit
1123 1532 1238 1577 ultro,

261 1591 343 1634 335
370 1598 530 1647 suscipit
548 1598 715 1635 illatum,
771 1597 835 1634 vel
856 1597 889 1633 si
907 1597 1049 1632 servire
1068 1596 1267 1646 negabunt

371 1661 544 1711 ingratae
565 1670 700 1713 gentes
716 1692 726 1710 ,
756 1665 926 1715 primum
940 1669 1071 1700 tamen
1089 1662 1271 1701 admonet
1287 1660 1422 1702 hostes

326 1748 329 1751 ·
369 1741 476 1765 more
495 1729 738 1779 gubernandi
755 1741 765 1766 ε
795 1731 965 1766 monitus
986 1730 1052 1780 qui
1071 1730 1230 1779 suscipit
1249 1730 1356 1776 istos,

372 1795 468 1831 vivit
488 1802 526 1832 et
546 1809 567 1832 a
588 1797 700 1834 nobis
721 1797 879 1834 meritos
899 1802 1098 1845 exspectat
1116 1794 1295 1833 honores.

370 1862 546 1912 quisquis
564 1869 668 1898 amat
686 1874 842 1911 pacem,
873 1868 978 1899 tutus
995 1862 1065 1897 sub
1084 1874 1179 1911 pace
1195 1862 1391 1908 1na11ebit3

261 1923 342 1966 340
370 1933 408 1963 et
431 1929 499 1978 qui
519 1928 623 1965 bella
642 1929 797 1975 volunt,
827 1927 1019 1964 bellorum
1040 1927 1149 1963 clade
1171 1929 1364 1977 peribunt.

373 2006 469 2043 gens
486 2006 738 2046 quaecunque
758 2006 850 2030 ausa
872 2001 930 2030 est
946 1995 1121 2030 Romana
1141 1995 1328 2032 lacessere
1349 1994 1474 2043 signa,

370 2058 520 2097 horruit
538 2062 726 2099 extinctas
745 2061 902 2110 inopino
924 2061 1088 2097 fulmine
1110 2066 1270 2106 turmas,

370 2127 594 2164 innumeros
611 2126 794 2164 cecidisse
813 2140 903 2164 suos
916 2156 926 2175 ,
955 2140 1142 2178 regesque
1161 2126 1347 2175 superbos

371 2193 469 2230 vidit
488 2194 558 2230 sub
579 2195 720 2230 nostris
741 2192 911 2231 humiles
930 2194 1149 2243 fractosque
1167 2191 1391 2243 triumphis.

263 2259 343 2302 345
370 2272 462 2310 ergo
481 2262 592 2310 signa
611 2261 709 2297 meis
730 2258 889 2309 Chagan
911 2262 1097 2296 contraria
1115 2261 1237 2309 siguis

370 2326 471 2362 ferre
493 2332 621 2379 parat,
649 2326 843 2377 lituosque
862 2325 962 2365 mihi
982 2339 1214 2376 camposque
1237 2326 1408 2362 minatur

372 2405 468 2442 gens
487 2394 679 2439 Avarum,
708 2394 750 2428 ni
767 2399 879 2442 pacta
898 2392 1034 2430 damus
1045 2392 1064 2430 ’ἒ
1093 2399 1236 2430 terrore
1256 2391 1400 2442 putatis

373 2459 415 2497 id
431 2465 608 2496 nostrum
626 2459 763 2495 secisse
785 2465 937 2508 patrem
950 2489 960 2507 ‚
989 2461 1193 2496 miseratus
1214 2458 1345 2507 egenis

376 2532 414 2562 et
433 2525 607 2575 profugis
627 2523 733 2575 quod
753 2523 852 2562 dona
873 2525 980 2561 dedit
989 2525 1007 2562 ’ἒ
1042 2527 1185 2575 pietate
1203 2521 1364 2573 regendi

265 2593 345 2635 350
372 2591 448 2629 hoc
466 2591 649 2638 facimus,
678 2592 874 2641 gratisque
894 2590 976 2627 dari
994 2593 1146 2641 provisa
1165 2591 1358 2627 iubemus.

375 2665 503 2696 nostra
520 2670 659 2696 manus
675 2658 784 2709 larga
802 2664 882 2707 est,
911 2670 989 2695 non
1007 2656 1190 2708 prodiga:
1222 2656 1382 2708 perdere
1402 2658 1536 2705 nescit,
