1702 3060
308 119 405 164 298
571 121 755 163 NOTAE
787 122 846 163 IN
877 122 1131 166 PRAEFAT.
1166 125 1456 169 LIBRORUM

306 223 438 263 codice
466 226 755 276 Gypidumque,
781 229 906 276 male,
935 235 979 266 ut
1000 235 1116 279 puto,
1146 237 1278 268 contra
1305 233 1583 284 etymologiam
1605 246 1693 284 quan

306 279 411 327 dixi,
443 287 480 316 et
507 287 706 330 receptum
732 295 847 319 usum
877 286 1129 335 scriptorum,
1157 285 1340 338 idemque
1368 287 1556 325 mendum
1580 289 1695 325 tollen

308 334 403 371 dum
418 335 519 371 iufra
538 348 589 371 ex
610 338 631 375 1
661 335 756 376 254.
783 339 966 376 Dmvu-s'r.
1023 340 1193 390 Gepidas
1222 348 1260 378 et
1286 342 1562 393 Langobardos
1589 349 1695 380 mutu

306 390 458 425 feritate
496 389 679 428 cecidisse
707 393 854 430 factum
881 401 939 431 est
967 407 1056 431 oum
1087 396 1334 434 Lantrobardi
1367 397 1528 448 Gepidis
1556 399 1694 447 impan

303 446 500 482 Romanos
531 447 678 496 auxilio
706 456 972 499 sumpsenmt,
1004 463 1121 501 quam
1148 426 1352 489 historiam
1368 451 1488 490 habes
1507 452 1613 503 apud
1628 454 1693 490 Prt

303 501 462 549 copium
481 499 529 537 de
549 502 652 538 bello
672 502 787 540 Goth.
808 507 846 544 3.
876 507 1037 542 BAnTn.
1095 508 1246 556 egregie
1265 507 1413 544 fallitur
1430 509 1589 545 Ruizius
1611 507 1694 545 ads<

305 567 395 591 rens
421 553 526 592 hunc
553 558 683 594 locum
708 557 816 595 haud
844 562 1034 610 respicere
1057 568 1233 598 mutuam
1259 564 1360 599 iuter
1388 561 1662 612 Langobardos
1687 579 1692 597 ι

304 609 476 659 Gepidas
495 619 665 661 stragem
682 615 751 650 sub
777 616 989 652 Iustiniano
1009 617 1062 652 M.
1084 618 1247 664 factam,
1280 617 1351 654 sed
1370 620 1470 669 quae
1490 630 1591 654 anno
1613 625 1692 654 sext

303 665 461 714 imperii
489 667 627 704 Iustini
650 671 825 719 contigit.
881 671 1069 721 Corippus
1104 671 1152 708 de
1181 674 1394 710 Iustiniano
1420 673 1626 710 manifesto
1659 671 1687 708 h

303 719 495 770 loquitur,
523 734 597 758 neo
627 721 802 760 dubitare
831 726 922 762 lioet
946 725 1051 776 quod
1070 725 1168 762 haec
1187 729 1381 777 scripserit
1401 728 1523 764 multo
1543 734 1631 764 ante
1651 739 1690 765 ar

303 787 400 810 num
417 782 574 813 sextum
592 778 747 827 imperii
766 781 916 816 Iustini.
972 779 1060 816 vide
1076 782 1376 819 Praefationem.
1431 784 1560 820 Foco.

416 830 480 870 15.
536 832 702 883 domini]
733 847 874 885 nempe
892 836 1096 872 Iustiniani
1110 838 1185 883 M.‚
1215 839 1283 886 qui
1299 838 1423 875 factus
1442 850 1566 875 senex
1583 837 1689 873 barba

302 897 363 922 ras
383 892 517 935 gentes
533 889 688 938 imperii
707 891 873 926 Romani
888 891 1064 926 inimicas
1085 897 1128 926 ut
1151 890 1386 939 destrueret,
1413 894 1515 928 inter
1533 905 1574 929 se
1595 893 1689 942 poth

302 942 544 979 committere
574 941 722 981 studuit
755 957 874 995 quam
904 946 983 982 suis
1017 947 1138 995 copiis
1165 958 1402 996 oppugnare.
1459 947 1614 983 consule
1637 948 1688 982 M.

301 995 497 1032 nandrum
515 999 556 1034 in
573 999 777 1050 Excerptis
800 1007 838 1036 et
854 998 1065 1049 Agathiam
1081 1000 1121 1040 5.
1165 999 1257 1037 hinc
1277 1008 1407 1038 autem
1426 1002 1612 1051 Corippus
1631 1001 1686 1038 sul

302 1050 359 1087 dit
379 1052 502 1087 milite
518 1059 613 1089 tuto.
665 1053 853 1104 Agathias
872 1061 982 1092 notat
1001 1056 1155 1104 imperii
1173 1057 1340 1092 Romani
1355 1057 1496 1107 copias,
1515 1069 1614 1107 quae
1630 1057 1687 1092 oli.

301 1105 382 1147 645
409 1107 582 1143 militum
611 1109 771 1146 milibus
805 1110 1052 1158 constabant,
1083 1109 1257 1149 redactas
1286 1112 1406 1149 fuisse
1430 1118 1522 1150 tunc
1540 1118 1689 1161 tempor

298 1162 369 1197 vix
387 1161 438 1197 ad
460 1163 538 1203 150
556 1163 679 1200 milia.
735 1165 864 1202 Foco.

410 1215 463 1252 ib.
511 1215 697 1266 fortuna.
757 1221 811 1256 ita
840 1218 1031 1257 creditum
1061 1220 1167 1257 olim.
1223 1220 1466 1259 Nabarzanes
1494 1220 1600 1271 apud
1627 1221 1691 1258 Cu

298 1271 399 1306 tium
419 1273 469 1311 5:
499 1273 608 1308 novi-s·
637 1273 760 1310 initiis
789 1282 825 1310 et
848 1274 1043 1311 ominibus
1062 1289 1159 1323 opus
1177 1283 1247 1322 εει,-
1274 1278 1453 1326 auspicia
1469 1283 1505 1312 ei
1520 1277 1683 1326 imperia

297 1325 373 1361 alii
393 1326 515 1364 trade.
575 1329 774 1365 Ammiau.
800 1333 873 1370 16:
904 1330 1095 1379 quicquid
1112 1343 1188 1379 per
1216 1343 1365 1367 omnem
1397 1338 1519 1367 terrae
1535 1331 1683 1369 ambitu

296 1381 506 1430 agebatur,
531 1382 725 1433 felicibus
750 1385 937 1435 auspiciis
968 1386 1049 1421 eius
1075 1386 1333 1435 assignantes.
1393 1387 1610 1436 auspicium
1633 1398 1686 1434 erg

298 1437 411 1484 aliis,
442 1435 534 1473 huic
565 1439 720 1476 fortuna
752 1446 823 1476 est.
879 1441 983 1476 Flor.
1008 1439 1034 1479 4
1064 1441 1110 1478 6:
1139 1439 1270 1477 stabat
1283 1454 1356 1490 pro
1371 1440 1556 1490 partibus
1579 1442 1702 1477 invic-

286 1492 460 1541 Jbrluna
481 1499 518 1528 et
538 1493 674 1531 ultoris
693 1501 728 1530 et
745 1496 814 1545 qui
829 1488 1115 1532 vindic-abatur.
1174 1497 1394 1532 Mamertin.
1417 1497 1564 1545 Paneg.
1592 1498 1684 1532 Max

296 1548 440 1583 miani:
470 1555 620 1585 vestrae
636 1549 846 1600 fortunae,
874 1557 1022 1587 vestrae
1033 1550 1244 1600 felicitatis
1267 1558 1338 1595 est,
1370 1552 1592 1600 imperator,
1621 1565 1683 1601 qzu

298 1604 380 1638 iam
397 1602 537 1639 milite-s·
557 1606 677 1640 vestri
689 1606 746 1642 ad
770 1606 969 1642 Oceanum
977 1619 1186 1655 pervenere
1203 1607 1379 1643 victoria.
1440 1605 1525 1642 dux.
1542 1606 1635 1642 licet
1653 1605 1684 1641 al

297 1670 388 1694 sens
411 1658 562 1695 bellum
588 1659 751 1700 conficit.
809 1661 969 1698 Sueton.
991 1663 1093 1710 Aug.
1120 1673 1153 1697 c.
1173 1662 1248 1709 21,
1280 1663 1413 1698 Horat.
1431 1659 1458 1700 4
1488 1659 1553 1700 14·
1611 1662 1682 1698 Ovi

296 1712 346 1748 de
358 1714 451 1749 Arte
468 1717 486 1753 1
501 1725 512 1751 :
541 1717 729 1765 auspiciis
746 1717 965 1766 animi-sque
974 1717 1106 1766 palris
1117 1729 1220 1765 puer
1238 1730 1352 1752 arma
1371 1715 1555 1760 movebis,
1584 1723 1619 1752 et
1635 1717 1683 1752 νὴ

296 1780 359 1803 ves
378 1770 523 1806 animis
541 1772 804 1821 auspiciisque
818 1773 959 1821 patris.
1011 1771 1247 1808 Claudianus
1267 1784 1398 1821 saepe.
1445 1770 1494 1807 de
1510 1771 1616 1807 bello
1636 1771 1681 1807 Gi

295 1822 413 1859 dom:
442 1823 553 1861 illins
581 1827 768 1875 auspic-iis
796 1828 984 1863 immensa
996 1839 1074 1876 per
1092 1840 1262 1877 aequora
1282 1827 1408 1871 miles,
1438 1839 1515 1862 non
1531 1825 1681 1876 plaustr

295 1878 468 1914 Arctove
491 1893 616 1931 regor.
678 1880 726 1918 de
753 1883 778 1920 3
804 1883 905 1917 Hon.
932 1882 1100 1918 cousul.:
1131 1883 1344 1931 pugnastis
1370 1888 1530 1930 uterque
1558 1888 1602 1917 tu
1615 1881 1680 1930 sce.

292 1936 520 1983 genitorque
543 1949 679 1973 manzo.
740 1934 788 1972 de
821 1935 846 1975 4
876 1938 978 1972 Hon.
1008 1937 1178 1973 consuL:
1217 1936 1331 1973 civile
1356 1935 1535 1972 secundis
1565 1936 1678 1983 consi(

294 1990 481 2038 auspiciis
507 1989 666 2028 bellam.
727 1990 862 2028 Sidon.
887 1991 1061 2041 Apollin.
1091 2004 1210 2027 carm.
1241 1991 1291 2031 5:
1333 1997 1522 2026 certatum
1554 1997 1610 2026 est
1639 1992 1678 2026 ιἰι
1700 2008 1702 2010 ·

294 2046 491 2094 nusgistti,
525 2045 706 2097 Augusti
721 2046 829 2096 fato.
862 2048 1046 2083 Dnmsw.
1101 2053 1287 2096 perpetua
1319 2044 1526 2082 Claudiani
1556 2046 1702 2082 imitar·

294 2102 337 2136 iu
357 2098 432 2137 hoo
447 2104 564 2151 poeta
581 2108 652 2139 est.
708 2108 751 2137 ut
767 2115 864 2138 mox
882 2101 1063 2139 adscribit
1069 2102 1262 2151 fortunae
1281 2101 1425 2138 Iustini
1438 2113 1523 2137 rem
1537 2113 1676 2151 prospe
1700 2116 1702 2121 ·

291 2156 340 2191 ab
370 2169 416 2193 eo
447 2163 618 2206 gestam,
650 2156 886 2194 Claudianus
908 2160 932 2197 3
955 2170 1060 2194 cons.
1078 2159 1245 2193 Honor.:
1269 2157 1481 2206 pugnastis
1499 2163 1658 2205 uterque

281 2211 388 2261 sati-s
411 2213 640 2263 genitorque
666 2226 800 2250 manu.
861 2219 897 2248 te
907 2220 1068 2262 propter
1085 2219 1121 2248 et
1138 2211 1267 2262 Alpes
1283 2211 1423 2248 invadi
1429 2211 1591 2262 facile-5.
1651 2224 1678 2247 u
1699 2223 1702 2244 ὲ

290 2264 381 2303 vide
406 2279 428 2302 a
449 2268 562 2305 nobis
580 2274 726 2305 notata.
782 2270 946 2305 BARTH.
1589 2296 1591 2298 —

402 2322 468 2362 16.
526 2330 609 2359 tum
627 2335 698 2374 pro
717 2337 805 2360 eum
823 2322 1070 2360 scribendum
1085 2329 1192 2374 puto.
1221 2323 1383 2358 BAuTn.
1440 2319 1591 2357 restitui
1607 2325 1676 2356 itm
1699 2326 1702 2350 ’ἶ

290 2373 397 2428 quod
418 2377 616 2427 eleganter
635 2378 860 2416 adversatur
877 2382 932 2434 τῷ
950 2393 1055 2416 nunc
1075 2378 1271 2429 sequentis
1287 2387 1434 2412 versus.
1492 2376 1621 2412 Fooo.

402 2433 466 2471 18.
522 2434 691 2483 victique
707 2434 972 2483 famulantur
997 2436 1051 2471 ita
1075 2433 1224 2483 expleri
1250 2437 1377 2480 potest
1403 2430 1564 2467 lacuna:
1602 2429 1702 2466 vice*

288 2499 363 2538 qne
393 2499 508 2523 θαι-ιη
527 2487 789 2538 famulantur
818 2490 983 2540 Corippo
1011 2491 1095 2539 ipso
1125 2493 1299 2533 auctore,
1342 2486 1410 2536 qui
1442 2487 1463 2524 1
1492 2487 1545 2525 27
1574 2494 1702 2521 secret

289 2555 425 2579 sacrae
450 2542 568 2579 aulae
593 2549 631 2579 et
658 2542 711 2583 48
737 2543 937 2581 dominum
954 2556 1088 2580 sacrae
1106 2542 1224 2578 aulae
1243 2540 1356 2577 dixit.
1413 2546 1456 2577 ut
1475 2546 1514 2576 et
1533 2538 1609 2580 134
1631 2545 1670 2575 et
1697 2551 1702 2568 ³

293 2599 347 2637 10
361 2625 371 2644 ‚
402 2603 439 2634 et
466 2597 574 2634 alibi.
631 2605 674 2634 ut
691 2597 814 2635 videri
837 2601 959 2648 possit
978 2598 1053 2635 hoc
1074 2596 1235 2647 epitheti
1252 2595 1466 2633 affectasse.
1522 2601 1562 2630 et
1590 2599 1675 2630 rect·
1699 2609 1702 2627 τ

293 2662 388 2690 nam
417 2660 456 2690 et
478 2666 634 2690 sacrum
662 2654 867 2703 imperium
896 2661 934 2691 et
959 2666 1073 2690 sacra
1099 2653 1282 2688 nuziestas
1308 2649 1414 2701 apud
1438 2650 1488 2687 lc
1513 2661 1648 2698 saepe,
1696 2657 1702 2684 1

294 2721 428 2746 sacrae
454 2721 543 2759 opes
567 2722 637 2760 pro
663 2710 911 2760 imperatorio
937 2708 1029 2747 fisco
1050 2709 1138 2759 lego
1158 2706 1263 2758 apud
1281 2704 1539 2744 Claudianum
1555 2702 1604 2740 de
1623 2715 1674 2740 co]
1694 2718 1702 2738 ι
