1702 3060
457 93 807 142 IOHANNIDOS
840 93 946 138 Lm.
978 93 1038 136 V.

135 224 185 250 an
205 210 350 249 melius
367 209 484 248 bellis
504 209 704 261 armisque
725 207 920 245 lacessere
940 203 1029 244 duri

134 280 274 317 militis
295 291 404 316 arma
427 275 587 329 placet?
616 283 730 327 turpe
754 282 794 312 et
814 274 1041 312 miserabile
1061 272 1211 309 crilnen

136 347 355 385 confractos
371 358 544 384 cessasse
563 344 703 382 semel.
759 355 841 380 non
861 356 979 380 omne
1000 340 1166 378 deorum

25 415 106 458 115
134 416 334 454 sublatum
354 414 550 452 auxilium
570 412 720 463 campis
741 409 922 448 discessit
941 411 982 448 in
1002 410 1098 447 illis.

131 496 212 520 non
232 484 286 520 ita
307 482 393 520 vult
409 482 603 528 Ammon3
633 492 713 516 non
726 508 736 527 ,
765 479 954 530 inquam,
982 478 1146 514 munina
1168 474 1303 512 Gurzil

134 553 191 589 sic
210 552 357 589 violata
383 547 531 586 dolent.
588 560 670 585 non
694 547 751 585 sic
775 548 931 584 fortuna
951 547 1138 593 minatur,

132 631 234 671 quae
252 617 378 654 voluit
395 628 550 654 servare
565 615 684 654 viros.
739 615 925 667 pecuaria
942 621 1098 651 tantum

131 684 399 738 perdidimus:
428 696 523 721 nam
542 684 662 721 robur
681 681 806 721 adest.
866 681 1074 720 discernite
1097 680 1233 733 quanti

25 756 104 798 120
133 754 349 792 occubuere
367 753 457 790 viri.
515 752 639 789 veluti
663 750 783 789 cadus
806 749 962 788 hauriat
981 750 1108 788 undas

132 822 315 874 aequoris
334 821 502 860 Oceani:
531 817 729 872 numquid
753 819 977 857 decrescere
995 818 1133 869 possit,

130 896 198 926 aut
225 887 414 926 damnum
436 889 582 926 sentire
603 886 777 926 Thetis?
835 894 893 924 tot
913 894 952 923 et
972 887 1066 937 igne
1087 898 1243 922 recusso

131 964 235 995 astra
257 955 426 994 cadunt:
456 957 578 1006 signis
598 956 764 1007 plenum
780 962 914 992 tamen
936 955 1067 991 omnia
1092 954 1245 990 caelum

129 1024 257 1062 sidera
280 1037 438 1076 semper
459 1023 591 1060 habet.
651 1025 708 1061 sic
726 1030 902 1060 nostram
923 1023 1046 1059 laesio
1067 1029 1227 1072 gentem

20 1093 102 1136 125
131 1094 315 1143 contigit:
344 1091 441 1130 haut
463 1099 597 1129 tamen
622 1093 783 1129 omnino
804 1092 1018 1128 fortissima
1042 1092 1179 1128 sensit.

129 1161 342 1209 consulite,
368 1166 407 1198 et
429 1160 546 1198 rebus
567 1160 714 1197 celeres
738 1160 952 1197 succurrite
973 1153 1162 1196 vestris?

182 1229 329 1266 Bruten
348 1234 392 1265 ut
411 1229 575 1265 emissas
591 1229 787 1279 persensit
805 1227 853 1264 ab
875 1241 942 1265 ore
964 1228 1159 1280 querelas,

125 1303 260 1334 mente
280 1297 397 1333 ferox
418 1297 548 1348 rapuit
567 1297 734 1333 bellum.
787 1291 927 1347 “pater
948 1297 1096 1346 optime
1109 1291 1148 1343 ‚’'
1176 1295 1291 1345 (lixit,

121 1359 399 1415 “ingeminans
419 1362 569 1399 bellum
588 1371 743 1401 nostros
765 1377 946 1414 reparare
963 1364 1119 1402 labores

21 1434 100 1475 180
125 1445 272 1469 uxores
291 1438 483 1483 natosque
502 1437 628 1481 potes.
689 1444 779 1467 cum
798 1431 938 1468 funere
959 1432 1083 1468 vitam

127 1507 167 1537 et
186 1500 301 1536 bellis
318 1499 430 1535 finire
447 1499 591 1550 placet.
650 1511 752 1550 quae
772 1498 880 1535 fama
898 1513 970 1550 per
989 1512 1126 1537 omnes

128 1569 256 1618 gentis
276 1567 349 1602 erit
367 1567 556 1617 populos,
584 1567 618 1603 si
637 1572 795 1603 nostrae
815 1566 1110 1605 iniuria-caedis

126 1634 333 1672 indefensa
351 1647 517 1672 manens
538 1634 664 1671 latum
683 1635 874 1672 referatur
892 1637 934 1672 in
955 1633 1120 1673 orbem?

128 1703 330 1754 absorptus
348 1703 492 1740 melius
509 1703 636 1740 subito
654 1703 808 1740 telluris
828 1702 939 1741 hiatu

17 1769 96 1815 135
122 1783 229 1808 mors
248 1771 375 1822 rapiat
392 1777 549 1821 gentes:
581 1770 799 1808 extendant
819 1773 984 1809 Tartara
1004 1771 1141 1808 fauces

126 1845 166 1876 et
187 1839 325 1888 nigrae
346 1839 498 1890 pallore
520 1837 674 1877 domus.
732 1840 968 1891 Proserpina
992 1851 1161 1889 regnum

124 1908 247 1959 patris
267 1907 382 1958 inops
404 1913 538 1944 teneat
558 1909 662 1959 nigri
682 1921 754 1960 per
770 1908 877 1945 bella
896 1908 1044 1944 mariti.

124 1981 217 2013 sunt
236 1973 360 2023 acies,
390 1982 482 2012 sunt
501 1988 610 2013 arma
629 1977 724 2014 tibi:
760 1989 876 2027 surge
888 2006 898 2024 ‚
928 1977 1056 2027 arripe
1076 1975 1244 2013 bellum.

123 2047 163 2079 te
184 2041 283 2079 duce
303 2043 506 2080 confossus
524 2057 671 2094 ponam
692 2046 775 2082 sine
797 2045 960 2081 crimine
979 2045 1117 2081 vitam.

13 2107 94 2152 140
122 2108 222 2147 haec
239 2117 298 2148 est
318 2117 422 2147 certa
441 2111 563 2148 salus.
621 2119 665 2149 tu
680 2119 836 2150 nostrae
856 2113 980 2163 gloria
1003 2113 1147 2162 gentis,

124 2184 168 2215 tu
189 2178 344 2215 virtutis
364 2176 509 2227 honor,
538 2185 584 2216 ‘tu
606 2193 695 2231 spes
718 2180 910 2217 fidissima
930 2175 1128 2216 Mauris.”

179 2247 261 2284 Vix
283 2258 330 2282 ea
351 2247 500 2282 Bruten
522 2247 599 2284 ait:
630 2250 760 2285 cuncti
781 2249 952 2285 clamore
972 2254 1158 2285 secuntur

123 2313 396 2366 Carcasanque
415 2314 610 2363 fremunt,
641 2316 834 2353 Carcasan
854 2316 1037 2353 omnibus
1055 2329 1181 2353 unum

124 2381 307 2432 gentibus
329 2395 416 2418 esse
436 2380 578 2418 ducem
597 2383 745 2434 linguis
765 2385 987 2436 animisque
1007 2384 1196 2422 fatentur.

17 2444 96 2489 145
179 2449 252 2486 Ille
267 2456 312 2486 ut
332 2457 566 2502 conceptum
584 2452 743 2502 populis
763 2452 922 2489 auxisse
944 2452 1120 2490 furorem

99 2559 101 2562 Α
122 2513 245 2566 vidit,
275 2524 314 2556 et
333 2519 463 2556 insani
486 2520 638 2556 rabiem
662 2532 906 2557 succrescere
926 2522 1077 2571 Martis,

14 2636 83 2672 114
105 2634 261 2673 decorum
286 2639 319 2673 Τ
454 2642 522 2676 116
545 2652 687 2677 amonon
711 2653 786 2676 nam
811 2641 868 2687 qui
893 2643 940 2687 T,
977 2644 1139 2688 Ammon3
1173 2655 1241 2679 non
1265 2653 1410 2688 unquam
1437 2642 1478 2677 M

10 2683 80 2718 *117
102 2683 195 2717 dolet
213 2685 246 2717 '1'
387 2685 453 2722 122
474 2687 554 2722 tetis
573 2689 606 2722 '1'
745 2689 833 2725 ibid.
855 2688 999 2726 decusso
1018 2692 1051 2725 Τ
1196 2692 1260 2727 127
1285 2690 1329 2724 ab
1343 2691 1424 2724 add.
1441 2690 1473 2724 Ia

13 2727 78 2763 139
101 2729 275 2763 confessns
293 2730 335 2766 Τ.

1380 86 1478 133 109
