<?xml version="1.0" encoding="UTF-8"?>
<!DOCTYPE html PUBLIC "-//W3C//DTD XHTML 1.0 Transitional//EN"
    "http://www.w3.org/TR/xhtml1/DTD/xhtml1-transitional.dtd">
<html xmlns="http://www.w3.org/1999/xhtml" xml:lang="en" lang="en">
 <head>
  <title>
</title>
<meta http-equiv="Content-Type" content="text/html;charset=utf-8" />
  <meta name='ocr-system' content='tesseract 3.04.00' />
  <meta name='ocr-capabilities' content='ocr_page ocr_carea ocr_par ocr_line ocrx_word'/>
</head>
<body>
  <div class='ocr_page' id='page_1' title='image "./corpusscriptorum35niebuoft_0071.png"; bbox 0 0 1702 3060; ppageno 0'>
   <div class='ocr_carea' id='block_1_1' title="bbox 617 124 1505 168">
    <p class='ocr_par' dir='ltr' id='par_1_1' title="bbox 617 124 1505 168">
     <span class='ocr_line' id='line_1_1' title="bbox 617 124 1505 168; baseline 0 -1"><span class='ocrx_word' id='word_1_1' title='bbox 617 124 937 168; x_wconf 87' lang='lat' dir='ltr'><strong>PRAEFATIO.</strong></span> <span class='ocrx_word' id='word_1_2' title='bbox 1429 133 1505 167; x_wconf 71' lang='lat' dir='ltr'><strong>nx!</strong></span> 
     </span>
    </p>
   </div>
   <div class='ocr_carea' id='block_1_2' title="bbox 44 231 1510 2798">
    <p class='ocr_par' dir='ltr' id='par_1_2' title="bbox 52 231 1510 1102">
     <span class='ocr_line' id='line_1_2' title="bbox 62 231 1506 297; baseline -0.003 -20"><span class='ocrx_word' id='word_1_3' title='bbox 62 236 266 287; x_wconf 60' lang='lat' dir='ltr'><strong>Raditur,</strong></span> <span class='ocrx_word' id='word_1_4' title='bbox 295 237 456 291; x_wconf 88' lang='lat' dir='ltr'><strong>qualem</strong></span> <span class='ocrx_word' id='word_1_5' title='bbox 479 249 522 275; x_wconf 89' lang='lat' dir='ltr'><strong>se</strong></span> <span class='ocrx_word' id='word_1_6' title='bbox 552 237 637 288; x_wconf 88' lang='lat' dir='ltr'><strong>ipse</strong></span> <span class='ocrx_word' id='word_1_7' title='bbox 673 237 792 275; x_wconf 78' lang='lat' dir='ltr'><strong>etiam</strong></span> <span class='ocrx_word' id='word_1_8' title='bbox 820 236 967 273; x_wconf 83' lang='lat' dir='ltr'><strong>fatetur</strong></span> <span class='ocrx_word' id='word_1_9' title='bbox 986 233 1028 272; x_wconf 88' lang='lat' dir='ltr'><strong>in</strong></span> <span class='ocrx_word' id='word_1_10' title='bbox 1048 231 1212 297; x_wconf 58' lang='lat' dir='ltr'><strong>epistola</strong></span> <span class='ocrx_word' id='word_1_11' title='bbox 1236 232 1389 284; x_wconf 86' lang='lat' dir='ltr'><strong>opellae</strong></span> <span class='ocrx_word' id='word_1_12' title='bbox 1410 246 1506 272; x_wconf 84' lang='lat' dir='ltr'><strong>suae</strong></span> 
     </span>
     <span class='ocr_line' id='line_1_3' title="bbox 56 302 1504 360; baseline -0.005 -16"><span class='ocrx_word' id='word_1_13' title='bbox 56 308 274 360; x_wconf 52' lang='lat' dir='ltr'><strong>praemissa</strong></span> <span class='ocrx_word' id='word_1_14' title='bbox 287 337 297 355; x_wconf 96' lang='lat'><strong>,</strong></span> <span class='ocrx_word' id='word_1_15' title='bbox 341 309 384 344; x_wconf 84' lang='lat' dir='ltr'><strong>in</strong></span> <span class='ocrx_word' id='word_1_16' title='bbox 417 318 493 359; x_wconf 90' lang='lat' dir='ltr'><strong>qua</strong></span> <span class='ocrx_word' id='word_1_17' title='bbox 519 306 682 343; x_wconf 88' lang='lat' dir='ltr'><strong>ulterius</strong></span> <span class='ocrx_word' id='word_1_18' title='bbox 712 303 859 342; x_wconf 74' lang='lat' dir='ltr'><strong>adserit</strong></span> <span class='ocrx_word' id='word_1_19' title='bbox 876 304 1176 354; x_wconf 81' lang='lat' dir='ltr'>praecipitanter</span> <span class='ocrx_word' id='word_1_20' title='bbox 1195 314 1283 338; x_wconf 86' lang='lat' dir='ltr'><strong>eam</strong></span> <span class='ocrx_word' id='word_1_21' title='bbox 1299 302 1504 352; x_wconf 84' lang='lat' dir='ltr'><strong>exegisse3</strong></span> 
     </span>
     <span class='ocr_line' id='line_1_4' title="bbox 57 368 1505 426; baseline -0.004 -14"><span class='ocrx_word' id='word_1_22' title='bbox 57 380 129 412; x_wconf 69' lang='lat' dir='ltr'><strong>tut</strong></span> <span class='ocrx_word' id='word_1_23' title='bbox 147 376 182 412; x_wconf 86' lang='lat' dir='ltr'><strong>si</strong></span> <span class='ocrx_word' id='word_1_24' title='bbox 199 375 346 423; x_wconf 82' lang='lat' dir='ltr'><strong>mavis,</strong></span> <span class='ocrx_word' id='word_1_25' title='bbox 376 387 564 426; x_wconf 82' lang='lat' dir='ltr'><strong>reponam</strong></span> <span class='ocrx_word' id='word_1_26' title='bbox 583 381 676 411; x_wconf 74' lang='lat' dir='ltr'><strong>tmic</strong></span> <span class='ocrx_word' id='word_1_27' title='bbox 694 373 880 423; x_wconf 88' lang='lat' dir='ltr'><strong>temporis</strong></span> <span class='ocrx_word' id='word_1_28' title='bbox 903 371 1024 408; x_wconf 88' lang='lat' dir='ltr'><strong>fuisse</strong></span> <span class='ocrx_word' id='word_1_29' title='bbox 1042 371 1158 408; x_wconf 80' lang='lat' dir='ltr'><strong>inum</strong></span> <span class='ocrx_word' id='word_1_30' title='bbox 1176 369 1374 407; x_wconf 89' lang='lat' dir='ltr'><strong>Cresconii</strong></span> <span class='ocrx_word' id='word_1_31' title='bbox 1393 368 1505 407; x_wconf 83' lang='lat' dir='ltr'><strong>codi-</strong></span> 
     </span>
     <span class='ocr_line' id='line_1_5' title="bbox 56 440 1509 493; baseline -0.003 -12"><span class='ocrx_word' id='word_1_32' title='bbox 56 455 148 481; x_wconf 78' lang='lat' dir='ltr'><strong>oem</strong></span> <span class='ocrx_word' id='word_1_33' title='bbox 173 443 224 480; x_wconf 92' lang='lat' dir='ltr'><strong>ob</strong></span> <span class='ocrx_word' id='word_1_34' title='bbox 249 449 485 481; x_wconf 81' lang='lat' dir='ltr'><strong>vetustatem</strong></span> <span class='ocrx_word' id='word_1_35' title='bbox 512 448 738 493; x_wconf 85' lang='lat' dir='ltr'><strong>corruptmn</strong></span> <span class='ocrx_word' id='word_1_36' title='bbox 765 447 803 477; x_wconf 88' lang='lat' dir='ltr'><strong>et</strong></span> <span class='ocrx_word' id='word_1_37' title='bbox 827 452 1028 476; x_wconf 88' lang='lat' dir='ltr'><strong>mancum.</strong></span> <span class='ocrx_word' id='word_1_38' title='bbox 1087 440 1241 476; x_wconf 87' lang='lat' dir='ltr'><strong>utinam</strong></span> <span class='ocrx_word' id='word_1_39' title='bbox 1267 451 1361 476; x_wconf 82' lang='lat' dir='ltr'><strong>vero</strong></span> <span class='ocrx_word' id='word_1_40' title='bbox 1388 440 1509 476; x_wconf 86' lang='lat' dir='ltr'><strong>etiam</strong></span> 
     </span>
     <span class='ocr_line' id='line_1_6' title="bbox 58 505 1510 563; baseline -0.003 -14"><span class='ocrx_word' id='word_1_41' title='bbox 58 524 164 549; x_wconf 81' lang='lat' dir='ltr'><strong>nunc</strong></span> <span class='ocrx_word' id='word_1_42' title='bbox 178 517 421 563; x_wconf 80' lang='lat' dir='ltr'><strong>superesset,</strong></span> <span class='ocrx_word' id='word_1_43' title='bbox 452 516 519 547; x_wconf 90' lang='lat' dir='ltr'><strong>aut</strong></span> <span class='ocrx_word' id='word_1_44' title='bbox 540 523 617 562; x_wconf 93' lang='lat' dir='ltr'><strong>quo</strong></span> <span class='ocrx_word' id='word_1_45' title='bbox 639 515 856 562; x_wconf 84' lang='lat' dir='ltr'><strong>asportatus</strong></span> <span class='ocrx_word' id='word_1_46' title='bbox 873 508 992 545; x_wconf 84' lang='lat' dir='ltr'><strong>fuerit</strong></span> <span class='ocrx_word' id='word_1_47' title='bbox 1007 505 1288 544; x_wconf 77' lang='lat' dir='ltr'><strong>innotesceret!</strong></span> <span class='ocrx_word' id='word_1_48' title='bbox 1348 520 1510 545; x_wconf 89' lang='lat' dir='ltr'><strong>omnem</strong></span> 
     </span>
     <span class='ocr_line' id='line_1_7' title="bbox 58 574 1510 631; baseline -0.005 -13"><span class='ocrx_word' id='word_1_49' title='bbox 58 580 232 631; x_wconf 84' lang='lat' dir='ltr'><strong>profecto</strong></span> <span class='ocrx_word' id='word_1_50' title='bbox 258 577 527 616; x_wconf 77' lang='lat' dir='ltr'><strong>adhibuissem</strong></span> <span class='ocrx_word' id='word_1_51' title='bbox 557 591 691 615; x_wconf 88' lang='lat' dir='ltr'><strong>curam</strong></span> <span class='ocrx_word' id='word_1_52' title='bbox 717 591 768 614; x_wconf 90' lang='lat' dir='ltr'><strong>ne</strong></span> <span class='ocrx_word' id='word_1_53' title='bbox 795 576 964 627; x_wconf 87' lang='lat' dir='ltr'><strong>amplius</strong></span> <span class='ocrx_word' id='word_1_54' title='bbox 989 574 1298 612; x_wconf 74' lang='lat' dir='ltr'><strong>desideraretur:</strong></span> <span class='ocrx_word' id='word_1_55' title='bbox 1328 581 1369 611; x_wconf 88' lang='lat' dir='ltr'><strong>at</strong></span> <span class='ocrx_word' id='word_1_56' title='bbox 1387 574 1510 612; x_wconf 88' lang='lat' dir='ltr'><strong>modo</strong></span> 
     </span>
     <span class='ocr_line' id='line_1_8' title="bbox 58 643 1509 697; baseline -0.003 -13"><span class='ocrx_word' id='word_1_57' title='bbox 58 647 168 684; x_wconf 81' lang='lat' dir='ltr'><strong>nulla</strong></span> <span class='ocrx_word' id='word_1_58' title='bbox 193 647 251 684; x_wconf 88' lang='lat' dir='ltr'><strong>ibi</strong></span> <span class='ocrx_word' id='word_1_59' title='bbox 274 653 394 684; x_wconf 87' lang='lat' dir='ltr'><strong>restat</strong></span> <span class='ocrx_word' id='word_1_60' title='bbox 417 646 647 684; x_wconf 85' lang='lat' dir='ltr'><strong>membrana</strong></span> <span class='ocrx_word' id='word_1_61' title='bbox 671 658 772 697; x_wconf 85' lang='lat' dir='ltr'><strong>quae</strong></span> <span class='ocrx_word' id='word_1_62' title='bbox 798 645 998 682; x_wconf 86' lang='lat' dir='ltr'><strong>Cresconii</strong></span> <span class='ocrx_word' id='word_1_63' title='bbox 1024 657 1171 681; x_wconf 85' lang='lat' dir='ltr'><strong>nomen</strong></span> <span class='ocrx_word' id='word_1_64' title='bbox 1203 655 1298 694; x_wconf 84' lang='lat' dir='ltr'><strong>prae</strong></span> <span class='ocrx_word' id='word_1_65' title='bbox 1325 656 1367 680; x_wconf 90' lang='lat' dir='ltr'><strong>se</strong></span> <span class='ocrx_word' id='word_1_66' title='bbox 1393 643 1509 691; x_wconf 85' lang='lat' dir='ltr'><strong>ferat,</strong></span> 
     </span>
     <span class='ocr_line' id='line_1_9' title="bbox 58 711 1508 766; baseline -0.003 -15"><span class='ocrx_word' id='word_1_67' title='bbox 58 714 168 752; x_wconf 77' lang='lat' dir='ltr'><strong>nulla</strong></span> <span class='ocrx_word' id='word_1_68' title='bbox 186 715 227 752; x_wconf 88' lang='grc'><strong>111</strong></span> <span class='ocrx_word' id='word_1_69' title='bbox 246 727 323 766; x_wconf 89' lang='lat' dir='ltr'><strong>qua</strong></span> <span class='ocrx_word' id='word_1_70' title='bbox 342 715 390 752; x_wconf 88' lang='lat' dir='ltr'><strong>de</strong></span> <span class='ocrx_word' id='word_1_71' title='bbox 407 713 518 751; x_wconf 78' lang='lat' dir='ltr'><strong>bellis</strong></span> <span class='ocrx_word' id='word_1_72' title='bbox 533 713 697 765; x_wconf 82' lang='lat' dir='ltr'><strong>Libyeis</strong></span> <span class='ocrx_word' id='word_1_73' title='bbox 715 720 866 764; x_wconf 83' lang='lat' dir='ltr'><strong>agatur,</strong></span> <span class='ocrx_word' id='word_1_74' title='bbox 897 719 942 750; x_wconf 90' lang='lat' dir='ltr'><strong>ut</strong></span> <span class='ocrx_word' id='word_1_75' title='bbox 963 726 985 749; x_wconf 88' lang='lat' dir='ltr'><strong>a</strong></span> <span class='ocrx_word' id='word_1_76' title='bbox 1007 711 1121 749; x_wconf 89' lang='lat' dir='ltr'><strong>docto</strong></span> <span class='ocrx_word' id='word_1_77' title='bbox 1138 712 1222 748; x_wconf 78' lang='lat' dir='ltr'><strong>viro</strong></span> <span class='ocrx_word' id='word_1_78' title='bbox 1236 711 1343 747; x_wconf 91' lang='lat' dir='ltr'><strong>illius</strong></span> <span class='ocrx_word' id='word_1_79' title='bbox 1360 711 1508 747; x_wconf 88' lang='lat' dir='ltr'><strong>biblio-</strong></span> 
     </span>
     <span class='ocr_line' id='line_1_10' title="bbox 56 778 1509 832; baseline -0.005 -12"><span class='ocrx_word' id='word_1_80' title='bbox 56 781 194 820; x_wconf 80' lang='lat' dir='ltr'><strong>thecae</strong></span> <span class='ocrx_word' id='word_1_81' title='bbox 218 789 392 820; x_wconf 80' lang='lat' dir='ltr'><strong>curatore</strong></span> <span class='ocrx_word' id='word_1_82' title='bbox 420 782 547 820; x_wconf 85' lang='lat' dir='ltr'><strong>factus</strong></span> <span class='ocrx_word' id='word_1_83' title='bbox 579 795 667 819; x_wconf 90' lang='lat' dir='ltr'><strong>sum</strong></span> <span class='ocrx_word' id='word_1_84' title='bbox 695 783 855 829; x_wconf 80' lang='lat' dir='ltr'><strong>certior3</strong></span> <span class='ocrx_word' id='word_1_85' title='bbox 887 782 955 832; x_wconf 87' lang='lat' dir='ltr'><strong>qni</strong></span> <span class='ocrx_word' id='word_1_86' title='bbox 975 794 1040 817; x_wconf 88' lang='lat' dir='ltr'><strong>me</strong></span> <span class='ocrx_word' id='word_1_87' title='bbox 1060 782 1179 817; x_wconf 85' lang='lat' dir='ltr'><strong>etiam</strong></span> <span class='ocrx_word' id='word_1_88' title='bbox 1199 778 1355 815; x_wconf 88' lang='lat' dir='ltr'><strong>monuit</strong></span> <span class='ocrx_word' id='word_1_89' title='bbox 1370 779 1509 828; x_wconf 83' lang='lat' dir='ltr'><strong>Ange-</strong></span> 
     </span>
     <span class='ocr_line' id='line_1_11' title="bbox 55 844 1510 898; baseline -0.003 -10"><span class='ocrx_word' id='word_1_90' title='bbox 55 850 141 888; x_wconf 84' lang='lat' dir='ltr'><strong>lum</strong></span> <span class='ocrx_word' id='word_1_91' title='bbox 161 849 210 887; x_wconf 89' lang='lat' dir='ltr'><strong>de</strong></span> <span class='ocrx_word' id='word_1_92' title='bbox 226 852 354 898; x_wconf 86' lang='lat' dir='ltr'><strong>Nuce,</strong></span> <span class='ocrx_word' id='word_1_93' title='bbox 387 848 570 888; x_wconf 87' lang='lat' dir='ltr'><strong>Chronici</strong></span> <span class='ocrx_word' id='word_1_94' title='bbox 594 851 818 887; x_wconf 83' lang='lat' dir='ltr'><strong>Casinensis</strong></span> <span class='ocrx_word' id='word_1_95' title='bbox 841 847 1032 886; x_wconf 84' lang='lat' dir='ltr'><strong>editorem</strong></span> <span class='ocrx_word' id='word_1_96' title='bbox 1057 847 1426 898; x_wconf 80' lang='lat' dir='ltr'><strong>diligentissimum,</strong></span> <span class='ocrx_word' id='word_1_97' title='bbox 1458 844 1510 883; x_wconf 89' lang='lat' dir='ltr'><strong>ad</strong></span> 
     </span>
     <span class='ocr_line' id='line_1_12' title="bbox 54 914 1507 969; baseline -0.005 -13"><span class='ocrx_word' id='word_1_98' title='bbox 54 919 199 956; x_wconf 80' lang='lat' dir='ltr'><strong>seriem</strong></span> <span class='ocrx_word' id='word_1_99' title='bbox 225 918 439 965; x_wconf 85' lang='lat' dir='ltr'><strong>librorum,</strong></span> <span class='ocrx_word' id='word_1_100' title='bbox 471 930 570 969; x_wconf 91' lang='lat' dir='ltr'><strong>quos</strong></span> <span class='ocrx_word' id='word_1_101' title='bbox 599 914 827 953; x_wconf 82' lang='lat' dir='ltr'><strong>Desiderius</strong></span> <span class='ocrx_word' id='word_1_102' title='bbox 858 914 1026 951; x_wconf 86' lang='lat' dir='ltr'><strong>describi</strong></span> <span class='ocrx_word' id='word_1_103' title='bbox 1058 920 1278 961; x_wconf 83' lang='lat' dir='ltr'><strong>curaverat,</strong></span> <span class='ocrx_word' id='word_1_104' title='bbox 1308 914 1394 950; x_wconf 91' lang='lat' dir='ltr'><strong>iure</strong></span> <span class='ocrx_word' id='word_1_105' title='bbox 1418 926 1507 950; x_wconf 91' lang='lat' dir='ltr'><strong>me-</strong></span> 
     </span>
     <span class='ocr_line' id='line_1_13' title="bbox 53 982 1506 1035; baseline -0.004 -12"><span class='ocrx_word' id='word_1_106' title='bbox 53 987 126 1024; x_wconf 86' lang='lat' dir='ltr'><strong>rito</strong></span> <span class='ocrx_word' id='word_1_107' title='bbox 152 985 256 1023; x_wconf 86' lang='lat' dir='ltr'><strong>hanc</strong></span> <span class='ocrx_word' id='word_1_108' title='bbox 283 992 419 1022; x_wconf 84' lang='lat' dir='ltr'><strong>notam</strong></span> <span class='ocrx_word' id='word_1_109' title='bbox 445 985 695 1035; x_wconf 83' lang='lat' dir='ltr'><strong>apposuisse:</strong></span> <span class='ocrx_word' id='word_1_110' title='bbox 724 997 856 1020; x_wconf 82' lang='lat' dir='ltr'><strong>eorum</strong></span> <span class='ocrx_word' id='word_1_111' title='bbox 874 982 1050 1032; x_wconf 80' lang='lat' dir='ltr'><strong>plurimi</strong></span> <span class='ocrx_word' id='word_1_112' title='bbox 1074 987 1311 1031; x_wconf 81' lang='lat' dir='ltr'><strong>supersunt,</strong></span> <span class='ocrx_word' id='word_1_113' title='bbox 1340 994 1420 1018; x_wconf 86' lang='lat' dir='ltr'><strong>non</strong></span> <span class='ocrx_word' id='word_1_114' title='bbox 1441 987 1506 1018; x_wconf 87' lang='lat' dir='ltr'><strong>ta-</strong></span> 
     </span>
     <span class='ocr_line' id='line_1_14' title="bbox 52 1048 1175 1102; baseline -0.004 -12"><span class='ocrx_word' id='word_1_115' title='bbox 52 1065 143 1091; x_wconf 81' lang='lat' dir='ltr'><strong>men</strong></span> <span class='ocrx_word' id='word_1_116' title='bbox 161 1066 318 1098; x_wconf 80' lang='lat' dir='ltr'><strong>omnes,</strong></span> <span class='ocrx_word' id='word_1_117' title='bbox 347 1051 520 1102; x_wconf 80' lang='lat' dir='ltr'><strong>expilata</strong></span> <span class='ocrx_word' id='word_1_118' title='bbox 539 1064 618 1088; x_wconf 85' lang='lat' dir='ltr'><strong>non</strong></span> <span class='ocrx_word' id='word_1_119' title='bbox 637 1051 758 1088; x_wconf 86' lang='lat' dir='ltr'><strong>semel</strong></span> <span class='ocrx_word' id='word_1_120' title='bbox 772 1058 906 1088; x_wconf 85' lang='lat' dir='ltr'><strong>nostra</strong></span> <span class='ocrx_word' id='word_1_121' title='bbox 926 1048 1175 1086; x_wconf 73' lang='lat' dir='ltr'><strong>bibliothec-a.</strong></span> 
     </span>
    </p>

    <p class='ocr_par' dir='ltr' id='par_1_3' title="bbox 44 1116 1508 2798">
     <span class='ocr_line' id='line_1_15' title="bbox 161 1116 1501 1171; baseline -0.003 -13"><span class='ocrx_word' id='word_1_122' title='bbox 161 1121 272 1159; x_wconf 84' lang='lat' dir='ltr'><strong>Alter</strong></span> <span class='ocrx_word' id='word_1_123' title='bbox 294 1119 455 1158; x_wconf 87' lang='lat' dir='ltr'><strong>demum</strong></span> <span class='ocrx_word' id='word_1_124' title='bbox 474 1121 661 1171; x_wconf 69' lang='lat' dir='ltr'><strong>poematii</strong></span> <span class='ocrx_word' id='word_1_125' title='bbox 683 1119 731 1157; x_wconf 76' lang='lat' dir='ltr'><strong>cle</strong></span> <span class='ocrx_word' id='word_1_126' title='bbox 751 1119 864 1156; x_wconf 82' lang='lat' dir='ltr'><strong>bellis</strong></span> <span class='ocrx_word' id='word_1_127' title='bbox 882 1117 1046 1169; x_wconf 84' lang='lat' dir='ltr'><strong>Libycis</strong></span> <span class='ocrx_word' id='word_1_128' title='bbox 1068 1131 1091 1155; x_wconf 90' lang='lat' dir='ltr'><strong>a</strong></span> <span class='ocrx_word' id='word_1_129' title='bbox 1110 1118 1171 1154; x_wconf 88' lang='lat' dir='ltr'><strong>Fl.</strong></span> <span class='ocrx_word' id='word_1_130' title='bbox 1193 1116 1400 1155; x_wconf 87' lang='lat' dir='ltr'><strong>Cresconio</strong></span> <span class='ocrx_word' id='word_1_131' title='bbox 1422 1117 1501 1155; x_wconf 83' lang='lat' dir='ltr'><strong>Co-</strong></span> 
     </span>
     <span class='ocr_line' id='line_1_16' title="bbox 50 1186 1502 1240; baseline -0.001 -16"><span class='ocrx_word' id='word_1_132' title='bbox 50 1187 163 1239; x_wconf 85' lang='lat' dir='ltr'><strong>rippo</strong></span> <span class='ocrx_word' id='word_1_133' title='bbox 184 1189 317 1239; x_wconf 88' lang='lat' dir='ltr'><strong>scripti</strong></span> <span class='ocrx_word' id='word_1_134' title='bbox 335 1189 446 1226; x_wconf 86' lang='lat' dir='ltr'><strong>testis</strong></span> <span class='ocrx_word' id='word_1_135' title='bbox 464 1194 523 1225; x_wconf 88' lang='lat' dir='ltr'><strong>est</strong></span> <span class='ocrx_word' id='word_1_136' title='bbox 543 1195 678 1225; x_wconf 87' lang='lat' dir='ltr'><strong>auctor</strong></span> <span class='ocrx_word' id='word_1_137' title='bbox 700 1201 934 1240; x_wconf 73' lang='lat' dir='ltr'><strong>anonymus,</strong></span> <span class='ocrx_word' id='word_1_138' title='bbox 965 1187 1032 1238; x_wconf 90' lang='lat' dir='ltr'><strong>qui</strong></span> <span class='ocrx_word' id='word_1_139' title='bbox 1054 1186 1358 1223; x_wconf 52' lang='lat' dir='ltr'><strong>Graconianam</strong></span> <span class='ocrx_word' id='word_1_140' title='bbox 1378 1187 1502 1223; x_wconf 87' lang='lat' dir='ltr'><strong>colle-</strong></span> 
     </span>
     <span class='ocr_line' id='line_1_17' title="bbox 52 1252 1503 1309; baseline -0.002 -16"><span class='ocrx_word' id='word_1_141' title='bbox 52 1257 221 1293; x_wconf 81' lang='lat' dir='ltr'><strong>ctionem</strong></span> <span class='ocrx_word' id='word_1_142' title='bbox 239 1262 418 1294; x_wconf 83' lang='lat' dir='ltr'><strong>veterum</strong></span> <span class='ocrx_word' id='word_1_143' title='bbox 438 1257 643 1294; x_wconf 88' lang='lat' dir='ltr'><strong>Canonum</strong></span> <span class='ocrx_word' id='word_1_144' title='bbox 664 1258 819 1309; x_wconf 84' lang='lat' dir='ltr'><strong>aliaque</strong></span> <span class='ocrx_word' id='word_1_145' title='bbox 841 1269 892 1294; x_wconf 89' lang='lat' dir='ltr'><strong>ss.</strong></span> <span class='ocrx_word' id='word_1_146' title='bbox 911 1261 1069 1307; x_wconf 84' lang='lat' dir='ltr'><strong>patrum</strong></span> <span class='ocrx_word' id='word_1_147' title='bbox 1091 1254 1280 1306; x_wconf 87' lang='lat' dir='ltr'><strong>opuscula</strong></span> <span class='ocrx_word' id='word_1_148' title='bbox 1298 1252 1503 1305; x_wconf 84' lang='lat' dir='ltr'><strong>descripsit</strong></span> 
     </span>
     <span class='ocr_line' id='line_1_18' title="bbox 49 1321 1504 1372; baseline -0.001 -12"><span class='ocrx_word' id='word_1_149' title='bbox 49 1323 92 1360; x_wconf 84' lang='lat' dir='ltr'><strong>in</strong></span> <span class='ocrx_word' id='word_1_150' title='bbox 110 1323 412 1362; x_wconf 85' lang='lat' dir='ltr'><strong>membranaceo</strong></span> <span class='ocrx_word' id='word_1_151' title='bbox 431 1336 494 1361; x_wconf 89' lang='lat' dir='ltr'><strong>ms</strong></span> <span class='ocrx_word' id='word_1_152' title='bbox 515 1323 647 1362; x_wconf 90' lang='lat' dir='ltr'><strong>codice</strong></span> <span class='ocrx_word' id='word_1_153' title='bbox 667 1338 769 1362; x_wconf 83' lang='lat' dir='ltr'><strong>saec.</strong></span> <span class='ocrx_word' id='word_1_154' title='bbox 791 1327 842 1365; x_wconf 89' lang='lat'><strong>10</strong></span> <span class='ocrx_word' id='word_1_155' title='bbox 855 1354 864 1372; x_wconf 90' lang='lat'><strong>,</strong></span> <span class='ocrx_word' id='word_1_156' title='bbox 891 1326 1040 1362; x_wconf 87' lang='lat' dir='ltr'><strong>Romae</strong></span> <span class='ocrx_word' id='word_1_157' title='bbox 1057 1325 1099 1360; x_wconf 90' lang='lat' dir='ltr'><strong>in</strong></span> <span class='ocrx_word' id='word_1_158' title='bbox 1116 1321 1357 1360; x_wconf 87' lang='lat' dir='ltr'><strong>bibliotheca</strong></span> <span class='ocrx_word' id='word_1_159' title='bbox 1375 1323 1504 1361; x_wconf 83' lang='lat' dir='ltr'><strong>Valli-</strong></span> 
     </span>
     <span class='ocr_line' id='line_1_19' title="bbox 51 1390 1505 1443; baseline -0.001 -15"><span class='ocrx_word' id='word_1_160' title='bbox 51 1391 202 1428; x_wconf 84' lang='lat' dir='ltr'><strong>cellana</strong></span> <span class='ocrx_word' id='word_1_161' title='bbox 230 1390 437 1429; x_wconf 77' lang='lat' dir='ltr'><strong>adservato</strong></span> <span class='ocrx_word' id='word_1_162' title='bbox 465 1398 503 1429; x_wconf 84' lang='lat' dir='ltr'><strong>et</strong></span> <span class='ocrx_word' id='word_1_163' title='bbox 531 1405 638 1428; x_wconf 88' lang='lat' dir='ltr'><strong>nunc</strong></span> <span class='ocrx_word' id='word_1_164' title='bbox 664 1399 799 1430; x_wconf 83' lang='lat' dir='ltr'><strong>notato</strong></span> <span class='ocrx_word' id='word_1_165' title='bbox 826 1399 855 1429; x_wconf 90' lang='lat' dir='ltr'><strong>t.</strong></span> <span class='ocrx_word' id='word_1_166' title='bbox 882 1394 953 1439; x_wconf 90' lang='lat'><strong>18,</strong></span> <span class='ocrx_word' id='word_1_167' title='bbox 985 1393 1053 1443; x_wconf 89' lang='lat' dir='ltr'><strong>qui</strong></span> <span class='ocrx_word' id='word_1_168' title='bbox 1077 1398 1217 1428; x_wconf 86' lang='lat' dir='ltr'><strong>texens</strong></span> <span class='ocrx_word' id='word_1_169' title='bbox 1239 1403 1280 1440; x_wconf 88' lang='lat' dir='ltr'><strong>p.</strong></span> <span class='ocrx_word' id='word_1_170' title='bbox 1301 1392 1382 1431; x_wconf 81' lang='lat'><strong>136</strong></span> <span class='ocrx_word' id='word_1_171' title='bbox 1403 1403 1505 1440; x_wconf 90' lang='lat' dir='ltr'><strong>opu-</strong></span> 
     </span>
     <span class='ocr_line' id='line_1_20' title="bbox 49 1456 1507 1509; baseline -0.001 -14"><span class='ocrx_word' id='word_1_172' title='bbox 49 1458 248 1496; x_wconf 84' lang='lat' dir='ltr'><strong>sculorum</strong></span> <span class='ocrx_word' id='word_1_173' title='bbox 266 1460 445 1496; x_wconf 87' lang='lat' dir='ltr'><strong>omnium</strong></span> <span class='ocrx_word' id='word_1_174' title='bbox 464 1472 486 1496; x_wconf 90' lang='lat' dir='ltr'><strong>a</strong></span> <span class='ocrx_word' id='word_1_175' title='bbox 505 1473 546 1496; x_wconf 87' lang='lat' dir='ltr'><strong>se</strong></span> <span class='ocrx_word' id='word_1_176' title='bbox 568 1458 852 1509; x_wconf 82' lang='lat' dir='ltr'><strong>descriptorum</strong></span> <span class='ocrx_word' id='word_1_177' title='bbox 866 1458 1040 1496; x_wconf 84' lang='lat' dir='ltr'><strong>indicem</strong></span> <span class='ocrx_word' id='word_1_178' title='bbox 1055 1459 1127 1496; x_wconf 87' lang='lat' dir='ltr'><strong>sub</strong></span> <span class='ocrx_word' id='word_1_179' title='bbox 1146 1456 1222 1495; x_wconf 90' lang='lat' dir='ltr'><strong>hoc</strong></span> <span class='ocrx_word' id='word_1_180' title='bbox 1239 1457 1379 1494; x_wconf 81' lang='lat' dir='ltr'><strong>titulo:</strong></span> <span class='ocrx_word' id='word_1_181' title='bbox 1409 1457 1507 1494; x_wconf 80' lang='lat' dir='ltr'><strong>haec</strong></span> 
     </span>
     <span class='ocr_line' id='line_1_21' title="bbox 47 1524 1508 1576; baseline 0.001 -14"><span class='ocrx_word' id='word_1_182' title='bbox 47 1532 142 1562; x_wconf 79' lang='lat' dir='ltr'><strong>sunt</strong></span> <span class='ocrx_word' id='word_1_183' title='bbox 170 1539 272 1576; x_wconf 80' lang='lat' dir='ltr'><strong>quae</strong></span> <span class='ocrx_word' id='word_1_184' title='bbox 297 1528 340 1563; x_wconf 81' lang='lat' dir='ltr'><strong>in</strong></span> <span class='ocrx_word' id='word_1_185' title='bbox 369 1526 500 1563; x_wconf 83' lang='lat' dir='ltr'><strong>codice</strong></span> <span class='ocrx_word' id='word_1_186' title='bbox 522 1525 742 1571; x_wconf 73' lang='lat' dir='ltr'><strong>habentur,</strong></span> <span class='ocrx_word' id='word_1_187' title='bbox 771 1527 826 1562; x_wconf 90' lang='lat' dir='ltr'><strong>ita</strong></span> <span class='ocrx_word' id='word_1_188' title='bbox 854 1527 1013 1576; x_wconf 87' lang='lat' dir='ltr'><strong>incipit:</strong></span> <span class='ocrx_word' id='word_1_189' title='bbox 1051 1525 1271 1562; x_wconf 80' lang='lat' dir='ltr'><strong>Concordia</strong></span> <span class='ocrx_word' id='word_1_190' title='bbox 1299 1524 1508 1563; x_wconf 76' lang='lat' dir='ltr'><strong>Canonum</strong></span> 
     </span>
     <span class='ocr_line' id='line_1_22' title="bbox 47 1591 1503 1644; baseline 0.001 -15"><span class='ocrx_word' id='word_1_191' title='bbox 47 1605 77 1630; x_wconf 85' lang='lat' dir='ltr'><em>a</em></span> <span class='ocrx_word' id='word_1_192' title='bbox 115 1593 318 1630; x_wconf 69' lang='lat' dir='ltr'><strong>cresconio</strong></span> <span class='ocrx_word' id='word_1_193' title='bbox 347 1593 549 1644; x_wconf 77' lang='lat' dir='ltr'><strong>Africano</strong></span> <span class='ocrx_word' id='word_1_194' title='bbox 587 1594 765 1644; x_wconf 84' lang='lat' dir='ltr'><strong>episcopo</strong></span> <span class='ocrx_word' id='word_1_195' title='bbox 803 1592 957 1644; x_wconf 82' lang='lat' dir='ltr'><strong>digesta</strong></span> <span class='ocrx_word' id='word_1_196' title='bbox 988 1591 1063 1628; x_wconf 80' lang='lat' dir='ltr'><strong>sub</strong></span> <span class='ocrx_word' id='word_1_197' title='bbox 1091 1591 1282 1642; x_wconf 79' lang='lat' dir='ltr'><strong>capitulis</strong></span> <span class='ocrx_word' id='word_1_198' title='bbox 1309 1595 1503 1631; x_wconf 81' lang='lat' dir='ltr'><strong>trecentis.</strong></span> 
     </span>
     <span class='ocr_line' id='line_1_23' title="bbox 48 1660 1506 1711; baseline 0.003 -16"><span class='ocrx_word' id='word_1_199' title='bbox 48 1661 120 1698; x_wconf 76' lang='lat' dir='ltr'><strong>iste</strong></span> <span class='ocrx_word' id='word_1_200' title='bbox 143 1661 331 1698; x_wconf 84' lang='lat' dir='ltr'><strong>nimirum</strong></span> <span class='ocrx_word' id='word_1_201' title='bbox 365 1661 593 1699; x_wconf 73' lang='lat' dir='ltr'><strong>Cresconius</strong></span> <span class='ocrx_word' id='word_1_202' title='bbox 621 1660 726 1698; x_wconf 85' lang='lat' dir='ltr'><strong>bella</strong></span> <span class='ocrx_word' id='word_1_203' title='bbox 756 1667 800 1697; x_wconf 84' lang='lat' dir='ltr'><strong>et</strong></span> <span class='ocrx_word' id='word_1_204' title='bbox 824 1660 1008 1698; x_wconf 73' lang='lat' dir='ltr'><strong>victorias</strong></span> <span class='ocrx_word' id='word_1_205' title='bbox 1018 1687 1035 1706; x_wconf 89' lang='lat'><strong>,</strong></span> <span class='ocrx_word' id='word_1_206' title='bbox 1073 1673 1175 1711; x_wconf 79' lang='lat' dir='ltr'><strong>quas</strong></span> <span class='ocrx_word' id='word_1_207' title='bbox 1197 1660 1397 1698; x_wconf 71' lang='lat' dir='ltr'><strong>Iohannes</strong></span> <span class='ocrx_word' id='word_1_208' title='bbox 1417 1663 1506 1699; x_wconf 82' lang='lat' dir='ltr'><strong>Pa-</strong></span> 
     </span>
     <span class='ocr_line' id='line_1_24' title="bbox 48 1727 1506 1780; baseline 0.003 -16"><span class='ocrx_word' id='word_1_209' title='bbox 48 1729 186 1764; x_wconf 78' lang='lat' dir='ltr'><strong>tricius</strong></span> <span class='ocrx_word' id='word_1_210' title='bbox 213 1727 329 1778; x_wconf 82' lang='lat' dir='ltr'><strong>apud</strong></span> <span class='ocrx_word' id='word_1_211' title='bbox 349 1728 541 1780; x_wconf 75' lang='lat' dir='ltr'><strong>Africam</strong></span> <span class='ocrx_word' id='word_1_212' title='bbox 571 1729 619 1767; x_wconf 85' lang='lat' dir='ltr'><strong>de</strong></span> <span class='ocrx_word' id='word_1_213' title='bbox 655 1730 867 1766; x_wconf 73' lang='lat' dir='ltr'><strong>Saracenis</strong></span> <span class='ocrx_word' id='word_1_214' title='bbox 890 1729 1040 1780; x_wconf 79' lang='lat' dir='ltr'><strong>gessit,</strong></span> <span class='ocrx_word' id='word_1_215' title='bbox 1069 1728 1304 1765; x_wconf 77' lang='lat' dir='ltr'><strong>hexametris</strong></span> <span class='ocrx_word' id='word_1_216' title='bbox 1329 1729 1506 1768; x_wconf 63' lang='lat' dir='ltr'><strong>versibus</strong></span> 
     </span>
     <span class='ocr_line' id='line_1_25' title="bbox 47 1794 1506 1847; baseline 0.002 -14"><span class='ocrx_word' id='word_1_217' title='bbox 47 1795 251 1846; x_wconf 82' lang='lat' dir='ltr'><strong>descripsit</strong></span> <span class='ocrx_word' id='word_1_218' title='bbox 279 1794 353 1832; x_wconf 79' lang='lat' dir='ltr'><strong>suh</strong></span> <span class='ocrx_word' id='word_1_219' title='bbox 385 1796 511 1834; x_wconf 85' lang='lat' dir='ltr'><strong>libris.</strong></span> <span class='ocrx_word' id='word_1_220' title='bbox 582 1795 686 1834; x_wconf 87' lang='lat' dir='ltr'><strong>hanc</strong></span> <span class='ocrx_word' id='word_1_221' title='bbox 715 1803 852 1834; x_wconf 89' lang='lat' dir='ltr'><strong>notam</strong></span> <span class='ocrx_word' id='word_1_222' title='bbox 877 1798 974 1834; x_wconf 90' lang='lat' dir='ltr'><strong>iuris</strong></span> <span class='ocrx_word' id='word_1_223' title='bbox 1007 1796 1156 1847; x_wconf 89' lang='lat' dir='ltr'><strong>publici</strong></span> <span class='ocrx_word' id='word_1_224' title='bbox 1187 1797 1281 1834; x_wconf 87' lang='lat' dir='ltr'><strong>fecit</strong></span> <span class='ocrx_word' id='word_1_225' title='bbox 1310 1799 1506 1837; x_wconf 88' lang='lat' dir='ltr'><strong>Baronius</strong></span> 
     </span>
     <span class='ocr_line' id='line_1_26' title="bbox 49 1862 1506 1916; baseline 0.002 -15"><span class='ocrx_word' id='word_1_226' title='bbox 49 1864 118 1916; x_wconf 86' lang='grc' dir='ltr'><strong>(α.</strong></span> <span class='ocrx_word' id='word_1_227' title='bbox 141 1865 221 1905; x_wconf 81' lang='grc'><strong>527</strong></span> <span class='ocrx_word' id='word_1_228' title='bbox 239 1877 349 1901; x_wconf 80' lang='lat' dir='ltr'><strong>num.</strong></span> <span class='ocrx_word' id='word_1_229' title='bbox 371 1862 454 1915; x_wconf 85' lang='lat'><strong>76)</strong></span> <span class='ocrx_word' id='word_1_230' title='bbox 483 1871 522 1901; x_wconf 89' lang='lat' dir='ltr'><strong>et</strong></span> <span class='ocrx_word' id='word_1_231' title='bbox 553 1866 698 1902; x_wconf 86' lang='lat' dir='ltr'><strong>iterum</strong></span> <span class='ocrx_word' id='word_1_232' title='bbox 728 1878 780 1901; x_wconf 83' lang='lat' dir='ltr'><strong>ex</strong></span> <span class='ocrx_word' id='word_1_233' title='bbox 804 1866 890 1916; x_wconf 89' lang='lat' dir='ltr'><strong>ipso</strong></span> <span class='ocrx_word' id='word_1_234' title='bbox 914 1863 1046 1902; x_wconf 90' lang='lat' dir='ltr'><strong>codice</strong></span> <span class='ocrx_word' id='word_1_235' title='bbox 1068 1863 1272 1916; x_wconf 87' lang='lat' dir='ltr'><strong>descripsit</strong></span> <span class='ocrx_word' id='word_1_236' title='bbox 1291 1879 1337 1903; x_wconf 83' lang='lat' dir='ltr'><strong>ac</strong></span> <span class='ocrx_word' id='word_1_237' title='bbox 1353 1866 1506 1904; x_wconf 87' lang='lat' dir='ltr'><strong>recudit</strong></span> 
     </span>
     <span class='ocr_line' id='line_1_27' title="bbox 45 1931 1503 1986; baseline 0.003 -17"><span class='ocrx_word' id='word_1_238' title='bbox 45 1931 301 1969; x_wconf 77' lang='lat' dir='ltr'><strong>Mabillonius</strong></span> <span class='ocrx_word' id='word_1_239' title='bbox 325 1931 342 1983; x_wconf 94' lang='lat'>(</span> <span class='ocrx_word' id='word_1_240' title='bbox 354 1932 407 1969; x_wconf 88' lang='lat' dir='ltr'><strong>It.</strong></span> <span class='ocrx_word' id='word_1_241' title='bbox 434 1932 567 1970; x_wconf 83' lang='lat' dir='ltr'><strong>Italic.</strong></span> <span class='ocrx_word' id='word_1_242' title='bbox 583 1947 631 1984; x_wconf 83' lang='lat' dir='ltr'><strong>p.</strong></span> <span class='ocrx_word' id='word_1_243' title='bbox 654 1931 758 1985; x_wconf 88' lang='lat'>69);</span> <span class='ocrx_word' id='word_1_244' title='bbox 786 1935 843 1970; x_wconf 89' lang='lat' dir='ltr'><strong>ita</strong></span> <span class='ocrx_word' id='word_1_245' title='bbox 860 1940 904 1971; x_wconf 91' lang='lat' dir='ltr'><strong>ut</strong></span> <span class='ocrx_word' id='word_1_246' title='bbox 923 1933 1041 1984; x_wconf 88' lang='lat' dir='ltr'><strong>plane</strong></span> <span class='ocrx_word' id='word_1_247' title='bbox 1061 1934 1209 1970; x_wconf 90' lang='lat' dir='ltr'><strong>mirum</strong></span> <span class='ocrx_word' id='word_1_248' title='bbox 1230 1935 1281 1971; x_wconf 88' lang='lat' dir='ltr'><strong>sit</strong></span> <span class='ocrx_word' id='word_1_249' title='bbox 1303 1934 1503 1986; x_wconf 88' lang='lat' dir='ltr'><strong>quomodo</strong></span> 
     </span>
     <span class='ocr_line' id='line_1_28' title="bbox 48 1997 1498 2055; baseline 0.001 -17"><span class='ocrx_word' id='word_1_250' title='bbox 48 1998 249 2038; x_wconf 83' lang='lat' dir='ltr'><strong>Chifletius</strong></span> <span class='ocrx_word' id='word_1_251' title='bbox 282 1997 351 2051; x_wconf 86' lang='lat' dir='ltr'><strong>(in</strong></span> <span class='ocrx_word' id='word_1_252' title='bbox 374 2001 514 2052; x_wconf 68' lang='lat' dir='ltr'><strong>Pracf.</strong></span> <span class='ocrx_word' id='word_1_253' title='bbox 548 2000 653 2052; x_wconf 77' lang='lat' dir='ltr'><strong>opp.</strong></span> <span class='ocrx_word' id='word_1_254' title='bbox 679 1999 902 2053; x_wconf 87' lang='lat' dir='ltr'><strong>Ferrancli)</strong></span> <span class='ocrx_word' id='word_1_255' title='bbox 933 2009 971 2039; x_wconf 92' lang='lat' dir='ltr'><strong>et</strong></span> <span class='ocrx_word' id='word_1_256' title='bbox 1001 2002 1230 2040; x_wconf 84' lang='lat' dir='ltr'><strong>Coutantius</strong></span> <span class='ocrx_word' id='word_1_257' title='bbox 1260 2001 1278 2054; x_wconf 88' lang='lat'>(</span> <span class='ocrx_word' id='word_1_258' title='bbox 1286 2003 1329 2039; x_wconf 82' lang='lat' dir='ltr'><strong>in</strong></span> <span class='ocrx_word' id='word_1_259' title='bbox 1356 2003 1498 2055; x_wconf 71' lang='lat' dir='ltr'><strong>Praaef.</strong></span> 
     </span>
     <span class='ocr_line' id='line_1_29' title="bbox 46 2067 1500 2122; baseline 0.001 -16"><span class='ocrx_word' id='word_1_260' title='bbox 46 2068 105 2106; x_wconf 78' lang='lat' dir='ltr'><strong>ad</strong></span> <span class='ocrx_word' id='word_1_261' title='bbox 129 2067 311 2118; x_wconf 80' lang='lat' dir='ltr'><strong>epistolas</strong></span> <span class='ocrx_word' id='word_1_262' title='bbox 338 2068 615 2106; x_wconf 83' lang='lat' dir='ltr'><strong>Romanorum</strong></span> <span class='ocrx_word' id='word_1_263' title='bbox 641 2070 886 2118; x_wconf 67' lang='lat' dir='ltr'><strong>Pontificum</strong></span> <span class='ocrx_word' id='word_1_264' title='bbox 907 2083 1003 2120; x_wconf 85' lang='lat' dir='ltr'><strong>par.</strong></span> <span class='ocrx_word' id='word_1_265' title='bbox 1030 2074 1055 2112; x_wconf 73' lang='grc'>2</span> <span class='ocrx_word' id='word_1_266' title='bbox 1085 2067 1108 2122; x_wconf 81' lang='lat'>§</span> <span class='ocrx_word' id='word_1_267' title='bbox 1129 2068 1184 2122; x_wconf 88' lang='lat'><strong>7)</strong></span> <span class='ocrx_word' id='word_1_268' title='bbox 1215 2068 1395 2108; x_wconf 88' lang='lat' dir='ltr'><strong>adserere</strong></span> <span class='ocrx_word' id='word_1_269' title='bbox 1419 2085 1500 2109; x_wconf 87' lang='grc'><strong>11011</strong></span> 
     </span>
     <span class='ocr_line' id='line_1_30' title="bbox 47 2134 1501 2191; baseline 0.003 -17"><span class='ocrx_word' id='word_1_270' title='bbox 47 2134 310 2174; x_wconf 85' lang='lat' dir='ltr'><strong>dubitaverint</strong></span> <span class='ocrx_word' id='word_1_271' title='bbox 339 2137 556 2175; x_wconf 89' lang='lat' dir='ltr'><strong>Baronium</strong></span> <span class='ocrx_word' id='word_1_272' title='bbox 587 2139 786 2176; x_wconf 82' lang='lat' dir='ltr'><strong>invenisse</strong></span> <span class='ocrx_word' id='word_1_273' title='bbox 821 2138 935 2175; x_wconf 84' lang='lat' dir='ltr'><strong>fflam</strong></span> <span class='ocrx_word' id='word_1_274' title='bbox 959 2139 1001 2175; x_wconf 89' lang='lat' dir='ltr'><strong>in</strong></span> <span class='ocrx_word' id='word_1_275' title='bbox 1026 2151 1089 2175; x_wconf 87' lang='lat' dir='ltr'><strong>ms</strong></span> <span class='ocrx_word' id='word_1_276' title='bbox 1119 2137 1207 2176; x_wconf 88' lang='lat' dir='ltr'><strong>cod.</strong></span> <span class='ocrx_word' id='word_1_277' title='bbox 1236 2140 1361 2176; x_wconf 88' lang='lat' dir='ltr'><strong>Vatic.</strong></span> <span class='ocrx_word' id='word_1_278' title='bbox 1390 2140 1501 2191; x_wconf 88' lang='lat' dir='ltr'><strong>operi</strong></span> 
     </span>
     <span class='ocr_line' id='line_1_31' title="bbox 46 2203 1498 2257; baseline 0.004 -17"><span class='ocrx_word' id='word_1_279' title='bbox 46 2203 307 2241; x_wconf 79' lang='lat' dir='ltr'><strong>cresconiano</strong></span> <span class='ocrx_word' id='word_1_280' title='bbox 334 2204 576 2255; x_wconf 83' lang='lat' dir='ltr'><strong>praefixam,</strong></span> <span class='ocrx_word' id='word_1_281' title='bbox 607 2219 698 2243; x_wconf 89' lang='lat' dir='ltr'><strong>cum</strong></span> <span class='ocrx_word' id='word_1_282' title='bbox 727 2207 929 2257; x_wconf 87' lang='lat' dir='ltr'><strong>signanter</strong></span> <span class='ocrx_word' id='word_1_283' title='bbox 952 2207 1021 2243; x_wconf 85' lang='lat' dir='ltr'><strong>ille</strong></span> <span class='ocrx_word' id='word_1_284' title='bbox 1048 2207 1243 2243; x_wconf 81' lang='lat' dir='ltr'><strong>notaverit</strong></span> <span class='ocrx_word' id='word_1_285' title='bbox 1264 2206 1350 2245; x_wconf 89' lang='lat' dir='ltr'><strong>cod.</strong></span> <span class='ocrx_word' id='word_1_286' title='bbox 1371 2209 1498 2246; x_wconf 85' lang='lat' dir='ltr'><strong>Valli-</strong></span> 
     </span>
     <span class='ocr_line' id='line_1_32' title="bbox 46 2271 1497 2326; baseline 0.003 -17"><span class='ocrx_word' id='word_1_287' title='bbox 46 2272 243 2310; x_wconf 84' lang='lat' dir='ltr'><strong>cellanum</strong></span> <span class='ocrx_word' id='word_1_288' title='bbox 271 2278 310 2308; x_wconf 89' lang='lat' dir='ltr'><strong>et</strong></span> <span class='ocrx_word' id='word_1_289' title='bbox 334 2271 616 2310; x_wconf 81' lang='lat' dir='ltr'><strong>intermedium</strong></span> <span class='ocrx_word' id='word_1_290' title='bbox 646 2274 731 2310; x_wconf 90' lang='lat' dir='ltr'><strong>eius</strong></span> <span class='ocrx_word' id='word_1_291' title='bbox 760 2273 922 2322; x_wconf 86' lang='lat' dir='ltr'><strong>folium,</strong></span> <span class='ocrx_word' id='word_1_292' title='bbox 960 2273 1066 2311; x_wconf 86' lang='lat' dir='ltr'><strong>unde</strong></span> <span class='ocrx_word' id='word_1_293' title='bbox 1105 2287 1195 2311; x_wconf 88' lang='lat' dir='ltr'><strong>eam</strong></span> <span class='ocrx_word' id='word_1_294' title='bbox 1224 2272 1497 2326; x_wconf 85' lang='lat' dir='ltr'><strong>descripserat.</strong></span> 
     </span>
     <span class='ocr_line' id='line_1_33' title="bbox 45 2338 1498 2394; baseline 0.003 -16"><span class='ocrx_word' id='word_1_295' title='bbox 45 2341 235 2392; x_wconf 83' lang='lat' dir='ltr'><strong>quoniam</strong></span> <span class='ocrx_word' id='word_1_296' title='bbox 258 2353 351 2378; x_wconf 85' lang='lat' dir='ltr'><strong>vero</strong></span> <span class='ocrx_word' id='word_1_297' title='bbox 380 2338 504 2377; x_wconf 87' lang='lat' dir='ltr'><strong>iidem</strong></span> <span class='ocrx_word' id='word_1_298' title='bbox 533 2339 637 2378; x_wconf 89' lang='lat' dir='ltr'><strong>docti</strong></span> <span class='ocrx_word' id='word_1_299' title='bbox 662 2342 738 2378; x_wconf 77' lang='lat' dir='ltr'><strong>viri</strong></span> <span class='ocrx_word' id='word_1_300' title='bbox 763 2341 853 2392; x_wconf 88' lang='lat' dir='ltr'><strong>plus</strong></span> <span class='ocrx_word' id='word_1_301' title='bbox 880 2355 1006 2394; x_wconf 87' lang='lat' dir='ltr'><strong>aequo</strong></span> <span class='ocrx_word' id='word_1_302' title='bbox 1034 2341 1204 2380; x_wconf 88' lang='lat' dir='ltr'><strong>eandem</strong></span> <span class='ocrx_word' id='word_1_303' title='bbox 1220 2349 1358 2380; x_wconf 87' lang='lat' dir='ltr'><strong>notam</strong></span> <span class='ocrx_word' id='word_1_304' title='bbox 1378 2346 1498 2383; x_wconf 90' lang='lat' dir='ltr'><strong>aesti-</strong></span> 
     </span>
     <span class='ocr_line' id='line_1_34' title="bbox 44 2406 1498 2465; baseline 0.003 -20"><span class='ocrx_word' id='word_1_305' title='bbox 44 2413 198 2445; x_wconf 82' lang='lat' dir='ltr'><strong>mantes</strong></span> <span class='ocrx_word' id='word_1_306' title='bbox 221 2406 550 2446; x_wconf 86' lang='lat' dir='ltr'><strong>confidentissime</strong></span> <span class='ocrx_word' id='word_1_307' title='bbox 569 2416 759 2447; x_wconf 85' lang='lat' dir='ltr'><strong>vocarunt</strong></span> <span class='ocrx_word' id='word_1_308' title='bbox 775 2410 890 2446; x_wconf 88' lang='lat' dir='ltr'><strong>illam</strong></span> <span class='ocrx_word' id='word_1_309' title='bbox 907 2411 948 2447; x_wconf 91' lang='lat' dir='ltr'><strong>in</strong></span> <span class='ocrx_word' id='word_1_310' title='bbox 966 2412 1238 2448; x_wconf 88' lang='lat' dir='ltr'><strong>testimonium</strong></span> <span class='ocrx_word' id='word_1_311' title='bbox 1259 2413 1397 2450; x_wconf 83' lang='lat' dir='ltr'><strong>aetatis</strong></span> <span class='ocrx_word' id='word_1_312' title='bbox 1418 2425 1498 2465; x_wconf 88' lang='lat' dir='ltr'><strong>qua</strong></span> 
     </span>
     <span class='ocr_line' id='line_1_35' title="bbox 46 2475 1498 2533; baseline 0.005 -21"><span class='ocrx_word' id='word_1_313' title='bbox 46 2475 275 2513; x_wconf 81' lang='lat' dir='ltr'><strong>Cresconius</strong></span> <span class='ocrx_word' id='word_1_314' title='bbox 305 2475 487 2514; x_wconf 89' lang='lat' dir='ltr'><strong>collector</strong></span> <span class='ocrx_word' id='word_1_315' title='bbox 516 2477 723 2514; x_wconf 84' lang='lat' dir='ltr'><strong>Canomnn</strong></span> <span class='ocrx_word' id='word_1_316' title='bbox 748 2478 896 2527; x_wconf 87' lang='lat' dir='ltr'><strong>floruit,</strong></span> <span class='ocrx_word' id='word_1_317' title='bbox 935 2480 1044 2516; x_wconf 84' lang='lat' dir='ltr'><strong>iuvat</strong></span> <span class='ocrx_word' id='word_1_318' title='bbox 1070 2479 1226 2530; x_wconf 85' lang='lat' dir='ltr'><strong>singula</strong></span> <span class='ocrx_word' id='word_1_319' title='bbox 1255 2493 1357 2533; x_wconf 89' lang='lat' dir='ltr'><strong>quae</strong></span> <span class='ocrx_word' id='word_1_320' title='bbox 1382 2483 1423 2518; x_wconf 87' lang='lat' dir='ltr'><strong>in</strong></span> <span class='ocrx_word' id='word_1_321' title='bbox 1452 2494 1498 2519; x_wconf 86' lang='lat' dir='ltr'><strong>ea</strong></span> 
     </span>
     <span class='ocr_line' id='line_1_36' title="bbox 47 2540 1499 2599; baseline 0.006 -20"><span class='ocrx_word' id='word_1_322' title='bbox 47 2540 250 2581; x_wconf 76' lang='lat' dir='ltr'><strong>adnotator</strong></span> <span class='ocrx_word' id='word_1_323' title='bbox 271 2542 452 2581; x_wconf 78' lang='lat' dir='ltr'><strong>adfirmat</strong></span> <span class='ocrx_word' id='word_1_324' title='bbox 475 2545 603 2582; x_wconf 87' lang='lat' dir='ltr'><strong>obiter</strong></span> <span class='ocrx_word' id='word_1_325' title='bbox 624 2545 873 2597; x_wconf 85' lang='lat' dir='ltr'><strong>expendere:</strong></span> <span class='ocrx_word' id='word_1_326' title='bbox 901 2559 1031 2599; x_wconf 86' lang='lat' dir='ltr'><strong>neque</strong></span> <span class='ocrx_word' id='word_1_327' title='bbox 1050 2549 1159 2585; x_wconf 87' lang='lat' dir='ltr'><strong>enim</strong></span> <span class='ocrx_word' id='word_1_328' title='bbox 1183 2548 1267 2586; x_wconf 90' lang='lat' dir='ltr'><strong>fore</strong></span> <span class='ocrx_word' id='word_1_329' title='bbox 1285 2550 1499 2587; x_wconf 85' lang='lat' dir='ltr'><strong>molestum</strong></span> 
     </span>
     <span class='ocr_line' id='line_1_37' title="bbox 47 2609 1495 2666; baseline 0.007 -20"><span class='ocrx_word' id='word_1_330' title='bbox 47 2609 230 2659; x_wconf 77' lang='lat' dir='ltr'><strong>arbitror,</strong></span> <span class='ocrx_word' id='word_1_331' title='bbox 259 2618 303 2649; x_wconf 88' lang='lat' dir='ltr'><strong>ut</strong></span> <span class='ocrx_word' id='word_1_332' title='bbox 329 2618 441 2662; x_wconf 83' lang='lat' dir='ltr'><strong>capta</strong></span> <span class='ocrx_word' id='word_1_333' title='bbox 464 2613 666 2651; x_wconf 88' lang='lat' dir='ltr'><strong>occasione</strong></span> <span class='ocrx_word' id='word_1_334' title='bbox 683 2613 834 2666; x_wconf 86' lang='lat' dir='ltr'><strong>aliquid</strong></span> <span class='ocrx_word' id='word_1_335' title='bbox 851 2615 1072 2653; x_wconf 83' lang='lat' dir='ltr'><strong>ministrem</strong></span> <span class='ocrx_word' id='word_1_336' title='bbox 1088 2614 1140 2653; x_wconf 87' lang='lat' dir='ltr'><strong>ad</strong></span> <span class='ocrx_word' id='word_1_337' title='bbox 1156 2617 1411 2656; x_wconf 86' lang='lat' dir='ltr'><strong>illustrandos</strong></span> <span class='ocrx_word' id='word_1_338' title='bbox 1432 2619 1495 2656; x_wconf 85' lang='lat' dir='ltr'><strong>Fl.</strong></span> 
     </span>
     <span class='ocr_line' id='line_1_38' title="bbox 47 2675 1495 2739; baseline 0.01 -27"><span class='ocrx_word' id='word_1_339' title='bbox 47 2675 244 2714; x_wconf 79' lang='lat' dir='ltr'><strong>Cresconii</strong></span> <span class='ocrx_word' id='word_1_340' title='bbox 262 2678 420 2730; x_wconf 84' lang='lat' dir='ltr'><strong>Corippi</strong></span> <span class='ocrx_word' id='word_1_341' title='bbox 445 2679 568 2719; x_wconf 86' lang='lat' dir='ltr'><strong>libros</strong></span> <span class='ocrx_word' id='word_1_342' title='bbox 591 2681 640 2720; x_wconf 85' lang='lat' dir='ltr'><strong>de</strong></span> <span class='ocrx_word' id='word_1_343' title='bbox 664 2680 778 2721; x_wconf 83' lang='lat' dir='ltr'><strong>bellis</strong></span> <span class='ocrx_word' id='word_1_344' title='bbox 800 2681 990 2736; x_wconf 75' lang='lat' dir='ltr'><strong>Libycis,</strong></span> <span class='ocrx_word' id='word_1_345' title='bbox 1017 2683 1226 2739; x_wconf 86' lang='lat' dir='ltr'><strong>siquando</strong></span> <span class='ocrx_word' id='word_1_346' title='bbox 1247 2686 1431 2726; x_wconf 79' lang='lat' dir='ltr'><strong>obveniat</strong></span> <span class='ocrx_word' id='word_1_347' title='bbox 1450 2689 1495 2731; x_wconf 68' lang='lat' dir='ltr'><strong>ut</strong></span> 
     </span>
     <span class='ocr_line' id='line_1_39' title="bbox 44 2743 555 2798; baseline 0.016 -17"><span class='ocrx_word' id='word_1_348' title='bbox 44 2743 88 2781; x_wconf 81' lang='lat' dir='ltr'><strong>iu</strong></span> <span class='ocrx_word' id='word_1_349' title='bbox 105 2744 284 2796; x_wconf 84' lang='lat' dir='ltr'><strong>apricum</strong></span> <span class='ocrx_word' id='word_1_350' title='bbox 295 2747 555 2798; x_wconf 80' lang='lat' dir='ltr'><strong>proferantur.</strong></span> 
     </span>
    </p>
   </div>
  </div>
 </body>
</html>
