<?xml version="1.0" encoding="UTF-8"?>
<!DOCTYPE html PUBLIC "-//W3C//DTD XHTML 1.0 Transitional//EN"
    "http://www.w3.org/TR/xhtml1/DTD/xhtml1-transitional.dtd">
<html xmlns="http://www.w3.org/1999/xhtml" xml:lang="en" lang="en">
 <head>
  <title>
</title>
<meta http-equiv="Content-Type" content="text/html;charset=utf-8" />
  <meta name='ocr-system' content='tesseract 3.04.00' />
  <meta name='ocr-capabilities' content='ocr_page ocr_carea ocr_par ocr_line ocrx_word'/>
</head>
<body>
  <div class='ocr_page' id='page_1' title='image "./corpusscriptorum35niebuoft_0492.png"; bbox 0 0 1702 3060; ppageno 0'>
   <div class='ocr_carea' id='block_1_1' title="bbox 268 165 1284 213">
    <p class='ocr_par' dir='ltr' id='par_1_1' title="bbox 268 165 1284 213">
     <span class='ocr_line' id='line_1_1' title="bbox 268 165 1284 213; baseline 0 -2"><span class='ocrx_word' id='word_1_1' title='bbox 268 165 366 213; x_wconf 87' lang='lat'>416</span> <span class='ocrx_word' id='word_1_2' title='bbox 674 167 855 209; x_wconf 87' lang='lat' dir='ltr'><strong>NOTAE</strong></span> <span class='ocrx_word' id='word_1_3' title='bbox 887 167 962 209; x_wconf 58' lang='lat' dir='ltr'>IN&gt;</span> <span class='ocrx_word' id='word_1_4' title='bbox 979 167 1189 211; x_wconf 87' lang='lat' dir='ltr'>LIBRUM</span> <span class='ocrx_word' id='word_1_5' title='bbox 1219 167 1284 211; x_wconf 77' lang='lat'>111</span> 
     </span>
    </p>
   </div>
   <div class='ocr_carea' id='block_1_2' title="bbox 243 272 1692 2398">
    <p class='ocr_par' dir='ltr' id='par_1_2' title="bbox 258 272 1692 1254">
     <span class='ocr_line' id='line_1_2' title="bbox 265 272 1681 326; baseline 0.001 -15"><span class='ocrx_word' id='word_1_6' title='bbox 265 272 448 311; x_wconf 62' lang='lat' dir='ltr'>mandare</span> <span class='ocrx_word' id='word_1_7' title='bbox 468 274 556 309; x_wconf 78' lang='lat' dir='ltr'>vlna</span> <span class='ocrx_word' id='word_1_8' title='bbox 575 272 657 308; x_wconf 85' lang='lat' dir='ltr'>eius</span> <span class='ocrx_word' id='word_1_9' title='bbox 678 273 842 321; x_wconf 79' lang='lat' dir='ltr'>insulae,</span> <span class='ocrx_word' id='word_1_10' title='bbox 871 287 970 325; x_wconf 80' lang='lat' dir='ltr'>quae</span> <span class='ocrx_word' id='word_1_11' title='bbox 989 275 1161 326; x_wconf 85' lang='lat' dir='ltr'>alioquin</span> <span class='ocrx_word' id='word_1_12' title='bbox 1178 286 1258 311; x_wconf 89' lang='lat' dir='ltr'>non</span> <span class='ocrx_word' id='word_1_13' title='bbox 1275 274 1514 312; x_wconf 80' lang='lat' dir='ltr'>nobssissima</span> <span class='ocrx_word' id='word_1_14' title='bbox 1526 303 1538 323; x_wconf 94' lang='lat'>,</span> <span class='ocrx_word' id='word_1_15' title='bbox 1564 276 1681 326; x_wconf 72' lang='lat' dir='ltr'>Ulys-</span> 
     </span>
     <span class='ocr_line' id='line_1_3' title="bbox 265 328 1680 380; baseline 0.001 -14"><span class='ocrx_word' id='word_1_16' title='bbox 265 331 318 366; x_wconf 80' lang='lat' dir='ltr'>sis</span> <span class='ocrx_word' id='word_1_17' title='bbox 349 336 479 365; x_wconf 75' lang='lat' dir='ltr'>tamen</span> <span class='ocrx_word' id='word_1_18' title='bbox 505 329 660 363; x_wconf 85' lang='lat' dir='ltr'>nomine</span> <span class='ocrx_word' id='word_1_19' title='bbox 688 328 830 364; x_wconf 80' lang='lat' dir='ltr'>talibus</span> <span class='ocrx_word' id='word_1_20' title='bbox 866 337 1127 366; x_wconf 84' lang='lat' dir='ltr'>accensentur.</span> <span class='ocrx_word' id='word_1_21' title='bbox 1189 331 1425 380; x_wconf 81' lang='lat' dir='ltr'>Pomponius</span> <span class='ocrx_word' id='word_1_22' title='bbox 1450 331 1553 366; x_wconf 81' lang='lat' dir='ltr'>Mela</span> <span class='ocrx_word' id='word_1_23' title='bbox 1579 333 1604 370; x_wconf 83' lang='lat'><strong>2</strong></span> <span class='ocrx_word' id='word_1_24' title='bbox 1632 334 1680 370; x_wconf 86' lang='lat'>6:</span> 
     </span>
     <span class='ocr_line' id='line_1_4' title="bbox 269 382 1679 434; baseline 0.001 -15"><span class='ocrx_word' id='word_1_25' title='bbox 269 385 401 426; x_wconf 72' lang='lat' dir='ltr'>Same,</span> <span class='ocrx_word' id='word_1_26' title='bbox 432 382 668 430; x_wconf 74' lang='lat' dir='ltr'>Zacynthos,</span> <span class='ocrx_word' id='word_1_27' title='bbox 697 383 946 428; x_wconf 71' lang='lat' dir='ltr'><em>Dulichium,</em></span> <span class='ocrx_word' id='word_1_28' title='bbox 976 391 1011 420; x_wconf 79' lang='lat' dir='ltr'>et</span> <span class='ocrx_word' id='word_1_29' title='bbox 1030 386 1129 420; x_wconf 78' lang='lat' dir='ltr'>inter</span> <span class='ocrx_word' id='word_1_30' title='bbox 1143 397 1220 420; x_wconf 83' lang='lat' dir='ltr'>non</span> <span class='ocrx_word' id='word_1_31' title='bbox 1236 384 1422 434; x_wconf 69' lang='lat' dir='ltr'>ignobiles</span> <span class='ocrx_word' id='word_1_32' title='bbox 1446 385 1593 434; x_wconf 72' lang='lat' dir='ltr'>Ulyssis</span> <span class='ocrx_word' id='word_1_33' title='bbox 1610 398 1679 420; x_wconf 89' lang='lat' dir='ltr'>no-</span> 
     </span>
     <span class='ocr_line' id='line_1_5' title="bbox 264 436 1683 489; baseline 0.001 -16"><span class='ocrx_word' id='word_1_34' title='bbox 264 439 366 473; x_wconf 75' lang='lat' dir='ltr'>mine</span> <span class='ocrx_word' id='word_1_35' title='bbox 382 436 524 473; x_wconf 76' lang='lat' dir='ltr'>Ithaca</span> <span class='ocrx_word' id='word_1_36' title='bbox 541 438 706 472; x_wconf 66' lang='lat' dir='ltr'>maxime</span> <span class='ocrx_word' id='word_1_37' title='bbox 720 438 903 483; x_wconf 75' lang='lat' dir='ltr'>illustris,</span> <span class='ocrx_word' id='word_1_38' title='bbox 938 441 1143 489; x_wconf 84' lang='lat' dir='ltr'>praecipue</span> <span class='ocrx_word' id='word_1_39' title='bbox 1165 438 1267 489; x_wconf 89' lang='lat' dir='ltr'>apud</span> <span class='ocrx_word' id='word_1_40' title='bbox 1293 443 1470 489; x_wconf 64' lang='lat' dir='ltr'>poetam,</span> <span class='ocrx_word' id='word_1_41' title='bbox 1509 439 1570 476; x_wconf 86' lang='lat' dir='ltr'>cui</span> <span class='ocrx_word' id='word_1_42' title='bbox 1596 451 1683 476; x_wconf 78' lang='lat' dir='ltr'>eam</span> 
     </span>
     <span class='ocr_line' id='line_1_6' title="bbox 265 489 1684 544; baseline 0.001 -16"><span class='ocrx_word' id='word_1_43' title='bbox 265 504 413 528; x_wconf 79' lang='lat' dir='ltr'>sacram</span> <span class='ocrx_word' id='word_1_44' title='bbox 435 492 525 527; x_wconf 84' lang='lat' dir='ltr'>fecit</span> <span class='ocrx_word' id='word_1_45' title='bbox 543 489 843 531; x_wconf 69' lang='grc' dir='ltr'><em>πολιτικωτάτου</em></span> <span class='ocrx_word' id='word_1_46' title='bbox 872 495 971 530; x_wconf 85' lang='lat' dir='ltr'>inter</span> <span class='ocrx_word' id='word_1_47' title='bbox 996 496 1125 531; x_wconf 87' lang='lat' dir='ltr'>omnia</span> <span class='ocrx_word' id='word_1_48' title='bbox 1147 494 1293 531; x_wconf 83' lang='lat' dir='ltr'>Graeca</span> <span class='ocrx_word' id='word_1_49' title='bbox 1313 495 1464 544; x_wconf 70' lang='lat' dir='ltr'>operis,</span> <span class='ocrx_word' id='word_1_50' title='bbox 1497 494 1684 544; x_wconf 80' lang='lat' dir='ltr'>Ulysseae</span> 
     </span>
     <span class='ocr_line' id='line_1_7' title="bbox 264 547 1692 600; baseline 0.002 -19"><span class='ocrx_word' id='word_1_51' title='bbox 264 548 449 582; x_wconf 84' lang='lat' dir='ltr'>nimirum</span> <span class='ocrx_word' id='word_1_52' title='bbox 474 547 701 584; x_wconf 82' lang='lat' dir='ltr'>Homericae</span> <span class='ocrx_word' id='word_1_53' title='bbox 714 575 725 594; x_wconf 93' lang='lat'>,</span> <span class='ocrx_word' id='word_1_54' title='bbox 765 549 901 596; x_wconf 83' lang='lat' dir='ltr'>gloria.</span> <span class='ocrx_word' id='word_1_55' title='bbox 958 547 1054 585; x_wconf 85' lang='lat' dir='ltr'>haec</span> <span class='ocrx_word' id='word_1_56' title='bbox 1074 551 1206 600; x_wconf 87' lang='lat' dir='ltr'>utique</span> <span class='ocrx_word' id='word_1_57' title='bbox 1227 550 1507 586; x_wconf 71' lang='lat' dir='ltr'>verisimillima</span> <span class='ocrx_word' id='word_1_58' title='bbox 1528 555 1585 585; x_wconf 89' lang='lat' dir='ltr'>est</span> <span class='ocrx_word' id='word_1_59' title='bbox 1606 549 1692 591; x_wconf 50' lang='lat' dir='ltr'>loci,</span> 
     </span>
     <span class='ocr_line' id='line_1_8' title="bbox 263 600 1682 654; baseline 0.002 -18"><span class='ocrx_word' id='word_1_60' title='bbox 263 600 377 637; x_wconf 86' lang='lat' dir='ltr'>huius</span> <span class='ocrx_word' id='word_1_61' title='bbox 399 602 513 638; x_wconf 65' lang='lat' dir='ltr'>lectio</span> <span class='ocrx_word' id='word_1_62' title='bbox 525 629 534 646; x_wconf 91' lang='lat'>,</span> <span class='ocrx_word' id='word_1_63' title='bbox 565 602 597 637; x_wconf 83' lang='lat' dir='ltr'>si</span> <span class='ocrx_word' id='word_1_64' title='bbox 617 614 696 637; x_wconf 87' lang='lat' dir='ltr'>non</span> <span class='ocrx_word' id='word_1_65' title='bbox 715 615 805 638; x_wconf 83' lang='lat' dir='ltr'>vera</span> <span class='ocrx_word' id='word_1_66' title='bbox 826 605 923 652; x_wconf 82' lang='lat' dir='ltr'>ipsa,</span> <span class='ocrx_word' id='word_1_67' title='bbox 954 616 975 639; x_wconf 84' lang='lat' dir='ltr'>a</span> <span class='ocrx_word' id='word_1_68' title='bbox 994 616 1070 654; x_wconf 87' lang='lat' dir='ltr'>qua</span> <span class='ocrx_word' id='word_1_69' title='bbox 1087 603 1222 653; x_wconf 82' lang='lat' dir='ltr'>procul</span> <span class='ocrx_word' id='word_1_70' title='bbox 1236 610 1326 641; x_wconf 85' lang='lat' dir='ltr'>sunt</span> <span class='ocrx_word' id='word_1_71' title='bbox 1342 610 1558 641; x_wconf 82' lang='lat' dir='ltr'>commenta</span> <span class='ocrx_word' id='word_1_72' title='bbox 1577 609 1682 639; x_wconf 86' lang='lat' dir='ltr'>cete·-</span> 
     </span>
     <span class='ocr_line' id='line_1_9' title="bbox 262 655 1681 708; baseline 0.001 -16"><span class='ocrx_word' id='word_1_73' title='bbox 262 656 604 704; x_wconf 78' lang='lat' dir='ltr'>rorum.a1gutari</span> <span class='ocrx_word' id='word_1_74' title='bbox 624 658 722 706; x_wconf 85' lang='lat' dir='ltr'>quis,</span> <span class='ocrx_word' id='word_1_75' title='bbox 753 658 831 693; x_wconf 83' lang='lat' dir='ltr'>otio</span> <span class='ocrx_word' id='word_1_76' title='bbox 852 659 982 707; x_wconf 81' lang='lat' dir='ltr'>inepte</span> <span class='ocrx_word' id='word_1_77' title='bbox 1000 659 1174 705; x_wconf 85' lang='lat' dir='ltr'>abutens,</span> <span class='ocrx_word' id='word_1_78' title='bbox 1205 665 1247 694; x_wconf 88' lang='lat' dir='ltr'>ut</span> <span class='ocrx_word' id='word_1_79' title='bbox 1265 666 1353 695; x_wconf 84' lang='lat' dir='ltr'>sunt</span> <span class='ocrx_word' id='word_1_80' title='bbox 1373 659 1530 708; x_wconf 82' lang='lat' dir='ltr'>ingenia</span> <span class='ocrx_word' id='word_1_81' title='bbox 1550 655 1681 694; x_wconf 88' lang='lat' dir='ltr'>homi·-</span> 
     </span>
     <span class='ocr_line' id='line_1_10' title="bbox 264 709 1680 766; baseline 0.001 -20"><span class='ocrx_word' id='word_1_82' title='bbox 264 724 357 749; x_wconf 87' lang='lat' dir='ltr'>uum</span> <span class='ocrx_word' id='word_1_83' title='bbox 375 724 416 746; x_wconf 84' lang='lat' dir='ltr'>m</span> <span class='ocrx_word' id='word_1_84' title='bbox 404 709 476 746; x_wconf 81' lang='lat' dir='ltr'>lul</span> <span class='ocrx_word' id='word_1_85' title='bbox 492 723 571 746; x_wconf 88' lang='lat' dir='ltr'>non</span> <span class='ocrx_word' id='word_1_86' title='bbox 588 710 824 758; x_wconf 86' lang='lat' dir='ltr'>audentium,</span> <span class='ocrx_word' id='word_1_87' title='bbox 854 714 975 766; x_wconf 83' lang='lat' dir='ltr'>possit</span> <span class='ocrx_word' id='word_1_88' title='bbox 994 714 1068 749; x_wconf 88' lang='lat' dir='ltr'>alia</span> <span class='ocrx_word' id='word_1_89' title='bbox 1089 712 1136 750; x_wconf 87' lang='lat' dir='ltr'>de</span> <span class='ocrx_word' id='word_1_90' title='bbox 1153 711 1298 758; x_wconf 84' lang='lat' dir='ltr'><em>Ibana,</em></span> <span class='ocrx_word' id='word_1_91' title='bbox 1319 725 1395 764; x_wconf 90' lang='lat' dir='ltr'>quo</span> <span class='ocrx_word' id='word_1_92' title='bbox 1415 714 1569 750; x_wconf 86' lang='lat' dir='ltr'>nomine</span> <span class='ocrx_word' id='word_1_93' title='bbox 1587 713 1680 749; x_wconf 84' lang='lat' dir='ltr'>Cre-</span> 
     </span>
     <span class='ocr_line' id='line_1_11' title="bbox 264 764 1680 817; baseline 0.002 -17"><span class='ocrx_word' id='word_1_94' title='bbox 264 766 433 802; x_wconf 76' lang='lat' dir='ltr'>tensibus</span> <span class='ocrx_word' id='word_1_95' title='bbox 453 766 588 801; x_wconf 78' lang='lat' dir='ltr'>vinum</span> <span class='ocrx_word' id='word_1_96' title='bbox 609 764 755 801; x_wconf 79' lang='lat' dir='ltr'>dictum</span> <span class='ocrx_word' id='word_1_97' title='bbox 775 772 884 802; x_wconf 81' lang='lat' dir='ltr'>notat</span> <span class='ocrx_word' id='word_1_98' title='bbox 902 767 1140 817; x_wconf 83' lang='lat' dir='ltr'>Hesychius.</span> <span class='ocrx_word' id='word_1_99' title='bbox 1169 766 1238 804; x_wconf 87' lang='lat' dir='ltr'>sed</span> <span class='ocrx_word' id='word_1_100' title='bbox 1258 781 1336 804; x_wconf 87' lang='lat' dir='ltr'>non</span> <span class='ocrx_word' id='word_1_101' title='bbox 1358 775 1415 805; x_wconf 82' lang='lat' dir='ltr'>est</span> <span class='ocrx_word' id='word_1_102' title='bbox 1436 766 1592 804; x_wconf 82' lang='lat' dir='ltr'>aliunde</span> <span class='ocrx_word' id='word_1_103' title='bbox 1615 779 1680 803; x_wconf 86' lang='lat' dir='ltr'>ac-</span> 
     </span>
     <span class='ocr_line' id='line_1_12' title="bbox 262 819 1681 871; baseline 0.001 -15"><span class='ocrx_word' id='word_1_104' title='bbox 262 819 447 856; x_wconf 80' lang='lat' dir='ltr'>cersenda</span> <span class='ocrx_word' id='word_1_105' title='bbox 478 820 706 868; x_wconf 75' lang='lat' dir='ltr'>explicatio,</span> <span class='ocrx_word' id='word_1_106' title='bbox 759 832 857 871; x_wconf 86' lang='lat' dir='ltr'>quae</span> <span class='ocrx_word' id='word_1_107' title='bbox 883 820 989 858; x_wconf 87' lang='lat' dir='ltr'>domi</span> <span class='ocrx_word' id='word_1_108' title='bbox 1017 823 1271 858; x_wconf 82' lang='lat' dir='ltr'>subnascitur.</span> <span class='ocrx_word' id='word_1_109' title='bbox 1327 822 1525 861; x_wconf 85' lang='lat' dir='ltr'>confirmat</span> <span class='ocrx_word' id='word_1_110' title='bbox 1551 828 1681 859; x_wconf 87' lang='lat' dir='ltr'>autem</span> 
     </span>
     <span class='ocr_line' id='line_1_13' title="bbox 262 874 1682 926; baseline 0.001 -16"><span class='ocrx_word' id='word_1_111' title='bbox 262 874 574 911; x_wconf 77' lang='lat' dir='ltr'>emendationem</span> <span class='ocrx_word' id='word_1_112' title='bbox 591 882 763 911; x_wconf 76' lang='lat' dir='ltr'>nostram</span> <span class='ocrx_word' id='word_1_113' title='bbox 777 877 950 912; x_wconf 85' lang='lat' dir='ltr'>maxime</span> <span class='ocrx_word' id='word_1_114' title='bbox 968 889 1100 913; x_wconf 82' lang='lat' dir='ltr'>versus</span> <span class='ocrx_word' id='word_1_115' title='bbox 1120 888 1304 926; x_wconf 86' lang='lat' dir='ltr'>sequens:</span> <span class='ocrx_word' id='word_1_116' title='bbox 1334 877 1506 913; x_wconf 79' lang='lat' dir='ltr'>nondum</span> <span class='ocrx_word' id='word_1_117' title='bbox 1524 877 1682 913; x_wconf 80' lang='lat' dir='ltr'>Troiani</span> 
     </span>
     <span class='ocr_line' id='line_1_14' title="bbox 262 929 1681 980; baseline 0.001 -15"><span class='ocrx_word' id='word_1_118' title='bbox 262 931 391 966; x_wconf 63' lang='lat' dir='ltr'>vitans</span> <span class='ocrx_word' id='word_1_119' title='bbox 411 929 635 965; x_wconf 65' lang='lat' dir='ltr'>discrimina</span> <span class='ocrx_word' id='word_1_120' title='bbox 653 929 757 966; x_wconf 70' lang='lat' dir='ltr'>belli.</span> <span class='ocrx_word' id='word_1_121' title='bbox 788 931 949 967; x_wconf 72' lang='lat' dir='ltr'>BAn’rn.</span> <span class='ocrx_word' id='word_1_122' title='bbox 1004 945 1074 980; x_wconf 86' lang='lat' dir='ltr'>pro</span> <span class='ocrx_word' id='word_1_123' title='bbox 1093 931 1224 967; x_wconf 74' lang='lat' dir='ltr'>lbalia</span> <span class='ocrx_word' id='word_1_124' title='bbox 1243 932 1491 980; x_wconf 80' lang='lat' dir='ltr'>Dempslerus</span> <span class='ocrx_word' id='word_1_125' title='bbox 1508 932 1681 971; x_wconf 20' lang='lat' dir='ltr'>*correxit</span> 
     </span>
     <span class='ocr_line' id='line_1_15' title="bbox 269 982 1681 1035; baseline 0.001 -14"><span class='ocrx_word' id='word_1_126' title='bbox 269 984 445 1021; x_wconf 65' lang='lat' dir='ltr'>Oebalia.</span> <span class='ocrx_word' id='word_1_127' title='bbox 507 982 577 1019; x_wconf 82' lang='lat' dir='ltr'>sed</span> <span class='ocrx_word' id='word_1_128' title='bbox 605 990 642 1019; x_wconf 87' lang='lat' dir='ltr'>et</span> <span class='ocrx_word' id='word_1_129' title='bbox 665 997 734 1033; x_wconf 86' lang='lat' dir='ltr'>pro</span> <span class='ocrx_word' id='word_1_130' title='bbox 757 984 910 1021; x_wconf 75' lang='lat' dir='ltr'>lamina</span> <span class='ocrx_word' id='word_1_131' title='bbox 928 985 1138 1034; x_wconf 83' lang='lat' dir='ltr'>lege-ndum</span> <span class='ocrx_word' id='word_1_132' title='bbox 1154 984 1306 1022; x_wconf 80' lang='lat' dir='ltr'>videtur</span> <span class='ocrx_word' id='word_1_133' title='bbox 1325 986 1477 1022; x_wconf 65' lang='lat' dir='ltr'>limina.</span> <span class='ocrx_word' id='word_1_134' title='bbox 1535 986 1681 1035; x_wconf 82' lang='lat' dir='ltr'>passim</span> 
     </span>
     <span class='ocr_line' id='line_1_16' title="bbox 259 1037 1677 1091; baseline 0.001 -17"><span class='ocrx_word' id='word_1_135' title='bbox 259 1038 357 1076; x_wconf 86' lang='lat' dir='ltr'>haec</span> <span class='ocrx_word' id='word_1_136' title='bbox 377 1037 676 1074; x_wconf 79' lang='lat' dir='ltr'>confunduntur.</span> <span class='ocrx_word' id='word_1_137' title='bbox 707 1038 795 1074; x_wconf 86' lang='lat' dir='ltr'>vide</span> <span class='ocrx_word' id='word_1_138' title='bbox 814 1040 949 1088; x_wconf 77' lang='lat' dir='ltr'>Virgil.</span> <span class='ocrx_word' id='word_1_139' title='bbox 961 1042 1059 1076; x_wconf 88' lang='lat' dir='ltr'>Aen.</span> <span class='ocrx_word' id='word_1_140' title='bbox 1080 1043 1106 1080; x_wconf 82' lang='lat'>2</span> <span class='ocrx_word' id='word_1_141' title='bbox 1124 1041 1216 1080; x_wconf 86' lang='lat'>567.</span> <span class='ocrx_word' id='word_1_142' title='bbox 1246 1041 1313 1076; x_wconf 91' lang='lat' dir='ltr'>ubi</span> <span class='ocrx_word' id='word_1_143' title='bbox 1330 1039 1490 1091; x_wconf 84' lang='lat' dir='ltr'>quidam</span> <span class='ocrx_word' id='word_1_144' title='bbox 1511 1040 1677 1077; x_wconf 76' lang='lat' dir='ltr'>lumina.</span> 
     </span>
     <span class='ocr_line' id='line_1_17' title="bbox 259 1091 1681 1144; baseline 0.001 -15"><span class='ocrx_word' id='word_1_145' title='bbox 259 1095 306 1130; x_wconf 79' lang='lat' dir='ltr'>L.</span> <span class='ocrx_word' id='word_1_146' title='bbox 328 1097 352 1133; x_wconf 82' lang='lat'><strong>3</strong></span> <span class='ocrx_word' id='word_1_147' title='bbox 372 1091 467 1130; x_wconf 78' lang='lat' dir='ltr'>cod.</span> <span class='ocrx_word' id='word_1_148' title='bbox 497 1099 661 1129; x_wconf 78' lang='lat' dir='ltr'>sentent.</span> <span class='ocrx_word' id='word_1_149' title='bbox 688 1106 784 1129; x_wconf 81' lang='lat' dir='ltr'>rese.</span> <span class='ocrx_word' id='word_1_150' title='bbox 811 1106 890 1130; x_wconf 88' lang='lat' dir='ltr'>non</span> <span class='ocrx_word' id='word_1_151' title='bbox 917 1106 1052 1144; x_wconf 82' lang='lat' dir='ltr'>posse:</span> <span class='ocrx_word' id='word_1_152' title='bbox 1091 1095 1159 1130; x_wconf 75' lang='lat' dir='ltr'>sed</span> <span class='ocrx_word' id='word_1_153' title='bbox 1175 1108 1251 1139; x_wconf 79' lang='lat' dir='ltr'>eos,</span> <span class='ocrx_word' id='word_1_154' title='bbox 1293 1097 1364 1144; x_wconf 80' lang='lat' dir='ltr'>qui</span> <span class='ocrx_word' id='word_1_155' title='bbox 1381 1095 1480 1131; x_wconf 80' lang='lat' dir='ltr'>talia</span> <span class='ocrx_word' id='word_1_156' title='bbox 1496 1096 1681 1143; x_wconf 76' lang='lat' dir='ltr'>rescripta</span> 
     </span>
     <span class='ocr_line' id='line_1_18' title="bbox 258 1147 1680 1200; baseline 0.001 -17"><span class='ocrx_word' id='word_1_157' title='bbox 258 1161 398 1184; x_wconf 77' lang='lat' dir='ltr'>meme]</span> <span class='ocrx_word' id='word_1_158' title='bbox 400 1154 495 1190; x_wconf 61' lang='lat' dir='ltr'>ant,</span> <span class='ocrx_word' id='word_1_159' title='bbox 522 1147 639 1182; x_wconf 73' lang='lat' dir='ltr'>enam</span> <span class='ocrx_word' id='word_1_160' title='bbox 657 1147 803 1183; x_wconf 72' lang='lat' dir='ltr'>lumine</span> <span class='ocrx_word' id='word_1_161' title='bbox 819 1148 983 1184; x_wconf 73' lang='grc' dir='ltr'><em>ιἰιιίιοὶον</em></span> <span class='ocrx_word' id='word_1_162' title='bbox 976 1163 1050 1186; x_wconf 75' lang='lat' dir='ltr'>am</span> <span class='ocrx_word' id='word_1_163' title='bbox 1070 1149 1220 1198; x_wconf 76' lang='lat' dir='ltr'>expelli.</span> <span class='ocrx_word' id='word_1_164' title='bbox 1265 1150 1315 1186; x_wconf 81' lang='lat' dir='ltr'>al.</span> <span class='ocrx_word' id='word_1_165' title='bbox 1338 1149 1483 1186; x_wconf 73' lang='lat' dir='ltr'>limine</span> <span class='ocrx_word' id='word_1_166' title='bbox 1543 1147 1680 1200; x_wconf 83' lang='lat' dir='ltr'>quidni</span> 
     </span>
     <span class='ocr_line' id='line_1_19' title="bbox 258 1199 1598 1254; baseline 0.002 -16"><span class='ocrx_word' id='word_1_167' title='bbox 258 1200 425 1239; x_wconf 59' lang='lat' dir='ltr'>melius⁸²</span> <span class='ocrx_word' id='word_1_168' title='bbox 456 1207 494 1237; x_wconf 86' lang='lat' dir='ltr'>at</span> <span class='ocrx_word' id='word_1_169' title='bbox 515 1199 610 1237; x_wconf 82' lang='lat' dir='ltr'>haec</span> <span class='ocrx_word' id='word_1_170' title='bbox 628 1199 771 1238; x_wconf 77' lang='lat' dir='ltr'>diutius</span> <span class='ocrx_word' id='word_1_171' title='bbox 791 1204 970 1253; x_wconf 83' lang='lat' dir='ltr'>persequi</span> <span class='ocrx_word' id='word_1_172' title='bbox 987 1204 1126 1240; x_wconf 86' lang='lat' dir='ltr'>infiniti</span> <span class='ocrx_word' id='word_1_173' title='bbox 1146 1205 1245 1240; x_wconf 83' lang='lat' dir='ltr'>foret</span> <span class='ocrx_word' id='word_1_174' title='bbox 1265 1205 1403 1254; x_wconf 85' lang='lat' dir='ltr'>operis.</span> <span class='ocrx_word' id='word_1_175' title='bbox 1441 1206 1598 1241; x_wconf 65' lang='lat' dir='ltr'>Venox.</span> 
     </span>
    </p>

    <p class='ocr_par' dir='ltr' id='par_1_3' title="bbox 255 1256 1680 1689">
     <span class='ocr_line' id='line_1_20' title="bbox 367 1256 1680 1308; baseline 0.004 -18"><span class='ocrx_word' id='word_1_176' title='bbox 367 1256 433 1296; x_wconf 82' lang='lat'>95.</span> <span class='ocrx_word' id='word_1_177' title='bbox 491 1257 633 1305; x_wconf 26' lang='grc' dir='ltr'>ιΉίιαης]</span> <span class='ocrx_word' id='word_1_178' title='bbox 665 1257 861 1292; x_wconf 76' lang='lat' dir='ltr'>simulavit</span> <span class='ocrx_word' id='word_1_179' title='bbox 878 1258 1064 1308; x_wconf 85' lang='lat' dir='ltr'>Ulysses‘</span> <span class='ocrx_word' id='word_1_180' title='bbox 1053 1259 1256 1305; x_wconf 79' lang='lat' dir='ltr'>insaniam,</span> <span class='ocrx_word' id='word_1_181' title='bbox 1278 1271 1328 1294; x_wconf 85' lang='lat' dir='ltr'>ne</span> <span class='ocrx_word' id='word_1_182' title='bbox 1348 1258 1397 1295; x_wconf 83' lang='lat' dir='ltr'>ad</span> <span class='ocrx_word' id='word_1_183' title='bbox 1416 1258 1565 1296; x_wconf 85' lang='lat' dir='ltr'>bellum</span> <span class='ocrx_word' id='word_1_184' title='bbox 1576 1259 1680 1295; x_wconf 87' lang='lat' dir='ltr'>Tro-</span> 
     </span>
     <span class='ocr_line' id='line_1_21' title="bbox 258 1310 1680 1363; baseline 0 -15"><span class='ocrx_word' id='word_1_185' title='bbox 258 1314 391 1348; x_wconf 82' lang='lat' dir='ltr'>ianum</span> <span class='ocrx_word' id='word_1_186' title='bbox 410 1310 494 1346; x_wconf 82' lang='lat' dir='ltr'>iret.</span> <span class='ocrx_word' id='word_1_187' title='bbox 553 1312 696 1360; x_wconf 76' lang='lat' dir='ltr'>Hygiu.</span> <span class='ocrx_word' id='word_1_188' title='bbox 721 1311 787 1357; x_wconf 82' lang='lat'>95,</span> <span class='ocrx_word' id='word_1_189' title='bbox 819 1311 930 1348; x_wconf 78' lang='lat' dir='ltr'>Ovid.</span> <span class='ocrx_word' id='word_1_190' title='bbox 951 1314 1108 1349; x_wconf 81' lang='lat' dir='ltr'>Metam.</span> <span class='ocrx_word' id='word_1_191' title='bbox 1132 1315 1200 1352; x_wconf 86' lang='lat'>13:</span> <span class='ocrx_word' id='word_1_192' title='bbox 1231 1313 1527 1363; x_wconf 72' lang='lat' dir='ltr'>detrectavilque</span> <span class='ocrx_word' id='word_1_193' title='bbox 1539 1314 1680 1363; x_wconf 76' lang='lat' dir='ltr'>ficrore</span> 
     </span>
     <span class='ocr_line' id='line_1_22' title="bbox 257 1364 1679 1418; baseline 0.001 -16"><span class='ocrx_word' id='word_1_194' title='bbox 257 1365 559 1412; x_wconf 70' lang='lat' dir='ltr'>milc&#39;tc&#39;amfielo.</span> <span class='ocrx_word' id='word_1_195' title='bbox 621 1364 690 1401; x_wconf 90' lang='lat' dir='ltr'>sed</span> <span class='ocrx_word' id='word_1_196' title='bbox 715 1377 810 1416; x_wconf 86' lang='lat' dir='ltr'>quas</span> <span class='ocrx_word' id='word_1_197' title='bbox 838 1367 906 1402; x_wconf 88' lang='lat' dir='ltr'>ille</span> <span class='ocrx_word' id='word_1_198' title='bbox 935 1368 1014 1403; x_wconf 90' lang='lat' dir='ltr'>suis</span> <span class='ocrx_word' id='word_1_199' title='bbox 1044 1368 1223 1403; x_wconf 88' lang='lat' dir='ltr'>manibus</span> <span class='ocrx_word' id='word_1_200' title='bbox 1249 1369 1432 1418; x_wconf 82' lang='lat' dir='ltr'>plantarit</span> <span class='ocrx_word' id='word_1_201' title='bbox 1450 1369 1571 1416; x_wconf 87' lang='lat' dir='ltr'>vites,</span> <span class='ocrx_word' id='word_1_202' title='bbox 1598 1380 1679 1404; x_wconf 82' lang='lat' dir='ltr'>nou</span> 
     </span>
     <span class='ocr_line' id='line_1_23' title="bbox 256 1419 1679 1471; baseline 0.001 -14"><span class='ocrx_word' id='word_1_203' title='bbox 256 1423 336 1470; x_wconf 84' lang='lat' dir='ltr'>legi</span> <span class='ocrx_word' id='word_1_204' title='bbox 354 1419 458 1471; x_wconf 89' lang='lat' dir='ltr'>quod</span> <span class='ocrx_word' id='word_1_205' title='bbox 474 1420 615 1466; x_wconf 76' lang='lat' dir='ltr'>sciam,</span> <span class='ocrx_word' id='word_1_206' title='bbox 652 1421 727 1456; x_wconf 86' lang='lat' dir='ltr'>nisi</span> <span class='ocrx_word' id='word_1_207' title='bbox 749 1420 1057 1469; x_wconf 79' lang='lat' dir='ltr'>nobilissimum,</span> <span class='ocrx_word' id='word_1_208' title='bbox 1096 1423 1264 1458; x_wconf 86' lang='lat' dir='ltr'>Homero</span> <span class='ocrx_word' id='word_1_209' title='bbox 1287 1422 1521 1460; x_wconf 85' lang='lat' dir='ltr'>celebratum</span> <span class='ocrx_word' id='word_1_210' title='bbox 1543 1423 1679 1460; x_wconf 83' lang='lat' dir='ltr'>vinum</span> 
     </span>
     <span class='ocr_line' id='line_1_24' title="bbox 255 1474 1678 1527; baseline 0.001 -15"><span class='ocrx_word' id='word_1_211' title='bbox 255 1478 485 1512; x_wconf 83' lang='lat' dir='ltr'>Maroneum</span> <span class='ocrx_word' id='word_1_212' title='bbox 515 1475 760 1524; x_wconf 83' lang='lat' dir='ltr'>accipiamus.</span> <span class='ocrx_word' id='word_1_213' title='bbox 817 1474 960 1512; x_wconf 89' lang='lat' dir='ltr'>Athen.</span> <span class='ocrx_word' id='word_1_214' title='bbox 992 1478 1014 1515; x_wconf 90' lang='lat'>1</span> <span class='ocrx_word' id='word_1_215' title='bbox 1045 1478 1116 1524; x_wconf 85' lang='lat'>30,</span> <span class='ocrx_word' id='word_1_216' title='bbox 1162 1477 1264 1514; x_wconf 85' lang='lat' dir='ltr'>Plin.</span> <span class='ocrx_word' id='word_1_217' title='bbox 1291 1475 1342 1516; x_wconf 80' lang='lat'>14</span> <span class='ocrx_word' id='word_1_218' title='bbox 1373 1477 1411 1518; x_wconf 86' lang='grc'>5.</span> <span class='ocrx_word' id='word_1_219' title='bbox 1468 1477 1678 1527; x_wconf 81' lang='lat' dir='ltr'>Papinius:</span> 
     </span>
     <span class='ocr_line' id='line_1_25' title="bbox 258 1529 1679 1582; baseline 0.001 -16"><span class='ocrx_word' id='word_1_220' title='bbox 258 1532 473 1566; x_wconf 72' lang='lat' dir='ltr'>Mat-onaeo</span> <span class='ocrx_word' id='word_1_221' title='bbox 479 1529 670 1578; x_wconf 77' lang='lat' dir='ltr'>foedatus</span> <span class='ocrx_word' id='word_1_222' title='bbox 691 1529 843 1566; x_wconf 76' lang='lat' dir='ltr'>lumina</span> <span class='ocrx_word' id='word_1_223' title='bbox 861 1530 1034 1568; x_wconf 76' lang='lat' dir='ltr'>Baccho.</span> <span class='ocrx_word' id='word_1_224' title='bbox 1066 1532 1247 1568; x_wconf 71' lang='lat' dir='ltr'>DEMPST.</span> <span class='ocrx_word' id='word_1_225' title='bbox 1303 1530 1464 1582; x_wconf 84' lang='lat' dir='ltr'>pulchre</span> <span class='ocrx_word' id='word_1_226' title='bbox 1485 1530 1533 1568; x_wconf 86' lang='lat' dir='ltr'>de</span> <span class='ocrx_word' id='word_1_227' title='bbox 1555 1532 1679 1568; x_wconf 81' lang='lat' dir='ltr'>simu-</span> 
     </span>
     <span class='ocr_line' id='line_1_26' title="bbox 256 1585 1679 1635; baseline 0.001 -14"><span class='ocrx_word' id='word_1_228' title='bbox 256 1586 335 1621; x_wconf 86' lang='lat' dir='ltr'>lata</span> <span class='ocrx_word' id='word_1_229' title='bbox 354 1585 504 1621; x_wconf 73' lang='lat' dir='ltr'>insania</span> <span class='ocrx_word' id='word_1_230' title='bbox 516 1585 664 1633; x_wconf 86' lang='lat' dir='ltr'>Ulyssis</span> <span class='ocrx_word' id='word_1_231' title='bbox 684 1591 791 1620; x_wconf 84' lang='lat' dir='ltr'>notat</span> <span class='ocrx_word' id='word_1_232' title='bbox 806 1586 1077 1635; x_wconf 81' lang='lat' dir='ltr'>Dempsterus:</span> <span class='ocrx_word' id='word_1_233' title='bbox 1105 1587 1263 1623; x_wconf 89' lang='lat' dir='ltr'>omnino</span> <span class='ocrx_word' id='word_1_234' title='bbox 1283 1588 1388 1623; x_wconf 85' lang='lat' dir='ltr'>enim</span> <span class='ocrx_word' id='word_1_235' title='bbox 1402 1598 1557 1624; x_wconf 82' lang='lat' dir='ltr'>eorsum</span> <span class='ocrx_word' id='word_1_236' title='bbox 1576 1586 1679 1623; x_wconf 80' lang='lat' dir='ltr'>allu-</span> 
     </span>
     <span class='ocr_line' id='line_1_27' title="bbox 257 1639 758 1689; baseline -0.004 -13"><span class='ocrx_word' id='word_1_237' title='bbox 257 1639 313 1676; x_wconf 87' lang='lat' dir='ltr'>dit</span> <span class='ocrx_word' id='word_1_238' title='bbox 336 1639 536 1689; x_wconf 85' lang='lat' dir='ltr'>Corippus.</span> <span class='ocrx_word' id='word_1_239' title='bbox 594 1640 758 1675; x_wconf 55' lang='lat' dir='ltr'>Bima.</span> 
     </span>
    </p>

    <p class='ocr_par' dir='ltr' id='par_1_4' title="bbox 252 1693 1678 1909">
     <span class='ocr_line' id='line_1_28' title="bbox 366 1693 1678 1746; baseline 0.004 -18"><span class='ocrx_word' id='word_1_240' title='bbox 366 1695 432 1734; x_wconf 84' lang='grc'>96.</span> <span class='ocrx_word' id='word_1_241' title='bbox 490 1695 682 1743; x_wconf 75' lang='lat' dir='ltr'>quaeque]</span> <span class='ocrx_word' id='word_1_242' title='bbox 714 1693 1018 1744; x_wconf 82' lang='lat' dir='ltr'>expungendum</span> <span class='ocrx_word' id='word_1_243' title='bbox 1036 1709 1121 1745; x_wconf 85' lang='lat' dir='ltr'>que.</span> <span class='ocrx_word' id='word_1_244' title='bbox 1182 1695 1318 1745; x_wconf 85' lang='lat' dir='ltr'>Virgil.</span> <span class='ocrx_word' id='word_1_245' title='bbox 1339 1696 1480 1746; x_wconf 84' lang='lat' dir='ltr'>Georg.</span> <span class='ocrx_word' id='word_1_246' title='bbox 1500 1698 1550 1736; x_wconf 81' lang='lat'>2:</span> <span class='ocrx_word' id='word_1_247' title='bbox 1578 1708 1678 1746; x_wconf 79' lang='lat' dir='ltr'>quae</span> 
     </span>
     <span class='ocr_line' id='line_1_29' title="bbox 259 1748 1678 1800; baseline 0.002 -16"><span class='ocrx_word' id='word_1_248' title='bbox 259 1748 533 1796; x_wconf 72' lang='lat' dir='ltr'>Methymnaeo</span> <span class='ocrx_word' id='word_1_249' title='bbox 550 1750 681 1796; x_wconf 76' lang='lat' dir='ltr'>carpit</span> <span class='ocrx_word' id='word_1_250' title='bbox 698 1748 744 1784; x_wconf 85' lang='lat' dir='ltr'>de</span> <span class='ocrx_word' id='word_1_251' title='bbox 755 1749 921 1797; x_wconf 76' lang='lat' dir='ltr'>palmite</span> <span class='ocrx_word' id='word_1_252' title='bbox 937 1749 1094 1786; x_wconf 72' lang='lat' dir='ltr'>Lesbos.</span> <span class='ocrx_word' id='word_1_253' title='bbox 1154 1751 1273 1788; x_wconf 83' lang='lat' dir='ltr'>Silius</span> <span class='ocrx_word' id='word_1_254' title='bbox 1293 1753 1342 1790; x_wconf 81' lang='lat'>7:</span> <span class='ocrx_word' id='word_1_255' title='bbox 1371 1750 1602 1800; x_wconf 81' lang='lat' dir='ltr'>Methymna</span> <span class='ocrx_word' id='word_1_256' title='bbox 1603 1751 1678 1800; x_wconf 59' lang='lat' dir='ltr'>se&#39;ss</span> 
     </span>
     <span class='ocr_line' id='line_1_30' title="bbox 252 1803 1676 1856; baseline 0.001 -16"><span class='ocrx_word' id='word_1_257' title='bbox 252 1817 328 1840; x_wconf 63' lang='lat' dir='ltr'>tax</span> <span class='ocrx_word' id='word_1_258' title='bbox 344 1803 472 1838; x_wconf 73' lang='lat' dir='ltr'>Latiis</span> <span class='ocrx_word' id='word_1_259' title='bbox 489 1816 641 1838; x_wconf 70' lang='lat' dir='ltr'>cessura</span> <span class='ocrx_word' id='word_1_260' title='bbox 660 1803 850 1840; x_wconf 74' lang='lat' dir='ltr'>Falernis.</span> <span class='ocrx_word' id='word_1_261' title='bbox 908 1804 1061 1842; x_wconf 82' lang='lat' dir='ltr'>Modius</span> <span class='ocrx_word' id='word_1_262' title='bbox 1079 1817 1139 1855; x_wconf 88' lang='lat' dir='ltr'>ep.</span> <span class='ocrx_word' id='word_1_263' title='bbox 1160 1807 1226 1846; x_wconf 82' lang='lat'>31.</span> <span class='ocrx_word' id='word_1_264' title='bbox 1267 1806 1362 1854; x_wconf 77' lang='lat' dir='ltr'>legit</span> <span class='ocrx_word' id='word_1_265' title='bbox 1371 1805 1490 1856; x_wconf 77' lang='lat' dir='ltr'>ferox</span> <span class='ocrx_word' id='word_1_266' title='bbox 1505 1812 1544 1842; x_wconf 83' lang='lat' dir='ltr'>et</span> <span class='ocrx_word' id='word_1_267' title='bbox 1563 1805 1676 1841; x_wconf 81' lang='lat' dir='ltr'>lacu-</span> 
     </span>
     <span class='ocr_line' id='line_1_31' title="bbox 255 1858 1676 1909; baseline 0.001 -15"><span class='ocrx_word' id='word_1_268' title='bbox 255 1858 341 1894; x_wconf 66' lang='lat' dir='ltr'>has.</span> <span class='ocrx_word' id='word_1_269' title='bbox 374 1859 507 1894; x_wconf 83' lang='lat' dir='ltr'>Horat.</span> <span class='ocrx_word' id='word_1_270' title='bbox 523 1863 594 1892; x_wconf 86' lang='lat' dir='ltr'>sat.</span> <span class='ocrx_word' id='word_1_271' title='bbox 617 1859 641 1896; x_wconf 79' lang='lat'>2</span> <span class='ocrx_word' id='word_1_272' title='bbox 661 1860 700 1904; x_wconf 85' lang='lat'>8,</span> <span class='ocrx_word' id='word_1_273' title='bbox 729 1859 841 1894; x_wconf 81' lang='lat' dir='ltr'>Mart.</span> <span class='ocrx_word' id='word_1_274' title='bbox 861 1860 886 1897; x_wconf 89' lang='lat'>8</span> <span class='ocrx_word' id='word_1_275' title='bbox 908 1859 974 1906; x_wconf 89' lang='lat'>51,</span> <span class='ocrx_word' id='word_1_276' title='bbox 1004 1858 1230 1896; x_wconf 83' lang='lat' dir='ltr'>Callimach.</span> <span class='ocrx_word' id='word_1_277' title='bbox 1253 1861 1372 1909; x_wconf 85' lang='lat' dir='ltr'>epigr.</span> <span class='ocrx_word' id='word_1_278' title='bbox 1397 1862 1464 1900; x_wconf 82' lang='lat'>20.</span> <span class='ocrx_word' id='word_1_279' title='bbox 1491 1861 1676 1898; x_wconf 74' lang='lat' dir='ltr'>DssMPS&#39;r.</span> 
     </span>
    </p>

    <p class='ocr_par' dir='ltr' id='par_1_5' title="bbox 254 1911 1678 2179">
     <span class='ocr_line' id='line_1_32' title="bbox 367 1911 1674 1964; baseline 0.004 -18"><span class='ocrx_word' id='word_1_280' title='bbox 367 1911 419 1947; x_wconf 82' lang='lat' dir='ltr'>ib.</span> <span class='ocrx_word' id='word_1_281' title='bbox 479 1911 566 1960; x_wconf 86' lang='lat' dir='ltr'>lege</span> <span class='ocrx_word' id='word_1_282' title='bbox 587 1924 699 1960; x_wconf 79' lang='lat' dir='ltr'>quae.</span> <span class='ocrx_word' id='word_1_283' title='bbox 761 1919 841 1948; x_wconf 87' lang='lat' dir='ltr'>erat</span> <span class='ocrx_word' id='word_1_284' title='bbox 858 1920 989 1949; x_wconf 87' lang='lat' dir='ltr'>autem</span> <span class='ocrx_word' id='word_1_285' title='bbox 1006 1913 1233 1964; x_wconf 83' lang='lat' dir='ltr'>Methymna</span> <span class='ocrx_word' id='word_1_286' title='bbox 1253 1915 1388 1951; x_wconf 79' lang='lat' dir='ltr'>civitas</span> <span class='ocrx_word' id='word_1_287' title='bbox 1404 1915 1446 1950; x_wconf 86' lang='lat' dir='ltr'>in</span> <span class='ocrx_word' id='word_1_288' title='bbox 1464 1915 1590 1951; x_wconf 86' lang='lat' dir='ltr'>Lesbo</span> <span class='ocrx_word' id='word_1_289' title='bbox 1610 1915 1674 1950; x_wconf 85' lang='lat' dir='ltr'>in-</span> 
     </span>
     <span class='ocr_line' id='line_1_33' title="bbox 255 1965 1677 2018; baseline 0.001 -15"><span class='ocrx_word' id='word_1_290' title='bbox 255 1968 362 2013; x_wconf 86' lang='lat' dir='ltr'>sula,</span> <span class='ocrx_word' id='word_1_291' title='bbox 399 1965 546 2002; x_wconf 69' lang='lat' dir='ltr'>habens</span> <span class='ocrx_word' id='word_1_292' title='bbox 569 1967 889 2015; x_wconf 61' lang='lat' dir='ltr'>prettbsclssimum</span> <span class='ocrx_word' id='word_1_293' title='bbox 911 1969 1063 2012; x_wconf 73' lang='lat' dir='ltr'>vinam,</span> <span class='ocrx_word' id='word_1_294' title='bbox 1091 1975 1134 2004; x_wconf 86' lang='lat' dir='ltr'>ut</span> <span class='ocrx_word' id='word_1_295' title='bbox 1156 1974 1264 2004; x_wconf 73' lang='lat' dir='ltr'>notat</span> <span class='ocrx_word' id='word_1_296' title='bbox 1284 1969 1441 2005; x_wconf 75' lang='lat' dir='ltr'>Servius</span> <span class='ocrx_word' id='word_1_297' title='bbox 1467 1967 1519 2004; x_wconf 83' lang='lat' dir='ltr'>ad</span> <span class='ocrx_word' id='word_1_298' title='bbox 1537 1969 1677 2018; x_wconf 77' lang='lat' dir='ltr'>virgil.-</span> 
     </span>
     <span class='ocr_line' id='line_1_34' title="bbox 254 2021 1678 2074; baseline 0.001 -16"><span class='ocrx_word' id='word_1_299' title='bbox 254 2023 439 2070; x_wconf 76' lang='lat' dir='ltr'>Georg.2</span> <span class='ocrx_word' id='word_1_300' title='bbox 456 2023 522 2060; x_wconf 84' lang='grc'>90.</span> <span class='ocrx_word' id='word_1_301' title='bbox 550 2021 677 2057; x_wconf 72' lang='lat' dir='ltr'>Fooc..</span> <span class='ocrx_word' id='word_1_302' title='bbox 736 2034 827 2070; x_wconf 86' lang='lat' dir='ltr'>ego,</span> <span class='ocrx_word' id='word_1_303' title='bbox 864 2021 969 2072; x_wconf 89' lang='lat' dir='ltr'>quod</span> <span class='ocrx_word' id='word_1_304' title='bbox 989 2021 1114 2059; x_wconf 83' lang='lat' dir='ltr'>codex</span> <span class='ocrx_word' id='word_1_305' title='bbox 1132 2023 1358 2072; x_wconf 86' lang='lat' dir='ltr'>praebebat,</span> <span class='ocrx_word' id='word_1_306' title='bbox 1386 2024 1516 2059; x_wconf 68' lang='lat' dir='ltr'>tenui:</span> <span class='ocrx_word' id='word_1_307' title='bbox 1544 2036 1678 2074; x_wconf 79' lang='lat' dir='ltr'>neque.</span> 
     </span>
     <span class='ocr_line' id='line_1_35' title="bbox 255 2074 1673 2128; baseline 0.002 -16"><span class='ocrx_word' id='word_1_308' title='bbox 255 2079 361 2112; x_wconf 80' lang='lat' dir='ltr'>enim</span> <span class='ocrx_word' id='word_1_309' title='bbox 379 2074 453 2111; x_wconf 89' lang='lat' dir='ltr'>hoc</span> <span class='ocrx_word' id='word_1_310' title='bbox 465 2076 540 2112; x_wconf 53' lang='lat' dir='ltr'>M?</span> <span class='ocrx_word' id='word_1_311' title='bbox 536 2075 751 2124; x_wconf 61' lang='lat' dir='ltr'>tlfymnaeis</span> <span class='ocrx_word' id='word_1_312' title='bbox 770 2076 937 2114; x_wconf 82' lang='lat' dir='ltr'>dete1ius</span> <span class='ocrx_word' id='word_1_313' title='bbox 957 2089 1075 2128; x_wconf 84' lang='lat' dir='ltr'>quam</span> <span class='ocrx_word' id='word_1_314' title='bbox 1092 2078 1161 2114; x_wconf 83' lang='lat' dir='ltr'>illa</span> <span class='ocrx_word' id='word_1_315' title='bbox 1178 2077 1386 2122; x_wconf 53' lang='lat' dir='ltr'>Anasta-i,</span> <span class='ocrx_word' id='word_1_316' title='bbox 1407 2076 1530 2123; x_wconf 63' lang='lat' dir='ltr'>bases,</span> <span class='ocrx_word' id='word_1_317' title='bbox 1557 2078 1673 2115; x_wconf 66' lang='lat' dir='ltr'>sche-</span> 
     </span>
     <span class='ocr_line' id='line_1_36' title="bbox 254 2130 900 2179; baseline 0.002 -13"><span class='ocrx_word' id='word_1_318' title='bbox 254 2132 333 2175; x_wconf 68' lang='lat' dir='ltr'>las,</span> <span class='ocrx_word' id='word_1_319' title='bbox 362 2130 640 2179; x_wconf 71' lang='grc' dir='ltr'><em>Μεηψῆιίιοα,</em></span> <span class='ocrx_word' id='word_1_320' title='bbox 668 2132 900 2179; x_wconf 67' lang='lat' dir='ltr'>mysli‘rlum.</span> 
     </span>
    </p>

    <p class='ocr_par' dir='ltr' id='par_1_6' title="bbox 243 2183 1677 2398">
     <span class='ocr_line' id='line_1_37' title="bbox 364 2183 1671 2237; baseline 0.002 -17"><span class='ocrx_word' id='word_1_321' title='bbox 364 2185 416 2220; x_wconf 79' lang='lat' dir='ltr'>ib.</span> <span class='ocrx_word' id='word_1_322' title='bbox 477 2185 598 2232; x_wconf 78' lang='lat' dir='ltr'>forte,</span> <span class='ocrx_word' id='word_1_323' title='bbox 634 2183 783 2221; x_wconf 87' lang='lat' dir='ltr'>adiecto</span> <span class='ocrx_word' id='word_1_324' title='bbox 812 2185 918 2222; x_wconf 79' lang='lat' dir='ltr'>finali</span> <span class='ocrx_word' id='word_1_325' title='bbox 948 2192 1089 2235; x_wconf 74' lang='lat' dir='ltr'>puncto</span> <span class='ocrx_word' id='word_1_326' title='bbox 1118 2186 1159 2222; x_wconf 87' lang='lat' dir='ltr'>in</span> <span class='ocrx_word' id='word_1_327' title='bbox 1181 2186 1257 2224; x_wconf 88' lang='lat' dir='ltr'>fine</span> <span class='ocrx_word' id='word_1_328' title='bbox 1275 2186 1445 2237; x_wconf 80' lang='lat' dir='ltr'>proximi</span> <span class='ocrx_word' id='word_1_329' title='bbox 1466 2186 1671 2237; x_wconf 76' lang='lat' dir='ltr'>superioris</span> 
     </span>
     <span class='ocr_line' id='line_1_38' title="bbox 253 2238 1671 2291; baseline 0 -15"><span class='ocrx_word' id='word_1_330' title='bbox 253 2252 400 2286; x_wconf 74' lang='lat' dir='ltr'>versus,</span> <span class='ocrx_word' id='word_1_331' title='bbox 434 2241 574 2276; x_wconf 72' lang='lat' dir='ltr'>rectius</span> <span class='ocrx_word' id='word_1_332' title='bbox 596 2238 667 2276; x_wconf 91' lang='lat' dir='ltr'>hos</span> <span class='ocrx_word' id='word_1_333' title='bbox 687 2242 742 2276; x_wconf 87' lang='lat' dir='ltr'>ita</span> <span class='ocrx_word' id='word_1_334' title='bbox 759 2241 886 2290; x_wconf 84' lang='lat' dir='ltr'>legas·</span> <span class='ocrx_word' id='word_1_335' title='bbox 917 2253 1017 2289; x_wconf 77' lang='lat' dir='ltr'>qaae</span> <span class='ocrx_word' id='word_1_336' title='bbox 1035 2241 1321 2290; x_wconf 73' lang='lat' dir='ltr'>Metlzymnaeis</span> <span class='ocrx_word' id='word_1_337' title='bbox 1347 2243 1529 2291; x_wconf 66' lang='lat' dir='ltr'>expressit</span> <span class='ocrx_word' id='word_1_338' title='bbox 1548 2240 1671 2277; x_wconf 82' lang='lat' dir='ltr'>cultor</span> 
     </span>
     <span class='ocr_line' id='line_1_39' title="bbox 253 2294 1677 2344; baseline 0 -14"><span class='ocrx_word' id='word_1_339' title='bbox 253 2294 304 2330; x_wconf 78' lang='lat' dir='ltr'>ab</span> <span class='ocrx_word' id='word_1_340' title='bbox 324 2295 410 2330; x_wconf 70' lang='lat' dir='ltr'>uvis</span> <span class='ocrx_word' id='word_1_341' title='bbox 420 2294 595 2342; x_wconf 80' lang='lat' dir='ltr'>pocula!</span> <span class='ocrx_word' id='word_1_342' title='bbox 636 2308 736 2344; x_wconf 69' lang='lat' dir='ltr'>quae</span> <span class='ocrx_word' id='word_1_343' title='bbox 751 2296 867 2331; x_wconf 69' lang='lat' dir='ltr'>vitreo</span> <span class='ocrx_word' id='word_1_344' title='bbox 877 2294 1117 2344; x_wconf 72' lang='lat' dir='ltr'>flagrabant</span> <span class='ocrx_word' id='word_1_345' title='bbox 1126 2296 1249 2344; x_wconf 79' lang='lat' dir='ltr'>plena</span> <span class='ocrx_word' id='word_1_346' title='bbox 1268 2296 1453 2333; x_wconf 84' lang='lat' dir='ltr'>Falerno</span> <span class='ocrx_word' id='word_1_347' title='bbox 1449 2297 1460 2319; x_wconf 82' lang='lat'><em>&#39;</em></span> <span class='ocrx_word' id='word_1_348' title='bbox 1516 2300 1555 2331; x_wconf 85' lang='lat' dir='ltr'>et</span> <span class='ocrx_word' id='word_1_349' title='bbox 1571 2295 1677 2332; x_wconf 69' lang='lat' dir='ltr'>bene,</span> 
     </span>
     <span class='ocr_line' id='line_1_40' title="bbox 243 2348 1670 2398; baseline 0.005 -16"><span class='ocrx_word' id='word_1_350' title='bbox 243 2348 503 2398; x_wconf 81' lang='lat' dir='ltr'>flagrabant:</span> <span class='ocrx_word' id='word_1_351' title='bbox 534 2349 742 2386; x_wconf 83' lang='lat' dir='ltr'>Falernum</span> <span class='ocrx_word' id='word_1_352' title='bbox 766 2351 871 2386; x_wconf 88' lang='lat' dir='ltr'>enim</span> <span class='ocrx_word' id='word_1_353' title='bbox 900 2349 1041 2386; x_wconf 76' lang='lat' dir='ltr'>ardens</span> <span class='ocrx_word' id='word_1_354' title='bbox 1067 2348 1206 2388; x_wconf 82' lang='lat' dir='ltr'>dicitur</span> <span class='ocrx_word' id='word_1_355' title='bbox 1234 2351 1280 2387; x_wconf 81' lang='lat' dir='ltr'>ab</span> <span class='ocrx_word' id='word_1_356' title='bbox 1308 2352 1441 2387; x_wconf 77' lang='lat' dir='ltr'>Horat.</span> <span class='ocrx_word' id='word_1_357' title='bbox 1467 2351 1492 2389; x_wconf 83' lang='grc'>2</span> <span class='ocrx_word' id='word_1_358' title='bbox 1522 2351 1572 2392; x_wconf 83' lang='lat'>11</span> <span class='ocrx_word' id='word_1_359' title='bbox 1604 2350 1670 2389; x_wconf 88' lang='grc'><em>19</em></span> 
     </span>
    </p>
   </div>
   <div class='ocr_carea' id='block_1_3' title="bbox 253 2449 1670 2618">
    <p class='ocr_par' dir='ltr' id='par_1_7' title="bbox 253 2449 1670 2618">
     <span class='ocr_line' id='line_1_41' title="bbox 363 2449 1670 2510; baseline 0.001 -17"><span class='ocrx_word' id='word_1_360' title='bbox 363 2459 431 2498; x_wconf 87' lang='grc'>97.</span> <span class='ocrx_word' id='word_1_361' title='bbox 486 2457 674 2508; x_wconf 71' lang='lat' dir='ltr'>Falerno]</span> <span class='ocrx_word' id='word_1_362' title='bbox 705 2472 808 2496; x_wconf 86' lang='lat' dir='ltr'>error</span> <span class='ocrx_word' id='word_1_363' title='bbox 827 2461 1014 2510; x_wconf 82' lang='lat' dir='ltr'>insignis:</span> <span class='ocrx_word' id='word_1_364' title='bbox 1049 2449 1142 2497; x_wconf 86' lang='lat' dir='ltr'>nam</span> <span class='ocrx_word' id='word_1_365' title='bbox 1165 2471 1292 2510; x_wconf 85' lang='lat' dir='ltr'>neque</span> <span class='ocrx_word' id='word_1_366' title='bbox 1320 2456 1394 2495; x_wconf 90' lang='lat' dir='ltr'>hoc</span> <span class='ocrx_word' id='word_1_367' title='bbox 1421 2458 1506 2495; x_wconf 75' lang='lat' dir='ltr'>aevi</span> <span class='ocrx_word' id='word_1_368' title='bbox 1533 2458 1670 2495; x_wconf 82' lang='lat' dir='ltr'>vinum</span> 
     </span>
     <span class='ocr_line' id='line_1_42' title="bbox 253 2511 1669 2563; baseline 0 -15"><span class='ocrx_word' id='word_1_369' title='bbox 253 2513 486 2548; x_wconf 81' lang='lat' dir='ltr'>Falernum</span> <span class='ocrx_word' id='word_1_370' title='bbox 474 2525 515 2547; x_wconf 83' lang='lat'>111</span> <span class='ocrx_word' id='word_1_371' title='bbox 535 2525 627 2558; x_wconf 93' lang='lat' dir='ltr'>usu,</span> <span class='ocrx_word' id='word_1_372' title='bbox 665 2513 770 2563; x_wconf 89' lang='lat' dir='ltr'>quod</span> <span class='ocrx_word' id='word_1_373' title='bbox 790 2516 922 2551; x_wconf 80' lang='lat' dir='ltr'>multis</span> <span class='ocrx_word' id='word_1_374' title='bbox 941 2522 1055 2551; x_wconf 78' lang='lat' dir='ltr'>antea</span> <span class='ocrx_word' id='word_1_375' title='bbox 1074 2515 1236 2551; x_wconf 82' lang='lat' dir='ltr'>saeculis</span> <span class='ocrx_word' id='word_1_376' title='bbox 1257 2515 1336 2549; x_wconf 85' lang='lat' dir='ltr'>iam</span> <span class='ocrx_word' id='word_1_377' title='bbox 1355 2511 1569 2559; x_wconf 74' lang='lat' dir='ltr'>defecerat,</span> <span class='ocrx_word' id='word_1_378' title='bbox 1595 2525 1669 2548; x_wconf 88' lang='lat' dir='ltr'>nec</span> 
     </span>
     <span class='ocr_line' id='line_1_43' title="bbox 254 2567 1668 2618; baseline 0 -14"><span class='ocrx_word' id='word_1_379' title='bbox 254 2567 462 2605; x_wconf 86' lang='lat' dir='ltr'>verisimile</span> <span class='ocrx_word' id='word_1_380' title='bbox 487 2579 539 2602; x_wconf 86' lang='lat' dir='ltr'>ex</span> <span class='ocrx_word' id='word_1_381' title='bbox 562 2568 674 2603; x_wconf 85' lang='lat' dir='ltr'>Italia</span> <span class='ocrx_word' id='word_1_382' title='bbox 700 2573 806 2604; x_wconf 78' lang='lat' dir='ltr'>tauto</span> <span class='ocrx_word' id='word_1_383' title='bbox 826 2575 949 2606; x_wconf 80' lang='lat' dir='ltr'>tractu</span> <span class='ocrx_word' id='word_1_384' title='bbox 968 2575 1247 2618; x_wconf 82' lang='lat' dir='ltr'>comportatum</span> <span class='ocrx_word' id='word_1_385' title='bbox 1262 2569 1492 2618; x_wconf 76' lang='lat' dir='ltr'>Byzantium</span> <span class='ocrx_word' id='word_1_386' title='bbox 1510 2568 1668 2614; x_wconf 79' lang='lat' dir='ltr'>vinum3</span> 
     </span>
    </p>
   </div>
   <div class='ocr_carea' id='block_1_4' title="bbox 251 2622 1667 2727">
    <p class='ocr_par' dir='ltr' id='par_1_8' title="bbox 251 2622 1667 2727">
     <span class='ocr_line' id='line_1_44' title="bbox 253 2622 1667 2673; baseline 0.001 -15"><span class='ocrx_word' id='word_1_387' title='bbox 253 2628 388 2658; x_wconf 82' lang='lat' dir='ltr'>notum</span> <span class='ocrx_word' id='word_1_388' title='bbox 407 2622 511 2658; x_wconf 87' lang='lat' dir='ltr'>euim</span> <span class='ocrx_word' id='word_1_389' title='bbox 530 2623 572 2656; x_wconf 80' lang='lat' dir='ltr'>iu</span> <span class='ocrx_word' id='word_1_390' title='bbox 589 2622 768 2658; x_wconf 88' lang='lat' dir='ltr'>Gaurano</span> <span class='ocrx_word' id='word_1_391' title='bbox 785 2635 905 2672; x_wconf 86' lang='lat' dir='ltr'>prope</span> <span class='ocrx_word' id='word_1_392' title='bbox 923 2624 1128 2673; x_wconf 80' lang='lat' dir='ltr'>Neapolim</span> <span class='ocrx_word' id='word_1_393' title='bbox 1153 2629 1283 2660; x_wconf 86' lang='lat' dir='ltr'>moute</span> <span class='ocrx_word' id='word_1_394' title='bbox 1309 2623 1517 2659; x_wconf 83' lang='lat' dir='ltr'>Falernum</span> <span class='ocrx_word' id='word_1_395' title='bbox 1543 2622 1667 2672; x_wconf 79' lang='lat' dir='ltr'>gigni·</span> 
     </span>
     <span class='ocr_line' id='line_1_45' title="bbox 251 2675 1667 2727; baseline 0 -15"><span class='ocrx_word' id='word_1_396' title='bbox 251 2683 404 2726; x_wconf 82' lang='lat' dir='ltr'>praeter</span> <span class='ocrx_word' id='word_1_397' title='bbox 423 2675 664 2727; x_wconf 86' lang='lat' dir='ltr'>geographos</span> <span class='ocrx_word' id='word_1_398' title='bbox 679 2676 751 2714; x_wconf 86' lang='lat' dir='ltr'>Sil.</span> <span class='ocrx_word' id='word_1_399' title='bbox 772 2677 858 2713; x_wconf 78' lang='lat' dir='ltr'>Ital.</span> <span class='ocrx_word' id='word_1_400' title='bbox 881 2680 907 2718; x_wconf 82' lang='grc'><strong><em>7</em></strong></span> <span class='ocrx_word' id='word_1_401' title='bbox 927 2678 1041 2727; x_wconf 86' lang='lat' dir='ltr'>plene</span> <span class='ocrx_word' id='word_1_402' title='bbox 1071 2678 1245 2714; x_wconf 81' lang='lat' dir='ltr'>fabulam</span> <span class='ocrx_word' id='word_1_403' title='bbox 1273 2676 1321 2714; x_wconf 88' lang='lat' dir='ltr'>cle</span> <span class='ocrx_word' id='word_1_404' title='bbox 1343 2678 1506 2715; x_wconf 78' lang='lat' dir='ltr'>Falerno</span> <span class='ocrx_word' id='word_1_405' title='bbox 1523 2682 1667 2713; x_wconf 84' lang='lat' dir='ltr'>narrat.</span> 
     </span>
    </p>
   </div>
   <div class='ocr_carea' id='block_1_5' title="bbox 253 2729 1673 2784">
    <p class='ocr_par' dir='ltr' id='par_1_9' title="bbox 253 2729 1673 2784">
     <span class='ocr_line' id='line_1_46' title="bbox 253 2729 1673 2784; baseline 0 -17"><span class='ocrx_word' id='word_1_406' title='bbox 253 2737 367 2783; x_wconf 82' lang='lat' dir='ltr'>atque</span> <span class='ocrx_word' id='word_1_407' title='bbox 393 2731 452 2768; x_wconf 87' lang='lat' dir='ltr'>illi</span> <span class='ocrx_word' id='word_1_408' title='bbox 478 2729 637 2783; x_wconf 87' lang='lat' dir='ltr'>quidem</span> <span class='ocrx_word' id='word_1_409' title='bbox 667 2732 836 2781; x_wconf 88' lang='lat' dir='ltr'>primum</span> <span class='ocrx_word' id='word_1_410' title='bbox 859 2730 975 2769; x_wconf 88' lang='lat' dir='ltr'>decus</span> <span class='ocrx_word' id='word_1_411' title='bbox 999 2733 1245 2784; x_wconf 83' lang='lat' dir='ltr'>primumque</span> <span class='ocrx_word' id='word_1_412' title='bbox 1265 2733 1434 2783; x_wconf 84' lang='lat' dir='ltr'>pretium</span> <span class='ocrx_word' id='word_1_413' title='bbox 1454 2731 1595 2780; x_wconf 78' lang='lat' dir='ltr'>Georg.</span> <span class='ocrx_word' id='word_1_414' title='bbox 1617 2732 1673 2772; x_wconf 78' lang='lat'>2:-</span> 
     </span>
    </p>
   </div>
  </div>
 </body>
</html>
