1702 3060
413 89 490 133 DE
523 89 797 133 LAUDIBUS
829 87 1053 132 IUSTINI.
1361 85 1460 131 299

18 202 139 250 Ιιῇίΐιι
160 199 379 241 Theodori.
436 200 502 238 vel
527 206 631 238 certe
655 200 738 251 legi
767 204 895 251 potest
919 198 1024 244 alla,
1051 194 1172 250 idque
1195 196 1281 265 ipso
1301 203 1460 235 auctore

24 262 140 309 9¹¹⁰
157 257 278 306 duce,
309 259 379 310 qui
395 259 422 297 2
449 258 526 298 71:
555 257 683 294 altam
703 257 892 294 remeavit
907 257 950 292 in
968 254 1123 292 aulam.
1169 256 1250 292 scio
1269 266 1461 305 maguum

24 318 312 368 *putatorum
336 314 563 365 principum
585 314 722 350 lumen
743 314 951 350 Caesarem
971 313 1188 349 Baronium
1203 318 1232 349 t.
1248 314 1275 354 7
1297 311 1460 362 supple-

33 374 110 413 inse
137 386 239 418 una,
268 369 378 423 quod
404 370 501 407 ferri
526 375 670 420 potest.
699 371 887 406 Dtmrsr.
944 367 1213 419 supplendum
1239 381 1340 415 zma5
1366 380 1461 404 nam

33 431 254 469 iven-sorum
287 427 584 465 coniunctiones
611 426 836 476 elegantem
864 425 1030 461 unitatis
1061 425 1374 475 appellationem
1399 424 1463 461 sa-

30 486 128 524 iunt.
184 486 228 522 in
258 496 306 522 ea
333 483 558 520 coniectura
579 483 787 520 nobiscum
804 487 1084 518 concurrerunt
1103 481 1248 518 Caesar
1268 481 1464 518 Batonius

31 548 46 579 t
73 542 184 580 Elias
211 538 437 578 Putschius.
468 539 635 576 Bia-ru.
690 539 818 590 possis
850 538 970 574 etiam
998 550 1071 587 pro
1104 549 1187 574 una
1212 537 1345 587 legere
1375 544 1458 574 tua.

29 606 128 636 an.
187 609 279 634 cum
297 608 379 634 vox
395 593 696 643 desideraretur,
716 591 760 635 τό
780 607 897 631 sacra
918 592 967 630 de
985 606 1055 631 suo
1075 591 1229 630 addidit
1248 595 1462 644 Dempste—

13 665 85 694 ιιι.
141 651 214 692 sed
241 659 281 690 et
306 652 474 690 victores
502 649 570 688 hic
601 663 692 688 cum
724 651 838 689 victis
866 663 1009 701 parum
1029 648 1170 687 decore
1195 651 1464 701 composuisse

19 710 154 751 nerito.
169 710 361 760 corippus
385 706 512 746 videri
531 715 679 759 posset.
734 707 876 745 malim
895 705 1066 744 idcirco:
1095 708 1260 744 victores
1279 707 1376 744 victi
1394 720 1464 744 ve—

27 765 360 818 truffimulantur
374 765 418 801 in
436 764 549 801 aula.
610 765 667 802 sic
692 766 713 804 1
748 764 822 804 141
840 775 851 800 t
869 763 1041 814 foedera
1066 777 1134 800 seu
1148 765 1268 814 pacis·
1287 777 1379 800 cum
1400 765 1465 802 νὶ-

30 825 80 862 tis
94 823 220 862 vic-tw·
234 823 366 859 iniret.
423 821 519 859 satis
539 821 690 873 alioqui
706 826 804 869 tute,
827 819 935 872 quod
952 821 1171 858 inseruerat
1189 821 1462 870 Dempsterus,

22 887 121 919 aava
142 879 303 916 retineri
322 883 475 929 potest:
505 890 602 914 nam
620 884 659 915 et
682 878 738 914 sic
758 878 908 927 passim
926 877 1101 928 loquitur
1118 884 1267 914 noster.
1300 878 1461 914 Voxcx.

13 935 188 988 supplevi
205 942 292 972 tua.-
323 933 423 971 haec
442 934 550 971 enim
567 946 648 970 vox
665 946 760 984 prae
780 933 933 982 ceteris,
953 945 1051 985 quas
1070 933 1140 970 alii
1155 941 1459 984 supposuerunt,

16 990 334 1030 comnmodatior
354 989 523 1028 videtur.
581 991 712 1027 Foco.

117 1049 184 1090 18.
228 1046 508 1099 fizmulantur.
570 1046 669 1083 ritus
686 1043 811 1092 nulli,
841 1042 949 1097 quod
968 1044 1114 1094 sciam,
1144 1045 1374 1083 observatus
1393 1043 1461 1083 hic

23 1110 124 1142 atet.
151 1117 248 1141 nam
271 1103 422 1141 fercula
447 1101 707 1153 triumphalia
730 1102 773 1139 in
795 1101 953 1139 solenni
971 1103 1088 1153 epulo
1109 1115 1182 1153 per
1201 1103 1376 1153 captivos
1396 1103 1461 1139 in·-

22 1160 244 1198 erebantur.
301 1158 440 1198 Sidon.
461 1159 638 1210 Apollin.
663 1171 784 1196 carm.
806 1161 882 1199 22.
916 1159 1090 1195 succedit
1116 1159 1278 1208 captiua
1306 1158 1462 1204 cohors,

15 1215 282 1269 quaesercula
295 1217 414 1268 gazis
422 1215 514 1267 sert
529 1222 692 1253 onerata
709 1215 805 1252 suis.
853 1227 949 1251 nam
965 1213 1101 1267 quod'
1091 1227 1133 1250 ιιι
1149 1215 1300 1251 ferculo
1318 1217 1462 1252 trium—

0 1273 116 1323 gvohnli
136 1280 267 1312 essent
289 1273 540 1310 subactorum
566 1270 743 1310 hostium
769 1283 981 1321 expressae
1006 1271 1181 1321 effigies,
1210 1271 1463 1309 notissimum

0 1336 66 1369 »est
83 1343 136 1368 ex
153 1330 306 1368 Seneca
326 1327 375 1366 de
391 1330 474 1366 vita
487 1328 604 1365 beata
627 1341 661 1366 c.
681 1327 758 1368 25:
786 1328 830 1364 in
848 1327 1027 1364 alienum
1046 1330 1231 1378 imponar
1233 1328 1444 1379 ferculum
1449 1354 1464 1374 ,

0 1393 265 1424 ›wormturus
281 1385 441 1423 victoris
457 1383 618 1435 superbi
631 1398 682 1422 ac
689 1383 779 1434 seri
788 1396 997 1434 pompam.
1031 1384 1197 1422 Sueton.
1218 1386 1330 1424 Caes.
1349 1398 1382 1422 c.
1395 1387 1464 1427 37.

0 1443 106 1481 =1lter
124 1443 219 1482 Sen.
239 1444 356 1479 Herc.
379 1442 524 1480 Oetaeo
545 1447 622 1478 act.
649 1443 667 1481 1
696 1438 840 1477 choro:
870 1454 951 1477 non
971 1453 1147 1492 pompae
1175 1442 1303 1478 veniet
1334 1441 1465 1480 nobile

9 1499 215 1537 f'erculum.
246 1499 435 1536 Demsr.
492 1497 543 1534 cf.
561 1495 647 1535 Ioh.
664 1498 691 1538 2
720 1497 817 1538 385.

119 1557 187 1596 19.
244 1567 364 1594 sonus
385 1555 570 1592 carminis
592 1554 767 1604 elegans.
808 1554 851 1590 in
868 1553 939 1590 illo
958 1552 1088 1590 solum
1106 1553 1354 1595 excellentem
1371 1555 1462 1592 Ma-

1 1613 94 1650 ·-nni
113 1611 291 1650 debetur.
348 1625 522 1663 cygnum
539 1610 786 1648 excellentem
804 1617 876 1648 etc.
936 1611 1102 1648 ΒΑιιΤΗ.

118 1669 188 1710 21.
243 1668 480 1719 vigilantia,
518 1675 647 1706 mater
675 1668 816 1705 lustini
844 1667 1031 1715 minoris,
1061 1679 1172 1705 soror
1198 1665 1363 1720 quidem
1385 1667 1462 1706 fuit

9 1725 216 1763 ·[ustiniani
230 1725 500 1777 imperatoris,
533 1737 614 1762 non
642 1730 777 1761 autem
799 1724 903 1773 filia,
939 1722 1279 1776 quemadmodum
1295 1725 1398 1762 falso
1418 1724 1462 1766 id,

14 1787 240 1819 annotatum
259 1788 318 1819 est
337 1782 494 1832 saepius
513 1793 636 1834 quam
654 1794 734 1819 uno
753 1781 840 1818 loco
858 1781 906 1818 ab
924 1779 1129 1832 Onuphrio
1143 1782 1350 1830 Panvinio,
1374 1783 1460 1819 viro

3 1838 158 1889 *alioqui
179 1836 497 1889 diligentissimo.
555 1836 662 1890 quod
681 1838 755 1875 etsi
772 1835 924 1889 liquido
948 1844 1099 1874 constat
1114 1850 1166 1875 ex
1182 1838 1366 1890 Corippo,
1391 1840 1462 1890 qui

0 1895 139 1947 ipsum
157 1895 421 1932 Iustinianum
440 1895 680 1932 avunculum
697 1895 907 1946 aliquoties
927 1895 1067 1931 Iustini
1086 1895 1266 1932 nominat
1278 1924 1288 1943 ‚
1319 1909 1462 1934 verum

0 1957 62 1992 nt
71 1956 110 1988 et
127 1948 205 1988 hoc
230 1957 269 1988 et
289 1963 438 1988 nomen
458 1952 580 2002 patris
605 1952 768 1998 Iustini‚
798 1950 907 2003 quod
928 1951 975 1987 ab
997 1950 1139 1988 eodem
1155 1953 1348 1990 Panvinio
1369 1966 1460 1990 me·-

5 2008 157 2053 moriae
180 2005 384 2058 proditum
409 2019 490 2044 non
520 2014 602 2056 est,
630 2008 843 2045 manifesto
866 2008 1049 2045 omnibus
1070 2009 1311 2057 innotescat,
1342 2009 1462 2047 libuit

0 2061 91 2105 AEu‘c
87 2075 299 2115 apponere
316 2077 366 2102 ea
383 2076 484 2116 quae
504 2062 554 2101 de
572 2065 722 2102 Iustino
750 2063 856 2115 apud
872 2066 1071 2102 Victorem
1094 2066 1388 2102 Tunnensem
1376 2079 1461 2103 iam

6 2118 123 2162 ‘nabis
152 2122 331 2171 superius
359 2119 574 2158 adductum
603 2134 679 2158 nec
709 2119 839 2158 adhuc
867 2122 910 2157 in
936 2121 1067 2158 lucem
1097 2120 1248 2158 editum
1271 2123 1314 2158 in
1322 2124 1464 2186 ips-ius

0 2172 203 2222 [mn-onim
230 2178 373 2228 scripta
402 2178 672 2228 reperiuntur3
711 2190 813 2229 quae
841 2175 941 2214 haec
966 2185 1080 2214 sunt·
1111 2178 1290 2215 Instemus
1313 2179 1464 2225 iunior,

0 2227 262 2284 &dantiae
290 2234 433 2270 sororis
458 2233 677 2271 Iustiniani
703 2235 888 2285 Augusti
904 2234 1044 2282 filius,
1072 2241 1192 2284 patre
1216 2234 1464 2272 Dulcissimo

14 2295 146 2336 nam-9,
174 2303 267 2327 cum
292 2288 584 2340 tranquillitate
607 2290 753 2341 populi
779 2304 955 2327 maxcma
982 2291 1139 2341 imperii
1153 2293 1274 2328 sumit
1288 2299 1458 2343 sceptra.

0 2342 131 2390 'kun-⁸
145 2348 288 2386 coniux
310 2346 463 2396 Sophia
489 2346 712 2384 Theodorae
730 2347 946 2398 Augustae
964 2361 1083 2397 nepos
1097 2347 1212 2385 adrev
1212 2349 1306 2386 itur.
1339 2350 1464 2387 Rmz.

14 2401 268 2454 imperatricis
290 2416 450 2440 nomen.
499 2402 641 2440 alludit
661 2405 781 2440 simul
798 2405 987 2441 virtutem
1003 2406 1185 2455 ignaviae
1205 2407 1465 2444 contrariam·

14 2468 64 2497 en
90 2460 198 2497 enim
227 2467 267 2498 et
300 2460 371 2497 illo
406 2460 566 2497 saeculo
601 2461 808 2510 vigilantia
845 2461 1088 2499 censebatur.
1147 2461 1377 2500 Gennadius
1415 2461 1465 2499 de

0 2515 219 2565 magmatis
239 2529 273 2554 c.
293 2517 370 2556 21·
401 2514 576 2553 libertati
591 2515 752 2553 arbitrii
769 2518 835 2554 sui
852 2519 1082 2555 commissus
1105 2526 1162 2555 est
1184 2519 1300 2556 homo
1330 2521 1466 2556 staltm

15 2571 63 2608 in
86 2572 219 2620 pn’rna
245 2573 389 2610 mundi
414 2573 658 2619 condicione,
687 2580 733 2610 ut
758 2573 892 2620 salva,
920 2575 1136 2626 vigilantza
1167 2577 1307 2612 mentis·
1341 2576 1462 2612 culni-

18 2632 136 2672 tente,
163 2629 281 2666 etiam
309 2630 353 2666 in
367 2631 574 2680 praecepti
596 2630 775 2668 custodia
783 2644 1006 2682 perseverat
1008 2639 1062 2668 ·.et
1124 2633 1180 2670 sic
1200 2634 1363 2670 nomine
1383 2632 1461 2669 So-

12 2681 140 2735 phiae
162 2685 362 2734 Augustae
401 2694 582 2725 censetur
617 2689 809 2739 sapientia
843 2689 982 2726 simul:
1022 2701 1118 2725 nam
1148 2702 1194 2726 ea
1227 2689 1461 2738 imperatrix<

18 2751 109 2781 mu
133 2738 294 2779 domino
320 2753 392 2781 suo
418 2744 572 2783 simul
561 2757 755 2796 imperare
787 2746 952 2784 viriliter
986 2746 1230 2782 censebatur.
1290 2742 1395 2781 unde
1422 2751 1460 2781 et
