1702 3060
407 84 466 130 IN
495 86 845 132 IOHANNIDOS
877 87 921 132 Π
950 86 1150 134 NOTAE.
1409 92 1510 138 229

171 193 241 237 53.
298 195 406 247 Virg.
425 196 532 236 Aen.
553 197 579 239 5
597 195 703 240 754:
729 197 801 235 sed
814 196 916 236 bello
931 198 1075 237 vivida(
1089 200 1214 237 m‘rtus
1226 227 1243 246 ‚
1272 207 1311 238 et
1332 203 1384 242 10
1403 204 1508 243 609:

59 263 138 288 non
154 250 289 290 vivida
304 251 404 290 bello
423 254 560 291 dextra
576 255 688 293 viris.

170 306 238 348 54.
296 311 533 350 conterritat.
589 323 670 348 vox
688 310 869 349 addenda
886 311 1029 349 lexicis
1044 313 1195 349 Latinis
1208 341 1218 360 ,
1253 325 1355 365 quae
1370 320 1504 352 tamen

56 366 226 403 occurrit
241 366 344 403 infra
363 368 512 418 pluries
524 396 535 416 ,
563 374 607 404 ut
625 365 759 405 videre
783 375 841 406 est
861 382 914 405 ex
934 367 1069 405 Indice
1084 375 1231 409 nostro.

168 421 237 463 55.
280 422 438 474 finude
454 423 532 460 loci
548 425 653 473 Virg.
672 424 778 462 Aen.
798 426 823 464 9
844 426 938 466 397.

167 476 234 519 56.
288 493 351 516 ms
366 479 592 531 Quigurubi
608 481 726 517 unico
741 480 884 528 verb03
911 478 1019 532 quod
1036 478 1201 517 distinxi
1219 481 1260 517 in
1281 479 1382 518 duo:
1413 493 1506 518 nam

53 539 116 571 est
140 533 301 572 Gurubi
325 536 489 574 fortasse
513 535 621 573 idem
646 549 692 573 ac
720 535 898 582 Gurubi,
936 534 1044 588 quod
1070 534 1189 573 distat
1219 537 1266 573 ab
1287 537 1505 574 Adrumeto

53 586 110 630 48
136 601 192 630 m.
219 604 260 642 p.
288 604 340 629 ex
368 593 574 630 Itinerario
601 592 804 629 Antonini
825 592 1011 644 Augus-ti
1035 606 1074 643 p.
1105 591 1158 632 56
1185 593 1239 635 57
1272 600 1312 629 et
1338 593 1419 634 493
1442 592 1507 634 ed.

52 645 220 686 Amstel.
235 647 340 689 1735
382 647 472 686 vide
491 656 529 685 et
538 649 696 686 Cellarii
714 649 881 686 ZVotiam
895 648 1000 686 orbis
1012 649 1172 698 antiqui
1189 648 1215 688 4
1234 646 1260 688 4
1279 649 1507 700 p‚146—7,

50 701 122 738 ubi
142 701 374 741 describitur
390 706 592 756 provincia
611 707 830 756 Zeugitana
851 720 921 744 seu
942 706 1257 752 Proconsularis,
1287 707 1328 742 iu
1350 719 1427 757 qua
1447 714 1506 744 est

53 757 220 796 Gurubi.
278 773 350 811 pro
380 774 477 798 voce
507 769 698 799 montana
728 762 970 800 substantive
1001 768 1160 812 sumpta
1187 761 1279 798 vide
1309 763 1456 802 Lucan.
1479 762 1507 802 4

50 812 129 854 52:
158 814 326 853 urebant
344 825 534 856 montana
551 820 660 855 nives
673 846 688 863 ,
727 820 814 859 Liv,
835 822 886 859 21
909 818 984 859 34:
1023 825 1068 854 ut
1095 819 1198 854 inter
1220 826 1409 855 montana
1426 846 1438 863 ‚
1468 825 1507 856 et

42 869 152 914 ,Plin.
172 872 234 909 H.
256 873 313 911 Ν.
333 876 358 914 6
381 875 454 914 19:
494 876 538 911 in
565 876 764 912 montanis
789 875 989 922 absolute,
1031 881 1074 911 ut
1096 876 1193 911 etin
1215 875 1345 912 Sacris
1363 875 1504 913 Bibliis

48 938 182 978 saepe,
202 930 326 966 veluti
342 931 438 971 Luc,
454 933 473 971 1
493 933 571 971 39:
601 930 701 968 abiit
721 932 764 968 in
780 939 987 975 montana,
1018 937 1056 967 et
1073 943 1110 970 v.
1130 930 1206 970 65:
1237 945 1355 980 super
1371 933 1504 968 omnia

47 990 240 1021 montana
257 985 442 1025 Iudaeae.
501 1000 636 1025 rursus
655 986 835 1026 offendes
855 989 898 1024 in
918 985 998 1024 hoc
1010 989 1194 1037 poemate
1214 995 1432 1034 montana,
1462 995 1504 1025 ut

45 1052 102 1077 ex
117 1039 267 1083 Indice.

160 1097 228 1139 57.
285 1099 507 1136 Mercurios
523 1099 641 1136 colles
657 1106 752 1150 puto
773 1112 859 1136 esse
875 1098 916 1135 in
937 1100 1203 1150 promontorio
1223 1100 1420 1146 Mercurii,
1453 1097 1502 1136 de

45 1165 126 1204 quo
145 1152 237 1191 vide
256 1155 398 1197 Cellar.
419 1168 449 1194 c,
471 1156 535 1195 cit.
592 1157 673 1193 imo
695 1158 738 1193 iu
757 1155 959 1192 Antonini
978 1157 1186 1192 [litterario
1205 1156 1318 1206 lego:
1352 1155 1404 1193 ab
1416 1156 1503 1192 Ex-

37 1209 288 1259 ploratione,
326 1225 428 1262 quae
453 1211 512 1248 acl
527 1213 779 1257 Effer-curios,
825 1213 945 1263 Tingi
970 1226 1094 1263 usqne
1122 1226 1174 1249 m.
1199 1226 1243 1261 p.
1273 1211 1365 1253 174.
1422 1226 1502 1250 non

42 1266 307 1317 incongruum
326 1274 385 1306 est
402 1269 625 1306 Mercurios
642 1270 774 1306 vocari
796 1269 1020 1306 ,Mercurios
1037 1268 1167 1305 colles.

155 1322 208 1361 ib.
266 1325 398 1375 infera
409 1352 423 1370 ,
451 1338 596 1376 nempe
617 1326 724 1373 loc-a,
756 1331 800 1361 ut
820 1338 937 1375 supra
959 1337 994 1364 v.
1017 1324 1069 1365 56
1092 1331 1296 1362 montana.
1328 1330 1500 1361 attamen

42 1378 200 1417 nullum
217 1378 421 1432 hucusque
445 1388 575 1419 exstat
593 1382 825 1432 exemplum
847 1379 1076 1418 huiusmodi
1098 1382 1139 1417 in
1160 1381 1312 1420 lexicis.

155 1435 222 1478 58.
280 1438 314 1474 si
334 1444 533 1487 postrema
560 1451 642 1475 vox
671 1445 730 1474 est
752 1451 898 1474 nomen
921 1438 1146 1488 proprium,
1187 1444 1231 1473 ut
1256 1435 1358 1473 mihi
1384 1435 1500 1474 vide-

41 1497 127 1540 tur,
158 1494 251 1541 erit,
281 1494 325 1530 ni
341 1493 471 1541 fallor,
503 1494 666 1531 Ausum
683 1495 943 1531 Mauritianae
961 1494 1246 1538 Caesareensis,
1278 1492 1385 1544 quod
1403 1501 1499 1544 puto

40 1550 188 1586 rectius
207 1551 398 1600 scriptum
414 1551 544 1587 Ausi-s·
557 1566 568 1587 .·
607 1564 702 1587 nam
728 1552 771 1586 in
798 1552 959 1601 antiquo
978 1551 1127 1587 Graeco
1148 1550 1367 1586 Ptolemaei
1395 1551 1500 1587 Geo-

35 1604 236 1656 graphiae
268 1605 403 1644 codice
430 1609 601 1658 optimae
620 1615 738 1644 notae
757 1608 800 1643 in
819 1604 1059 1643 bibliotheca
1079 1607 1339 1643 Ambrosiana
1359 1605 1498 1643 adser-

39 1668 132 1698 vato
164 1658 300 1702 αὕσων
328 1663 474 1714 legitur
501 1677 590 1701 oum
616 1665 658 1700 in
686 1670 800 1700 textu
823 1670 910 1700 tum
939 1664 981 1699 in
1005 1663 1139 1699 tabula
1162 1663 1183 1702 1
1214 1663 1394 1709 Africae,
1430 1663 1496 1699 ubi

39 1718 250 1770 utrobique
279 1719 371 1756 libri
401 1719 497 1757 editi
529 1719 679 1757 habent
707 1715 846 1760 av'eov.
903 1733 942 1759 v.
972 1717 1034 1760 ed.
1065 1720 1134 1759 Pe.
1160 1720 1283 1756 Bertii
1312 1721 1355 1756 in
1384 1718 1497 1759 Thes.

45 1773 192 1826 Geogr.
211 1782 239 1816 t.
262 1778 280 1816 1
303 1789 342 1827 p.
362 1777 456 1817 108.

151 1833 218 1872 62.
272 1830 316 1869 hi
335 1834 472 1884 populi
490 1833 650 1870 omnino
674 1839 765 1870 sunt
782 1833 921 1883 ignoti.
980 1833 1168 1869 Macares
1189 1832 1353 1868 fortasse
1373 1845 1495 1882 prope

39 1885 214 1925 desertas
242 1890 423 1939 regiones
449 1891 708 1926 Mauritianae
739 1889 939 1927 Sitifensis
969 1889 1214 1936 incolebant,
1263 1888 1330 1925 ubi
1360 1887 1496 1925 aderat

38 1942 230 1995 oppidum
255 1946 390 1986 Macri.
447 1959 485 1986 v.
512 1947 828 1997 VVesselingium
862 1947 904 1982 in
929 1946 1033 1983 notis
1063 1944 1114 1982 ad
1142 1945 1346 1982 Antonini
1373 1944 1490 1996 Aug.

38 2001 298 2038 itinerarium
317 2015 357 2053 p.
379 2005 453 2051 30,
485 2009 524 2039 et
540 2003 719 2039 Morcelli
739 2002 785 2039 A
775 2003 931 2054 sileam
956 2002 1100 2039 Christ.
1120 2008 1148 2040 t.
1173 2006 1190 2042 1
1214 2015 1253 2051 p.
1277 2004 1370 2042 907.

55 2066 60 2070 '
149 2059 215 2098 66.
272 2071 323 2095 an
347 2059 544 2096 Sllzactae
562 2073 583 2096 a
604 2060 733 2097 Salisa
752 2060 913 2096 flumine
932 2065 1139 2095 traxerunt
1155 2071 1299 2095 nomen
1312 2056 1331 2094 ’ζ
1364 2063 1494 2094 exstat

37 2125 209 2164 namque
227 2113 330 2151 illud
354 2117 396 2152 in
412 2117 628 2166 Tingitana
648 2118 850 2167 provincia
867 2128 988 2166 prope
1010 2115 1213 2152 Atlantem
1233 2116 1428 2150 minorem
1451 2115 1492 2149 in

36 2170 256 2207 Ptolemaei
291 2172 436 2222 Geogr.
462 2170 488 2211 4
514 2173 592 2212 tab.
617 2175 637 2212 l
664 2173 835 2211 Africae.
894 2171 1045 2207 ibidem
1071 2183 1182 2207 secus
1214 2169 1315 2206 illud
1346 2170 1493 2206 flumen

37 2232 128 2263 sunt
160 2227 292 2264 Cauni
318 2229 455 2278 populi
482 2228 700 2265 secundum
727 2230 949 2265 versionem
966 2228 1146 2264 Montani
1176 2228 1216 2262 in
1242 2225 1302 2266 ed.
1326 2227 1492 2268 AmsteL

42 2282 170 2330 1605,
214 2297 284 2334 pro
314 2285 457 2336 quibus
488 2286 530 2321 in
558 2292 672 2322 textu
701 2286 849 2322 Graeco
880 2285 1025 2334 legitur
1054 2286 1272 2331 Καυσῖνοι,
1317 2282 1422 2320 unde
1449 2284 1491 2319 in

37 2336 210 2377 editione
230 2341 324 2377 anui
347 2342 454 2381 1619
484 2343 604 2378 etiam
621 2343 760 2378 Latine
783 2347 875 2378 sunt
900 2340 1077 2377 Causini.
1137 2340 1179 2376 in
1200 2340 1334 2376 tabula
1358 2346 1490 2376 autem

37 2400 169 2432 exstat
186 2394 317 2434 adhuc
343 2398 497 2442 Cauni,
538 2411 627 2434 cum
656 2397 820 2434 eaedem
845 2397 1004 2434 tabulae
1028 2394 1228 2433 adhibitae
1250 2397 1395 2433 fuerim
1418 2410 1488 2447 pro

38 2456 202 2503 utraque
233 2452 416 2494 editione.
475 2453 582 2504 apud
600 2455 815 2492 Cellarium
845 2461 903 2490 est
930 2454 1046 2490 lectio
1078 2455 1275 2504 antiquior
1297 2455 1437 2490 Latina
1463 2451 1489 2491 4

38 2508 64 2546 7
83 2519 122 2556 p.
141 2509 242 2556 213,
272 2523 416 2561 nempe
441 2510 598 2558 Cauni;
641 2517 685 2548 ut
711 2518 750 2548 et
772 2512 815 2548 iu
834 2509 920 2550 cod.
942 2510 1089 2547 Graeco
1109 2510 1372 2547 Ambrosiano
1391 2521 1489 2545 mox

38 2562 156 2600 citato
184 2564 328 2616 legitur
355 2568 529 2608 Καῦνοι.
609 2566 702 2606 hinc
739 2567 893 2607 cannes
931 2573 1046 2604 erunt
1082 2567 1245 2604 forsitan
1284 2565 1406 2603 iidem
1444 2578 1488 2600 uo

41 2618 184 2657 Cauni.

147 2678 216 2716 72.
274 2678 382 2730 Virg-
424 2680 568 2732 Georg.
599 2681 620 2721 1
647 2682 750 2722 111:
791 2694 840 2719 ne
862 2680 1048 2733 gravidis
1071 2677 1308 2733 procumbat
1334 2677 1487 2714 culmus

34 2739 178 2768 ansus.
