1702 3060
1614 0 1673 119 a„
1698 0 1702 18 ¹.

1629 36 1636 43 ι

1665 108 1670 118 ι

249 127 348 176 444
655 131 840 175 NOTAE
870 132 930 176 m
960 133 1172 178 mmmm
1198 134 1266 179 ,Ν
1651 122 1663 150 ⁹

250 240 301 277 sit
321 237 369 276 de
384 237 486 276 vasis
502 251 571 275 seu
586 239 742 277 tesseris
763 239 954 290 argenteis
975 242 1212 293 anaglyptici
1231 242 1378 294 operis,
1406 255 1459 282 an
1477 242 1526 284 «le
1542 258 1664 285 num·-

250 295 325 331 mis
354 295 630 343 imperatorum
655 296 766 331 vultu
794 308 838 332 ac
856 296 980 333 titulis
1000 298 1180 347 signatis,
1220 305 1258 335 et
1279 299 1512 349 probabilius
1533 308 1663 342 censet

250 348 358 400 quod
384 361 476 385 vasa
505 350 691 400 cuiusque
719 351 871 400 generis
891 364 943 388 ex
965 359 1122 402 argento
1138 353 1240 390 facta
1257 352 1488 406 donariaque
1507 358 1664 396 maioris

251 403 432 454 ponderis
449 404 650 453 significet.
680 412 738 442 ast
756 404 854 442 mihi
871 412 1076 458 utrumque
1095 408 1308 457 significare
1327 408 1492 447 videtur.
1510 411 1638 450 Focc'.

363 462 454 499 110.
510 460 635 508 prima
652 462 830 510 pecunia,
848 468 890 498 ut
907 469 1016 498 sonat
1033 475 1176 499 nomen
1196 470 1233 499 et
1255 466 1494 513 grammatici
1514 463 1663 515 docent,

250 512 446 565 pecudum
476 514 664 564 impressa
696 517 824 566 effigie
852 517 1094 566 signabatur,
1135 517 1274 555 deinde
1303 518 1463 556 deorum
1482 520 1686 569 vultibus,⁴

248 570 352 607 Plin.
374 575 412 605 et
428 568 587 607 Ovidius
606 571 709 608 Fast.
732 573 770 611 1.
825 572 961 609 ultimo
984 573 1232 622 imperatores
1259 586 1329 611 suo
1350 575 1507 611 nomine
1525 577 1667 624 gestis-

249 637 325 676 que
344 626 577 662 numismata
593 627 885 676 percutiebant.-
927 627 1098 665 Cassiod.
1120 631 1145 669 7
1168 641 1229 678 ep.
1249 630 1324 669 32:
1363 636 1536 666 monetae
1560 629 1668 666 dehet

251 681 454 728 integritas
473 682 624 730 quaeri,
652 680 722 717 ubi
738 689 774 718 et
795 682 927 718 vultus
942 690 1068 719 noster
1083 683 1319 732 imprimitur
1335 691 1371 720 et
1382 684 1577 734 generali-9
1589 685 1668 721 uti·-

251 735 344 771 litas
360 735 564 772 invenitur.
625 737 650 775 6
670 750 732 786 ep.
750 739 799 776 7:
830 744 873 774 ut
892 738 1022 787 imago
1035 739 1259 787 principum
1275 738 1463 776 subiectos
1479 739 1670 776 videretur

248 803 406 840 pascere
427 804 499 840 per
517 793 797 828 commercium.
856 792 964 829 locus
985 799 1042 829 est
1060 794 1222 842 insignis
1243 793 1445 830 Claudiani
1467 795 1507 830 in
1525 795 1671 833 Ruffin.

254 848 281 886 2
304 844 351 881 de
373 847 503 882 statim
523 845 784 883 denuntiando
804 847 964 884 Caesare
980 847 1156 884 Ruffino:
1184 848 1519 899 inscribipropriie
1527 862 1671 886 aarum

243 900 380 951 fatale
388 900 550 951 figuris,
605 903 789 940 Dmurs'r.

369 955 421 992 ib.
481 955 567 993 dixi
582 957 693 993 vultu
709 958 953 1007 imperatorio
974 957 1118 1006 signari
1136 958 1269 994 solitos
1286 966 1490 995 nummos:
1510 964 1549 994 at
1568 955 1674 1008 apud

257 1012 426 1048 Graecos
443 1011 518 1047 alia
538 1013 647 1058 ratio,
676 1014 756 1048 imo
776 1019 814 1048 et
831 1015 1025 1048 Romanos
1042 1014 1167 1062 prima
1187 1026 1227 1048 re
1242 1013 1412 1062 publica.
1447 1013 1674 1050 Aristoteles

258 1073 360 1102 certe
378 1067 488 1115 polit.
508 1069 532 1105 6
554 1069 776 1116 χαρακτῆρα
795 1074 905 1103 vocat
923 1067 1093 1113 nummi,
1136 1074 1179 1103 ut
1197 1065 1260 1103 hic
1280 1067 1411 1104 titulos·
1421 1068 1674 1118 figuraeque,-

259 1128 299 1158 et
316 1121 461 1170 figurae
478 1122 636 1157 nomine
660 1122 826 1170 intelligi
846 1120 989 1157 debent
1011 1122 1157 1171 effigies
1179 1124 1365 1170 auctoris,
1402 1134 1548 1159 nomen
1562 1151 1572 1170 ,
1611 1124 1676 1158 in-

260 1177 416 1225 scriptio
447 1182 486 1211 et
509 1177 686 1224 signum,
717 1189 786 1213 seu
803 1183 894 1212 nota
910 1176 1110 1213 victoriam
1130 1177 1302 1227 aliquam
1322 1176 1550 1226 designans3
1589 1176 1677 1214 effi-

260 1232 344 1280 gies
363 1236 512 1276 autem,
551 1236 593 1266 ut
608 1230 714 1277 dixi,
751 1231 880 1267 vultus
899 1237 979 1267 erat
998 1233 1274 1281 imperatorum
1290 1234 1567 1278 Romanorum,
1609 1231 1678 1284 qui

259 1291 458 1322 monetam
495 1284 585 1321 cudi
618 1286 805 1322 iubebant
840 1287 971 1322 statim
1001 1293 1116 1337 atque
1142 1287 1350 1336 imperium
1376 1285 1506 1336 adepti
1533 1293 1679 1323 essent.

260 1341 381 1378 Treb.
401 1340 527 1376 Pollio
548 1341 588 1376 iu
608 1341 857 1377 Trebelliano
880 1341 950 1377 lib.
972 1341 994 1380 1
1018 1342 1061 1378 G.
1084 1340 1131 1378 de
1150 1348 1227 1378 vet.
1245 1354 1353 1378 num.
1371 1347 1511 1391 potest.
1533 1340 1679 1378 cedre-

258 1408 334 1433 nus
356 1394 409 1432 de
426 1393 589 1445 Niceph.
609 1394 754 1433 Phoca.
809 1397 1039 1433 Ammianus
1066 1398 1140 1435 26:
1177 1409 1314 1432 aureos
1337 1397 1482 1432 scilicet
1503 1409 1680 1432 nummos

258 1452 302 1487 in
323 1450 477 1486 vultum
494 1451 586 1487 novi
595 1452 787 1500 principis
801 1450 963 1501 aliaque
982 1450 1040 1487 ad
1054 1450 1254 1487 illecebras
1270 1458 1461 1500 aptantes.
1506 1449 1681 1488 Cassiod.

259 1508 286 1546 6
308 1505 424 1542 form.
445 1508 486 1545 7.
540 1518 668 1556 neque
688 1519 778 1543 vero
801 1507 1005 1542 auctoritas
1024 1507 1210 1556 pecuniae
1231 1519 1254 1542 a
1275 1507 1357 1543 solo
1375 1504 1545 1556 pondere
1558 1533 1569 1553 ,
1609 1504 1680 1543 sed

261 1573 285 1596 a
303 1561 415 1597 vultu
438 1561 708 1610 imperatorio3
740 1562 808 1612 qui
829 1563 863 1597 si
879 1561 1078 1609 abfuisset,
1106 1573 1198 1598 usus
1215 1559 1525 1607 interdicebatur,
1554 1561 1582 1598 l.
1602 1561 1682 1601 102

260 1615 303 1652 ff.
325 1614 373 1651 de
394 1616 508 1652 solut.
521 1643 531 1662 ‚
569 1616 599 1652 l.
619 1615 673 1655 24
693 1615 736 1653 ff.
756 1615 804 1652 de
827 1617 935 1666 pign.
959 1623 1032 1652 act.
1089 1629 1161 1652 nec
1175 1622 1326 1652 tantum
1341 1618 1487 1653 Romae
1505 1613 1568 1664 id,
1611 1613 1683 1652 sed

263 1672 306 1707 in
336 1671 566 1720 provinciis3
613 1683 732 1721 quare
763 1678 807 1708 ut
834 1673 979 1707 mirum
1002 1669 1102 1707 illud
1125 1671 1242 1708 refert
1266 1672 1475 1721 Procopius
1503 1669 1552 1707 de
1576 1670 1682 1707 bello

262 1725 381 1762 Goth.
404 1728 453 1772 3,
483 1724 589 1775 quod
605 1727 761 1773 Franci,
799 1739 879 1763 non
906 1732 950 1762 ut
978 1726 1044 1762 alii
1071 1726 1226 1776 populi,
1255 1727 1422 1763 Romani
1440 1725 1682 1775 imperator&

263 1781 456 1829 imagine,
489 1779 558 1817 sed
585 1793 655 1817 sua
679 1782 868 1830 impressa
891 1793 1072 1817 nummos
1100 1782 1268 1830 signent.
1323 1781 1410 1830 lege
1431 1780 1609 1818 Cornelia
1633 1779 1684 1816 ob

264 1834 308 1872 id
329 1842 486 1871 cautum
501 1849 551 1871 ne
572 1837 659 1885 quis
686 1838 858 1885 privatus
879 1837 1085 1885 pecuniam
1102 1835 1277 1882 cuderet,
1306 1837 1460 1886 Ulpiau.
1477 1836 1526 1872 lc
1545 1835 1615 1878 l..9
1639 1833 1684 1871 ff.

269 1889 320 1927 ad
336 1892 363 1926 l.
380 1892 495 1926 Corn.
520 1889 568 1926 de
585 1891 672 1926 fals.
691 1896 728 1925 et
747 1891 839 1926 viris
861 1889 983 1927 doctis
1000 1892 1162 1927 memini
1177 1897 1354 1928 notatum
1369 1902 1420 1926 ex
1432 1890 1569 1927 Paullo
1584 1894 1686 1926 sent.

268 1945 294 1985 5
313 1947 372 1981 tit.
392 1945 459 1985 25.
515 1957 591 1995 quo
606 1945 704 1982 forte
722 1943 824 1981 illud
842 1946 966 1981 Persii
985 1946 1087 1981 refer
1102 1951 1175 1981 sat.
1197 1945 1247 1986 5:
1286 1946 1424 1993 etyeri
1438 1945 1603 1994 speciem
1621 1943 1686 1980 dc:-

265 2011 450 2050 gnoseere
471 1999 607 2044 calles,
645 2013 693 2035 ne
711 2012 790 2050 qna
811 1998 882 2036 sub
897 2006 1027 2035 aerato
1047 2000 1271 2036 mendosum
1285 2001 1426 2036 tinniat
1438 2013 1549 2036 auro,
1608 2011 1686 2035 au.-

268 2069 358 2092 mm
375 2056 549 2102 Persius,
587 2062 717 2092 noster
739 2061 945 2104 argentum
969 2052 1047 2091 hic.
1101 2055 1226 2091 Pollio
1255 2055 1296 2090 in
1312 2056 1479 2093 Victoria
1495 2060 1685 2104 tyranna:

269 2112 355 2147 cusi
375 2117 467 2147 sunt
482 2111 563 2146 eins
581 2111 732 2146 nummi
745 2110 848 2146 aerei
866 2110 977 2146 aurei
994 2116 1031 2145 et
1046 2111 1231 2159 argentei.
1289 2111 1415 2160 prima
1439 2111 1572 2160 itaque
1596 2121 1687 2145 mo-

267 2173 359 2202 neta
378 2178 490 2202 aerea
509 2171 611 2212 erat,
641 2166 825 2202 successit
843 2171 1024 2213 argentea
1046 2177 1253 2215 aureaque.
1307 2165 1570 2214 grammatici,
1598 2165 1688 2199 Ma·-

269 2221 422 2257 crobius
442 2221 598 2258 Saturn.
621 2220 644 2259 1
668 2223 708 2260 7.
765 2218 877 2258 Ovid.
895 2220 999 2257 Fast.
1021 2221 1069 2259 1:
1109 2233 1202 2256 aera
1227 2218 1376 2256 dabant
1402 2219 1513 2264 olim,
1548 2218 1688 2254 melius

269 2288 376 2311 nunc
393 2289 503 2311 omen
523 2276 566 2311 in
581 2288 678 2311 auro
696 2281 764 2311 est.
823 2275 969 2324 triplex
994 2275 1174 2311 materies
1191 2276 1379 2324 pecuniae
1403 2285 1454 2310 ex
1470 2273 1687 2322 Pomponio

266 2329 296 2366 l.
316 2332 343 2369 2
368 2326 389 2379 §
411 2330 547 2366 deinde
567 2329 609 2366 ff.
634 2328 682 2366 de
707 2331 804 2380 orig.
823 2332 900 2366 Iur.
921 2330 1126 2379 colligitur.
1183 2330 1293 2366 Tull.
1317 2328 1365 2365 de
1386 2329 1465 2378 leg.
1484 2329 1532 2367 3:
1561 2328 1689 2364 mino-

267 2398 328 2422 res
345 2386 598 2434 magistratus
616 2398 682 2421 aes
699 2391 906 2435 argentum
923 2398 1066 2421 aarum
1073 2383 1235 2433 publice
1248 2386 1443 2434 signando.
1482 2382 1512 2419 l.
1533 2383 1554 2421 1
1574 2381 1618 2419 ff.
1637 2379 1690 2418 acl

268 2440 348 2488 leg.
369 2440 441 2476 Iul.
465 2439 592 2488 pecul.
648 2440 774 2490 liquet
793 2452 884 2489 ergo
902 2452 976 2476 nec
990 2439 1135 2476 ferreos
1155 2452 1334 2476 nummos
1355 2439 1476 2475 fuisse
1493 2438 1595 2474 ullos
1614 2449 1688 2473 nec

271 2501 451 2532 stanneos
469 2507 540 2530 nec
560 2494 785 2543 plumbeos,
813 2495 905 2531 licet
922 2493 971 2531 de
988 2495 1134 2531 ultimis
1153 2495 1338 2531 Martialis
1361 2494 1383 2532 1
1413 2495 1511 2533 100:
1541 2498 1690 2528 con-⁹12·

271 2562 358 2586 mus
378 2548 449 2585 tibi
460 2549 646 2598 plumbea
662 2548 821 2594 selibra,
864 2555 902 2586 et
932 2551 983 2589 10
1007 2548 1083 2589 74:
1125 2556 1276 2585 centum
1301 2547 1470 2584 merebor
1485 2545 1690 2597 plumbeos

273 2605 336 2642 die
355 2610 442 2640 toto.
501 2604 663 2641 Plautus
683 2604 811 2640 Casin.
831 2615 854 2640 a
873 2616 926 2641 sc.
945 2602 1137 2640 omnibus.-
1168 2605 1234 2640 σαι·
1259 2603 1408 2640 homini
1427 2602 1540 2639 liodie
1555 2601 1692 2651 peculi

274 2672 456 2696 nummus
480 2672 557 2696 non
581 2665 636 2695 est
656 2657 880 2708 plumbeus·
937 2671 1017 2694 non
1045 2664 1088 2694 ut
1116 2658 1213 2707 legit
1242 2660 1438 2695 maximus
1460 2658 1688 2703 Hotmanus,

273 2727 359 2755 uon.
382 2721 437 2752 ost
462 2715 540 2753 m’ffl'
552 2713 793 2765 plumbeus.-
832 2713 917 2753 vult
942 2714 1046 2751 enim
1071 2713 1109 2750 ei
1137 2714 1258 2753 vilem
1283 2714 1462 2767 aliquem⁴
1486 2722 1690 2750 nummum
