1702 3060
224 165 346 196 xxxu
717 149 1156 193 MAZZUCCHELLII

380 258 487 311 felix
508 271 598 295 cum
616 258 748 309 requie
758 285 774 303 ,
803 257 962 309 altaque
980 259 1023 294 in
1041 257 1128 294 sede
1145 257 1289 294 sederet

393 325 493 376 quid
519 327 647 375 Tfytiro
656 325 762 375 jecit
776 331 915 374 pastor
934 324 1055 360 bonus
1070 323 1138 360 ille
1154 325 1364 368 menalcaZ',

394 390 493 443 quid
495 392 608 439 flac-o
627 390 727 427 alter
743 390 856 428 divus
875 390 1080 440 clarusque
1097 390 1299 428 mecenas?

385 465 556 508 patruus
576 486 584 494 .
606 464 644 493 et
651 465 768 508 pater
787 485 795 494 .
818 458 953 503 ducis,
982 457 1139 507 divique
1157 459 1280 494 sereni

392 525 577 560 Pell-arce
598 538 693 570 suo,
721 524 875 561 domino
891 530 1080 574 graloque
1095 525 1291 574 patr-ique.

1676 632 1677 635 „
1672 614 1674 623 -
1667 486 1682 580 υμΑ-,ωῑ
1672 475 1675 479 -
1667 406 1681 468 man-
1660 363 1662 365 ’

394 592 475 639 ipse
495 590 698 627 destitutus
717 589 881 640 supplex
899 597 970 626 tua
987 590 1151 626 numina
1165 591 1308 639 poscit.

393 669 466 692 uec
484 658 536 692 sit
553 657 640 706 ipsa
660 656 771 692 modo
791 670 876 705 spes
895 658 998 693 tanti
1017 658 1186 692 muneris
1204 670 1352 707 expers,

394 721 507 758 detur
523 721 601 758 sibi
617 723 742 758 vic-llis·
761 722 902 759 (lentur
919 723 1146 760 indumenta
1166 723 1359 774 locusque.

399 801 474 837 quo
499 794 656 823 cantare
668 789 795 836 possit
809 787 945 826 laudes
961 795 1123 839 tuasque
1137 790 1334 840 ducisque.

400 853 520 888 militi
538 853 734 890 clarorum
753 854 924 890 militum
940 867 1027 890 mea
1045 856 1222 891 carmina
1239 855 1391 892 dentur.

237 931 351 970 porro
381 931 511 955 nonne
541 918 696 954 videtur
724 921 819 956 Tibi
847 927 884 958 et
914 918 980 958 hic
1006 933 1086 958 nou
1114 933 1225 958 secus
1246 933 1291 957 ac
1311 921 1501 960 Martialis
1520 934 1666 974 magna

239 987 300 1025 sui
319 983 551 1022 confidentia
568 982 719 1020 dicere:

407 1052 487 1087 sint
505 1051 770 1096 Maecenates,
801 1049 962 1087 deerunt
979 1062 1066 1094 nec,
1093 1049 1252 1094 Haece,
1281 1050 1481 1091 Marones.

242 1118 320 1156 alia
338 1119 481 1154 iterum
500 1117 699 1167 complura
717 1116 853 1154 omitto
868 1117 1064 1166 poematia
1075 1144 1086 1164 ‚
1117 1129 1215 1168 quae
1233 1117 1275 1152 in
1293 1115 1424 1154 codice
1442 1128 1670 1172 sequuntur,

242 1198 294 1222 ne
314 1183 443 1221 taedio
467 1185 542 1220 sim
566 1184 726 1220 lectori:
759 1189 911 1218 tantum
932 1180 1091 1218 adverto
1112 1195 1154 1233 p.
1175 1184 1228 1223 37
1248 1190 1401 1233 praesto
1421 1199 1504 1223 esse
1525 1189 1671 1238 episto-

243 1251 325 1290 lam
353 1248 550 1302 quandam
576 1250 660 1286 siue
689 1246 925 1300 epigraphe,
957 1260 1011 1284 ex
1043 1260 1119 1299 qua
1150 1249 1296 1285 eruitur
1319 1250 1491 1288 officium
1511 1254 1674 1306 aliquod

243 1318 466 1368 public-tun,
495 1315 573 1353 vile
605 1322 759 1363 tamen,
793 1327 870 1366 quo
897 1314 1047 1350 scilicet
1071 1314 1219 1351 famem
1239 1317 1476 1367 expelleret,
1507 1318 1672 1357 deman-

242 1383 378 1420 datum
417 1383 478 1419 illi
513 1382 657 1431 fuisse,
704 1380 824 1433 idque
858 1378 1074 1417 Mediolani
1110 1382 1345 1420 exercuisse.
1401 1397 1451 1422 en
1486 1387 1674 1437 epistolae

242 1460 399 1488 versus:

408 1520 473 1551 ast
492 1527 560 1563 ego
578 1511 732 1549 diversa
741 1524 817 1561 per
833 1510 947 1548 devia
967 1512 1105 1548 mentis
1124 1539 1133 1548 .
1157 1519 1195 1548 et·
1209 1526 1317 1551 usus.

410 1579 607 1617 disc-ahor
628 1577 768 1628 irffelix
792 1604 802 1614 .
826 1577 1038 1628 mundique
1055 1578 1294 1627 influttihus
1311 1592 1393 1617 erro

409 1647 476 1684 hic
493 1647 619 1683 rictus
637 1657 698 1680 me
715 1657 810 1680 cura
828 1651 941 1695 urget
959 1671 969 1679 .
989 1644 1126 1681 servile
1142 1644 1272 1682 subire

413 1713 535 1764 offitii
544 1710 704 1761 pondus
729 1738 738 1746 .
763 1711 980 1761 populique
996 1711 1190 1748 intendere
1205 1711 1320 1750 rebus

415 1779 553 1815 invisis
563 1778 735 1828 J‘brtuna
743 1777 852 1827 felix
872 1778 1084 1828 tenerisque
1102 1777 1173 1814 sub
1193 1780 1311 1816 annis

417 1853 600 1882 exsortem
616 1845 751 1894 patria
763 1843 938 1893 pepulit,
966 1846 1184 1896 sparsitque
1194 1859 1270 1895 per
1285 1843 1414 1883 orbem

418 1912 511 1949 exul
530 1939 539 1948 .
562 1913 673 1960 inops
695 1938 703 1947 .
726 1924 854 1961 vagus
874 1938 883 1947 .
905 1911 1114 1962 alienaque
1131 1913 1276 1962 oppida
1293 1926 1419 1949 cum‘o.

255 1977 327 2019 sed
356 1978 452 2031 quid
481 1979 634 2029 quaeris
644 1976 664 2014 ’ἒ
722 1979 854 2028 epicae
883 1979 1002 2014 etiam
1028 1979 1143 2015 tubae
1163 1992 1244 2016 nou
1267 1980 1390 2017 semel
1410 1991 1453 2017 os
1472 1977 1680 2018 admovere

257 2061 374 2085 ausus
404 2053 462 2084 est
487 2044 573 2082 Ioh.
598 2050 730 2080 noster
748 2045 796 2080 L.
817 2042 864 2080 de
885 2045 1018 2082 Bonis.
1073 2053 1162 2095 post
1182 2047 1287 2082 enim
1305 2059 1421 2097 supra
1441 2058 1681 2083 commemo-

258 2122 341 2152 rata
361 2125 477 2164 opera
496 2110 693 2163 quoddam
710 2114 851 2160 poema
870 2109 1020 2148 duobus
1038 2119 1215 2149 constans
1236 2113 1345 2150 libris
1364 2113 1550 2161 occurrit,
1576 2111 1684 2164 quod

259 2194 349 2218 cum
371 2182 414 2216 in
440 2178 599 2215 laudem
626 2178 793 2215 Galeatii
822 2177 1070 2215 Vicecomitis
1098 2176 1310 2214 Mediolani
1339 2176 1447 2215 ducis
1474 2180 1683 2228 scripserit,

257 2249 418 2298 eiusque
439 2252 548 2296 gesta
572 2258 642 2282 seu
664 2246 787 2281 vitam
800 2242 956 2281 heroico
974 2245 1142 2280 carmine
1165 2245 1346 2281 cecinerit
1365 2257 1435 2282 seu
1454 2257 1590 2282 canere
1608 2245 1683 2282 sibi

257 2315 364 2352 visus
394 2313 532 2361 fuerit,
568 2311 711 2349 idcirco
738 2308 840 2348 illud
865 2311 1077 2361 appellavit
1118 2309 1285 2362 (mirare
1314 2311 1419 2348 tituli
1443 2304 1683 2362 novitatem)

263 2381 509 2424 Viscontina,
537 2377 643 2430 quod
672 2379 835 2415 coniicio
858 2391 910 2414 ex
926 2379 1084 2426 notula,
1117 2391 1236 2430 quam
1260 2384 1394 2414 auctor
1411 2378 1564 2428 scripsit
1583 2379 1686 2414 inter

255 2454 467 2498 utrumque
498 2446 644 2482 librum
672 2443 780 2482 hisce
812 2445 940 2482 verbis
970 2451 1178 2495 concepta:
1214 2443 1392 2494 Explicit
1406 2445 1562 2494 primus
1588 2443 1687 2480 liber

257 2515 483 2554 vis-contine.
542 2513 682 2562 incipit
701 2511 893 2548 secundus
912 2511 958 2548 ‹le
975 2519 1062 2548 ortu
1080 2511 1204 2547 ducis.
1263 2522 1402 2561 parum
1431 2517 1563 2547 autem
1591 2523 1686 2547 con-

261 2583 364 2620 ferre
384 2586 545 2632 possunt
563 2580 629 2616 isti
655 2579 745 2616 libri
769 2577 820 2614 ad
837 2575 1040 2614 historiam
1065 2575 1412 2614 Mediolanensem.
1467 2589 1560 2614 sane
1580 2578 1687 2627 prior

264 2655 368 2687 totus
391 2654 566 2686 versatur
583 2647 626 2683 in
645 2643 899 2683 describendo
917 2644 1022 2682 bello
1044 2651 1176 2681 contra
1193 2644 1459 2690 Florentinos,
1486 2641 1591 2694 quod
1611 2654 1686 2679 no-

266 2722 346 2756 ster
361 2715 430 2755 ine
449 2715 599 2767 primus
617 2711 701 2752 dux
717 2713 908 2763 suscepit,
940 2717 979 2750 et
996 2711 1244 2763 peculiariter
1263 2709 1311 2749 de
1330 2722 1538 2762 congressu
1557 2721 1687 2746 anno-
