1702 3060
613 131 932 177 PRAEFATIO.
1426 143 1502 176 ux

54 254 186 287 nmen
203 243 399 284 habentur
418 258 504 283 rara
522 251 565 283 ut
581 245 652 283 vix
669 258 762 284 casu
778 245 909 283 ubivis
924 243 1105 296 gentium
1119 254 1256 280 eorum
1273 239 1437 295 aliquod
1452 254 1505 281 ex

51 321 111 354 ont
136 312 374 352 editionibus
406 314 638 364 exemplum
666 325 813 352 venum
839 313 1066 363 expositum
1093 311 1255 363 reperiri
1289 311 1503 361 contingat,

50 383 185 436 qualia
207 381 390 420 laudatae
411 380 635 433 Appendici
658 382 840 433 Corporis
861 379 1049 418 historiae
1072 381 1315 431 Byzantinae
1337 380 1506 417 interse-

49 451 134 500 mi,
163 452 376 502 separatim
405 451 548 498 etiam,
578 462 655 502 qua
686 448 796 489 vides
827 449 975 496 forma,
1007 448 1185 484 emittere
1207 450 1404 499 optimum
1422 448 1507 485 fore

52 516 175 569 duxi,
204 526 249 557 ut
278 521 319 557 in
351 520 494 557 seriem
522 518 796 566 classicorum,
827 517 895 569 qui
927 517 1032 554 notis
1064 517 1265 553 variormn
1286 515 1382 553 editi
1401 522 1507 564 sunt,

51 586 246 638 Gor-ippus
279 588 398 625 etiam
429 587 567 624 referri
593 592 710 639 queat
738 592 777 623 et
803 585 931 635 magis
955 585 1187 621 innotescat.
1245 597 1376 636 neque
1403 585 1510 620 enim

52 653 313 693 litteratorum
327 653 535 694 hominum
554 656 656 692 curis
675 655 808 692 minus
827 652 938 704 digni
955 659 1046 691 sunt
1066 653 1226 703 Corippi
1246 652 1350 690 libri.
1393 652 1509 702 plura

51 721 96 760 in
125 723 182 760 eis
211 729 322 760 acute
340 729 527 774 concepta
548 730 588 760 et
610 723 812 773 eleganter
832 720 935 759 dicta
958 718 1252 771 deprehendes3
1281 726 1510 772 praeterea·-

52 801 132 842 que
156 789 332 842 locuples
361 792 473 829 testis
505 797 564 829 est
595 790 788 843 corippus
815 790 1035 827 multamnn
1058 801 1190 826 rerum
1209 789 1398 839 temporis
1421 789 1510 836 sui3
1554 801 1560 805 ·

51 868 130 910 qua
155 855 205 894 de
232 871 275 896 re
307 859 391 897 eius
420 861 651 897 auctoritate
685 865 724 895 et
749 856 828 895 fide
858 871 940 895 non
971 857 1098 895 semel
1121 869 1216 894 usus
1237 864 1297 894 est
1314 857 1510 894 Baronius

50 925 186 963 statim
215 937 261 964 ac
286 927 331 964 in
359 927 492 964 lucem
521 924 692 978 prodiit3
723 931 763 962 et
781 936 880 962 mox
899 921 986 960 Ioh.
1007 923 1147 960 Petrus
1167 923 1228 958 De
1248 922 1443 974 Ludewig
1466 925 1510 962 in

51 993 139 1031 eius
173 993 556 1032 oommendationem
591 993 768 1044 scripsit:
821 992 978 1029 utinam
1021 990 1240 1040 corippus,
1277 992 1510 1044 Africanus

47 1060 170 1112 poiita
178 1088 197 1108 ‚
238 1069 334 1100 esset
364 1063 409 1099 in
426 1062 611 1114 plurium
641 1058 853 1098 manibus:
895 1058 967 1096 sed
991 1059 1074 1095 eius
1099 1058 1278 1110 exempla
1305 1059 1448 1096 Ruizii
1475 1065 1512 1095 et

52 1126 311 1168 Ritterohmii
328 1143 408 1167 non
428 1131 486 1167 ita
505 1128 636 1167 obvia.
697 1135 865 1166 meretur
886 1134 985 1165 certe
1006 1128 1042 1165 is
1051 1127 1175 1179 poe‘ta
1198 1126 1335 1165 recudi
1343 1142 1359 1174 ;
1391 1126 1511 1179 idque

50 1195 102 1235 'ob
125 1196 265 1248 plures
291 1211 448 1236 causas.
509 1212 605 1236 nam
637 1196 858 1235 Iustiniani
879 1196 1020 1236 laudes
1035 1198 1145 1234 canit
1152 1225 1168 1242 ,
1197 1210 1259 1233 res
1275 1196 1423 1233 Iustina*
1440 1195 1511 1232 de-

50 1263 191 1302 ser-ibic
210 1269 467 1313 successoris,
495 1267 614 1319 idque
639 1267 840 1318 ingeniose
856 1266 1176 1317 prudenterque,
1206 1271 1252 1302 ut
1278 1264 1398 1302 liceat
1420 1263 1512 1301 inde

53 1339 167 1373 nosse
185 1335 359 1373 curialia
376 1342 462 1373 tum
480 1337 579 1374 vitia
596 1343 680 1372 tum
697 1336 861 1373 virtutes
886 1334 1165 1386 solemniaque.
1227 1332 1370 1386 quodsi
1392 1334 1513 1371 Nico-

52 1402 141 1441 hus
160 1404 404 1442 Alemannus
416 1433 427 1453 ‚
463 1402 727 1442 bibliothecae
746 1405 958 1442 Vaticanae
981 1403 1078 1440 olim
1097 1403 1318 1454 praefectus
1333 1432 1343 1450 ,
1375 1400 1514 1439 deces-

54 1483 120 1509 sor
133 1485 247 1510 meus
260 1501 271 1521 ,
300 1471 405 1510 hanc
424 1473 515 1510 tulit
537 1470 726 1509 adversus
746 1472 962 1522 Corippum
980 1483 1189 1507 censuram
1206 1471 1249 1508 in
1270 1470 1515 1520 praefatione

54 1537 108 1576 ad
123 1541 306 1590 Procopii
325 1539 589 1577 Caesariensis
607 1538 730 1575 libros
751 1539 819 1589 qui
839 1533 1032 1577 ἀνέκδοτα
1051 1537 1214 1574 inscribi
1234 1538 1381 1586 solent,
1407 1532 1516 1575 “Co-

55 1609 195 1658 rippus
214 1614 297 1645 tam
312 1606 560 1658 improvidus
580 1612 634 1642 est
652 1605 871 1643 Iustiniani
890 1611 1010 1656 atque
1024 1605 1172 1642 Iustini
1188 1605 1377 1643 adulator
1394 1619 1517 1657 quam

57 1673 156 1711 levis·
165 1674 317 1725 poeta-.-
347 1675 391 1712 in
409 1673 575 1712 alterius
590 1673 694 1710 enim
711 1671 902 1710 laudibus
922 1673 1123 1711 exsultans
1147 1673 1313 1710 alterius
1338 1674 1381 1710 in
1407 1674 1516 1710 ritu-

50 1743 297 1793 perationem
323 1741 477 1781 labitur
500 1743 686 1779 incautus
711 1740 779 1779 vel
796 1742 934 1791 potius·
962 1741 1160 1780 adductus
1184 1737 1398 1790 veritate,”
1427 1743 1516 1779 ani-

54 1809 282 1850 madvertas
311 1812 404 1850 volo
434 1812 566 1849 virmn
599 1811 827 1862 ceteroquin
861 1812 1043 1862 egregiae
1061 1810 1208 1849 indolis
1228 1817 1266 1848 et
1284 1809 1516 1849 eruditionis

56 1880 115 1917 ita
139 1880 308 1918 sensisse
336 1881 470 1919 nescio
504 1893 581 1932 quo
612 1879 818 1930 abreptum
841 1880 884 1916 in
903 1881 1164 1917 Iustinianum
1181 1880 1334 1928 furore,
1364 1879 1514 1931 princi-

55 1960 149 1999 pem
173 1948 349 2000 profecto
370 1962 451 1987 non
469 1950 554 1987 sine
576 1948 732 1998 magnis
752 1949 881 1996 vitiis,
913 1946 984 1986 sed
1009 1948 1146 1985 multis
1172 1961 1328 2000 quoque
1354 1948 1513 1986 virtuti-

55 2015 130 2054 bus
149 2018 415 2068 conspicuum.
471 2018 507 2055 is
524 2017 635 2054 furor
652 2015 782 2053 effecit
797 2023 842 2053 ut
857 2017 1103 2054 Alemannus
1120 2030 1170 2054 ne
1187 2018 1403 2068 Corippum
1420 2018 1513 2069 qui-

32 2103 34 2105 ·
57 2082 151 2122 dem
180 2086 316 2138 aequis
345 2085 469 2124 oculis
499 2087 673 2136 aspicere
698 2086 889 2136 potuerit,
921 2086 1014 2136 quia
1032 2087 1186 2136 po‘e'tico
1207 2085 1383 2138 quodam
1401 2092 1513 2123 aestu

58 2159 100 2191 et
117 2152 336 2192 secundum
356 2155 504 2192 saeculi
519 2155 581 2192 sui
596 2166 751 2190 morem
773 2153 907 2191 effusis
923 2152 1108 2192 laudibus
1126 2156 1388 2192 Iustinianum
1407 2155 1514 2191 cele-

57 2220 200 2261 bravit.
259 2229 434 2260 ceterum
460 2223 684 2260 criticorum
713 2224 892 2259 olmlitun
914 2223 1135 2260 communis
1157 2229 1217 2260 est
1239 2236 1378 2261 sensus
1394 2253 1404 2272 ,
1436 2224 1515 2261 Co-

55 2290 217 2342 rippam
238 2303 313 2328 nec
336 2292 593 2329 invenustum
618 2304 703 2328 esse
730 2294 893 2342 poetam
913 2304 988 2328 nec
1015 2291 1170 2340 levem3
1204 2298 1243 2329 et
1271 2293 1399 2330 sciens
1419 2305 1517 2343 pru-

31 2361 37 2367 “
59 2355 237 2411 densque
255 2372 396 2397 censeo
412 2359 593 2397 futurum
609 2359 694 2396 fore
718 2366 763 2395 ut
782 2372 860 2411 quo
882 2358 1128 2397 emendatior
1146 2360 1305 2411 legatur
1317 2390 1327 2410 ,
1361 2373 1408 2398 eo
1428 2373 1518 2398 ma-

19 2435 37 2445 *
58 2427 122 2478 gis
144 2425 395 2479 dignoscatur
413 2428 596 2479 elegans,
626 2434 666 2465 et
684 2427 802 2478 plane
824 2426 967 2478 dignus
986 2434 1030 2466 ut
1047 2429 1107 2466 illi
1123 2430 1228 2467 inter
1247 2430 1434 2482 aequales
1455 2443 1519 2467 re·-

58 2506 184 2546 ‘gnum
206 2497 406 2547 poeticum
422 2496 599 2534 conferre
617 2509 698 2534 non
716 2497 802 2534 sine
824 2498 975 2534 ratione
994 2499 1122 2549 possis
1137 2526 1147 2546 ,
1178 2497 1400 2535 secundum
1417 2499 1518 2535 Bar-

62 2560 139 2600 thii
153 2562 362 2614 iudicium,
392 2566 462 2617 qui
482 2563 558 2603 hoc
575 2566 696 2602 etiam
715 2566 914 2616 sapienter
935 2563 1069 2615 addit,
1100 2566 1261 2617 Corippi
1277 2566 1401 2603 libros
1422 2566 1518 2603 ulti-

64 2641 151 2668 mos
177 2643 260 2670 esse
289 2633 536 2684 eloquentiae
567 2634 769 2672 Romanae
803 2641 980 2673 conatus.
1037 2624 1079 2671 et
1107 2647 1202 2672 sane
1233 2635 1444 2674 manifesto
1477 2646 1519 2670 se

64 2695 196 2747 prodit
221 2699 265 2735 in
291 2699 458 2738 lectione
482 2702 674 2739 librorum
692 2704 848 2754 Virgilii
869 2704 1047 2755 apprime
1069 2710 1270 2741 versatum
1295 2709 1334 2739 et
1358 2700 1519 2752 gentilis

65 2765 127 2803 sui
160 2769 310 2818 poetae.
329 2767 538 2809 Claudiani
562 2771 825 2824 imitatorem,
863 2773 974 2812 cuius
1008 2771 1200 2812 sublimes
1225 2771 1404 2821 volatus,
1443 2768 1517 2808 etsi
