1702 3060
250 110 345 156 342
677 112 860 156 NOTAE
890 113 950 156 IN
981 112 1198 156 LIBRUM
1219 113 1240 156 Ι

248 219 410 257 stin‘iani
433 219 674 269 imperatoris
698 220 849 258 labores
873 226 910 257 et
932 218 1140 271 triumphi,
1170 218 1219 256 de
1236 219 1374 271 quihus
1391 219 1464 258 hoc
1479 221 1565 257 loco
1583 221 1660 258 Co·-

250 276 384 325 rippus
408 282 445 311 et
463 276 532 311 lib.
553 277 579 315 2
606 282 643 311 et
666 275 804 312 itidem
819 275 888 312 lib.
909 279 934 316 3
960 278 1058 325 agit,
1086 276 1242 326 profuse
1273 282 1314 312 et
1345 277 1540 326 eleganter
1563 276 1661 312 inter

249 331 393 366 multos
414 330 510 366 alios
529 336 702 366 auctores
723 329 903 380 descripti
920 338 1009 367 sunt
1026 344 1096 381 per
1112 331 1342 380 Procopium
1359 332 1660 381 Caesariensem,

248 391 292 420 ut
322 385 389 433 qui
419 385 533 420 rebus
563 396 587 420 a
617 386 828 422 Iustiniana
855 387 972 436 gestis
992 388 1075 436 ipse
1091 387 1320 437 plerumque
1341 387 1382 422 in
1400 387 1532 422 Persia
1552 386 1661 423 Italia

246 443 287 473 et
313 438 443 474 Africa
469 438 708 488 interfuerit,
748 454 876 478 comes
908 448 946 478 et
971 442 1208 478 consiliarius
1234 442 1308 491 ipsi
1334 441 1544 488 Belisario2
1574 438 1661 477 duci

246 493 423 529 onmium
440 506 532 530 suae
548 496 684 532 aetatis
702 497 1030 546 praestfflltissimo
1052 503 1089 533 et
1106 497 1343 535 felicissimo.
1398 497 1517 532 Rmz.

351 550 446 588 283.
498 562 548 584 vea
567 553 740 601 corpora]
757 553 810 588 ita
826 551 1038 601 legendum
1057 564 1107 588 ex
1126 551 1224 588 libro
1246 552 1385 601 scripto
1396 551 1543 587 Ruizii:
1571 561 1661 586 nam

244 600 352 653 quod
373 616 442 639 cea
459 614 530 653 pro
551 617 597 640 ea
617 606 712 654 legit
731 618 826 656 opus
843 619 922 642 non
942 613 1012 643 est.
1068 608 1228 643 BAwm.

355 660 451 698 287.
495 659 661 710 finges]
704 662 888 697 alimenta
926 662 1012 706 urbi
1044 662 1190 698 Romae
1225 673 1276 697 ex
1306 661 1437 697 Africa
1464 666 1662 697 convecta.

244 712 375 761 Spart.
404 713 446 748 in
478 715 712 752 Pescennio:
750 730 797 752 ne
823 716 1011 766 Africam
1040 722 1244 765 occuparet
1272 721 1310 751 et
1330 716 1447 766 fiznw
1466 714 1663 764 populum.
1700 749 1702 751 ,

246 767 474 803 Romanum
491 777 735 820 perurgeret,-
765 777 801 807 et
827 770 1032 808 videbatur
1058 771 1103 807 id
1112 771 1250 821 facere
1267 783 1381 819 posse
1397 783 1473 820 per
1493 769 1662 819 Libyam
1701 778 1702 782 ’

245 821 549 874 Aegyptuquae
564 826 714 861 vicinas
730 826 912 876 Asi-icae.
970 825 1155 862 Prudent.
1174 827 1215 861 in
1231 823 1511 876 Symmachum
1526 827 1573 864 2:
1601 837 1663 860 re—
1695 834 1702 848 ²

246 878 350 926 spice
377 891 473 914 nam
496 878 639 928 Libyci
665 881 823 917 desistat
847 882 950 917 ruris
969 880 1325 928 aratorfmmentis
1340 892 1499 917 onerare
1511 886 1612 915 rates
1629 885 1665 915 et
1690 902 1696 906 -

241 932 303 968 ad
316 933 413 967 ostia
440 930 566 968 Tibris
584 936 730 969 mittere
744 935 910 970 witioeos
926 934 969 968 in
978 939 1140 981 pastum
1149 931 1279 982 plebis
1295 945 1464 968 acervos.
1509 934 1663 983 egregia
1698 959 1702 964 ·

245 988 353 1036 Lips.
374 985 424 1022 ad
446 988 497 1027 12
515 988 658 1024 AnnaL
679 988 880 1024 Claudi-m.
904 987 952 1023 de
979 986 1085 1024 laud.
1108 988 1298 1025 Serenae:
1327 986 1500 1023 Phariae
1524 995 1664 1037 segetes

244 1048 285 1076 et
302 1042 459 1078 Punica
476 1043 608 1078 messis
627 1050 840 1079 castrorum
855 1043 992 1079 deuota
1010 1042 1107 1078 cibo.
1167 1041 1338 1079 discussa
1361 1049 1447 1078 tum
1469 1042 1554 1078 aliis
1580 1049 1663 1080 tum

243 1094 364 1143 mihi,
405 1103 449 1133 ut
479 1110 614 1147 spero,
653 1095 703 1134 ad
732 1097 831 1135 fflud
858 1096 906 1134 de
929 1097 1035 1134 bello
1061 1095 1217 1134 Gildon.
1254 1095 1385 1133 stabat
1408 1104 1513 1133 certa
1539 1097 1662 1134 salusa

244 1149 446 1199 Memphis·
461 1152 609 1201 sisorte
626 1160 819 1203 negasset,
839 1151 1057 1203 pensabam
1074 1152 1268 1190 Pharium
1288 1151 1467 1189 Gaetulis
1479 1151 1664 1189 messibus

239 1219 406 1242 annum.
465 1207 650 1244 DEMPST.

355 1260 408 1296 ib.
468 1262 668 1310 pinxerat,
698 1261 845 1313 inquit,
864 1262 1046 1299 'Africam
1061 1260 1375 1312 suppeditantem
1389 1273 1594 1308 annonam,
1624 1268 1664 1299 et

243 1314 446 1351 victoriam
465 1323 644 1366 superato
663 1318 856 1354 Gelimere
875 1317 1124 1354 offerentem:
1153 1316 1260 1354 idem
1277 1318 1382 1353 enim
1395 1317 1549 1353 laurum
1562 1317 1663 1353 ferre

241 1375 362 1420 atque
388 1371 633 1421 triumphari.
690 1374 782 1410 viris
803 1374 956 1422 magnis
976 1373 1122 1423 placuit
1141 1371 1238 1408 haec
1257 1373 1465 1419 sententia,
1494 1378 1585 1408 sunt
1601 1378 1664 1408 ta-

242 1437 335 1460 men
361 1426 543 1463 Graeculi
564 1424 723 1478 quidam
740 1435 777 1464 et
794 1441 948 1465 anseres
966 1434 1179 1477 strepentes
1198 1429 1299 1464 inter
1314 1427 1460 1473 olores,
1491 1427 1558 1476 qui
1578 1427 1663 1463 solo
1695 1422 1702 1426 ¹

243 1479 534 1518 contradicendi
563 1481 691 1519 studio
718 1485 879 1533 paginas
898 1485 939 1519 in
956 1484 1189 1519 contrarium
1205 1481 1438 1519 suffarciant.
1496 1487 1535 1516 at
1558 1482 1662 1517 veri—-

241 1541 301 1571 tas
321 1533 426 1572 hisce
443 1539 674 1574 testimoniis
694 1540 943 1574 convincitur.
972 1539 1101 1574 Taciti
1117 1538 1258 1574 Annal.
1271 1540 1319 1577 2:
1350 1536 1512 1586 adsequi
1527 1549 1664 1572 nomen

240 1591 531 1638 imperatorium
550 1599 586 1627 et
604 1593 803 1641 deportare
821 1593 998 1628 law-eam
1010 1598 1143 1641 posset
1152 1618 1166 1635 ,
1196 1591 1239 1627 id
1258 1597 1315 1626 est
1333 1589 1591 1639 triumphare,
1619 1597 1663 1627 ut

240 1646 438 1682 maximus
469 1648 623 1697 Lipsius
651 1650 924 1697 interpret-atur
951 1659 1004 1683 ex
1031 1647 1177 1690 Plinio,
1217 1646 1386 1691 Seneca,
1419 1645 1662 1695 obsequente

240 1705 279 1735 et
305 1701 460 1739 Pacato.
519 1701 618 1738 adde
645 1709 797 1752 praeter
823 1701 1005 1740 Ovidium
1031 1702 1151 1738 Trist.
1178 1700 1204 1741 4
1232 1703 1294 1748 2„
1322 1700 1541 1742 Martialem
1567 1702 1594 1739 2
1621 1703 1666 1747 2,-

239 1754 339 1790 Stflh
367 1756 466 1792 Silv·
494 1756 521 1796 4
552 1760 596 1796 1:
633 1758 806 1794 nondam
830 1759 979 1808 gremio
1009 1756 1114 1794 Iovis
1143 1755 1284 1793 Indica
1308 1754 1462 1800 laurus,
1491 1754 1663 1790 nondam

240 1808 398 1846 Arabes
419 1811 604 1860 Seresque
615 1820 769 1862 nogant.
812 1814 959 1849 Lucan.
978 1814 1024 1852 8:
1054 1818 1126 1847 aut
1138 1824 1272 1847 sacras
1280 1817 1452 1859 poscunt
1468 1809 1663 1859 Capitolia

242 1863 393 1901 laurus.
454 1866 573 1902 Silius
595 1868 664 1907 15:
695 1867 804 1903 dabit
820 1867 887 1902 ille
904 1880 1084 1903 coronam
1100 1867 1142 1902 in
1153 1867 1302 1916 gremio
1322 1865 1427 1902 Iovis
1442 1865 1575 1900 exc-isne
1594 1865 1661 1900 de-

234 1931 381 1967 ponere
408 1921 562 1957 Poenis.
622 1923 755 1973 itaque
781 1921 892 1959 India
921 1919 1106 1958 tentanda
1123 1922 1365 1967 Domitiano,
1394 1921 1522 1956 oriens
1540 1921 1661 1956 Pom-

238 1975 349 2022 peio,
379 1975 510 2012 Africa
541 1989 563 2012 a
591 1977 771 2027 Scipione
799 1976 945 2014 domita
975 1989 1119 2013 nomen
1146 1974 1335 2025 triumphi
1361 1987 1440 2011 non
1471 1987 1661 2011 meruere.

241 2035 280 2064 at
307 2029 516 2068 Suetonius
542 2034 632 2068 Ner.
665 2034 714 2073 13
742 2034 795 2069 ait
827 2045 922 2068 eum
941 2032 989 2068 ob
1019 2030 1229 2068 adventum
1247 2028 1443 2067 Teridatis
1462 2031 1504 2066 in
1525 2030 1661 2066 urbem

239 2083 516 2133 imperatorem
533 2087 762 2135 salutatum,
791 2088 966 2124 lauream
981 2088 1023 2123 in
1045 2087 1280 2135 Capitolium
1293 2086 1428 2122 latam.
1485 2091 1523 2120 et
1544 2097 1659 2131 nemo

240 2151 356 2175 sanus
379 2153 470 2176 eum
488 2141 748 2191 triumphasse
774 2142 918 2179 dixerit
936 2149 1154 2192 propterea.
1210 2153 1290 2178 non
1307 2142 1425 2190 igitur
1443 2152 1559 2176 sanus
1577 2141 1660 2189 ipse

238 2193 515 2244 Tranquillus,
547 2199 614 2246 qui
633 2197 778 2235 ibidem
811 2197 942 2235 subdit
969 2210 1060 2233 eum
1089 2197 1212 2233 curuli
1241 2195 1347 2246 apud
1368 2201 1492 2233 rostra
1514 2193 1659 2232 sedisse

238 2248 512 2298 triumphantis
550 2250 700 2290 habitu.
771 2261 872 2290 certe
909 2265 1001 2303 ergo
1018 2281 1028 2300 ,
1078 2258 1121 2288 ut
1155 2250 1374 2301 triumphus
1413 2260 1493 2287 non
1526 2250 1658 2296 fuerit,

236 2303 480 2353 triumphum
505 2305 629 2344 videri
655 2309 809 2345 volebat
833 2311 947 2345 Nero.
1008 2307 1091 2344 dixi
1115 2307 1240 2343 multa
1264 2305 1315 2342 ad
1337 2303 1436 2342 illud
1454 2303 1658 2341 claudiani

239 2356 287 2393 de
308 2358 411 2395 bello
433 2359 589 2398 Gildon.
611 2371 879 2414 auctoremque
895 2364 959 2399 sui
965 2364 1169 2412 praevenit
1184 2362 1320 2397 laurea
1337 2359 1440 2396 belli.
1474 2361 1658 2396 Dmvu‘sr.

346 2416 441 2455 288.
497 2417 667 2453 Romam
693 2421 897 2469 antiquam
925 2419 1094 2469 appellat
1119 2418 1305 2466 corippus
1328 2428 1416 2451 eam
1435 2416 1570 2451 Italiae
1589 2427 1657 2450 ur-

240 2468 347 2515 bem,
378 2482 477 2519 quae
506 2472 586 2507 iam
614 2474 730 2510 totius
755 2475 838 2509 fere
858 2475 959 2510 orbis
980 2474 1113 2522 regina
1134 2478 1173 2508 et
1193 2470 1349 2507 domina
1368 2483 1451 2507 esse
1470 2469 1656 2516 desis-rau

237 2524 567 2573 quemadmodum
586 2534 623 2562 et
639 2529 772 2576 paullo
789 2529 950 2565 inferius
966 2526 1042 2564 hoc
1057 2525 1194 2563 eodem
1209 2526 1280 2562 lib.
1294 2527 1315 2564 1
1338 2532 1377 2562 et
1391 2538 1522 2562 rursus
1537 2525 1607 2560 lib.
1619 2527 1656 2570 3,

237 2585 351 2629 atque
372 2581 465 2616 alibi
485 2583 638 2631 saepius
657 2584 698 2617 in
715 2581 789 2618 hoc
811 2596 925 2632 opere
937 2611 947 2629 ,
980 2583 1212 2632 Byzantium
1232 2582 1410 2630 Cpolisve
1429 2582 1472 2617 in
1489 2578 1656 2616 Thracia

235 2633 283 2669 ob
304 2636 532 2672 translatum
547 2638 588 2672 in
607 2649 697 2673 eam
714 2639 934 2674 Romanum
950 2638 1159 2686 imperium
1177 2649 1279 2672 nova
1298 2637 1428 2672 Roma
1443 2647 1514 2684 per
1533 2646 1655 2682 oppo-

233 2689 412 2727 sitionem
443 2691 490 2727 ab
523 2691 660 2729 eodem
691 2693 856 2743 Cor-ippo
890 2698 1147 2742 nuncupatur.
1196 2693 1316 2728 Rmz.
1390 2691 1584 2728 seniorem
1617 2693 1654 2723 et
