1702 3060
419 109 479 153 IN
513 108 864 153 IOHANNIDOS
897 108 939 152 11
956 106 1173 153 NOTAE.
1428 105 1526 152 933

171 222 269 261 200.
311 219 555 258 horrescunt
573 219 694 258 corda
710 219 901 272 agricolis
916 221 1024 271 Virg.
1046 218 1156 256 Aen.
1184 218 1236 260 12
1254 215 1352 258 453.

171 278 270 317 202.
328 278 484 315 Lucret.
507 279 528 317 1
553 278 630 317 19:
659 291 895 329 camposque
910 278 1089 315 virentes.

170 334 270 376 210.
325 346 365 372 v.
389 347 506 385 supra
526 332 578 371 ad
595 347 635 372 v.
655 335 748 373 116.

169 390 271 430 213.
326 390 491 428 densum
508 404 654 442 agmen
671 391 781 441 Virg.
800 387 908 426 Aen.
934 388 959 430 5
979 389 1162 432 833-4.

169 445 271 488 215.
329 448 484 498 ingenti
499 447 675 484 tumultu
692 447 802 496 Virg.
823 446 932 483 Aen
963 447 1014 486 11
1036 445 1132 487 447.

170 504 269 544 217.
326 505 435 555 Virg.
455 503 562 541 Aen.
591 507 611 545 1
631 504 698 543 59-
759 502 808 539 de
831 503 939 539 venti
942 514 982 539 s.
1012 502 1078 539 illi
1096 503 1213 554 indefg
1188 511 1352 542 anantes
1372 519 1521 558 magno

60 572 154 597 cum
171 571 402 606 murmure,
433 566 472 597 et
488 559 538 597 de
557 561 659 596 mari
677 560 731 596 ib.
755 557 860 600 249.
891 567 1003 596 vasto
1034 573 1125 596 cum
1155 574 1357 598 murmure
1377 564 1521 600 montis

59 618 92 654 it
109 629 232 655 mare.
271 618 370 654 item
393 629 432 653 v.
456 614 534 656 94.
566 623 602 652 et
619 615 762 652 crebris
782 616 907 652 micat
922 615 1085 667 ignibus
1102 618 1254 665 aether,
1283 626 1321 656 et
1340 622 1388 660 11
1411 621 1519 661 209:

59 673 238 712 certatim
255 672 401 711 crebris
418 671 615 710 collucent
631 671 792 724 ignibus
810 673 915 723 agri.

168 730 268 771 218.
317 728 499 780 procella
522 729 603 766 adt
596 742 690 766 ersa
707 731 815 780 Virg.
843 729 946 766 Aen.
970 731 987 770 1
1019 731 1111 771 106.

166 787 267 828 219.
319 785 496 837 pondere
513 793 624 824 vasto
643 787 753 835 Virg.
773 786 883 822 Aen.
907 787 933 826 5
952 784 1048 826 447.

168 844 266 884 221.
324 855 395 879 ora
414 843 544 879 tristia
561 844 670 893 Virg.
697 843 842 893 Georg.
865 845 891 883 2
913 842 1012 884 246.

167 899 269 940 223.
327 905 415 936 tuta
424 905 564 948 petens
582 900 625 937 V
616 912 690 949 irg.
706 899 815 935 Aen.
841 902 887 939 11
914 902 1009 940 871.

170 957 270 997 226.
318 955 581 1006 sortiasitcla
600 957 708 1006 Virg.
726 955 834 992 Aen
861 958 881 996 1
903 954 985 996 645
1004 961 1043 992 et
1064 957 1115 997 10
1134 957 1232 998 369.

169 1010 226 1048 ib.
289 1013 339 1050 cf.
357 1011 406 1049 de
422 1011 533 1048 laud.
556 1012 655 1049 Just.
670 986 704 1051 ῦ1
726 1014 821 1052 309·

169 1069 268 1110 227.
324 1067 482 1118 spicula
500 1068 607 1104 lenta
629 1069 736 1119 Virg.
755 1068 864 1104 Aen.
885 1069 911 1108 7
931 1065 1025 1108 164.

167 1127 268 1166 229.
323 1125 458 1161 sistere
475 1131 612 1162 wntra
634 1127 743 1176 Virg.
764 1124 873 1161 Aen.
899 1127 947 1165 11
972 1126 1068 1166 873.

168 1183 267 1222 280.
323 1181 434 1231 Virg.
455 1181 565 1219 Aen.
588 1184 638 1222 12
659 1182 766 1223 409:
793 1182 825 1218 it
844 1181 967 1217 tristis
985 1181 1045 1218 ad
1059 1180 1220 1218 aethera
1240 1182 1404 1220 clamor.

167 1239 266 1279 231.
323 1237 424 1275 Stat.
454 1237 573 1274 Theb.
594 1237 619 1279 5
643 1239 720 1278 38:
750 1237 951 1275 abiunctis
964 1245 1170 1289 regemunt
1183 1238 1367 1276 tabulata
1383 1254 1523 1277 caver-

57 1293 147 1340 nis,
177 1299 216 1331 et
235 1296 262 1336 8
289 1297 362 1335 17:
390 1301 598 1346 regemunt
607 1295 799 1345 pigrique
816 1295 930 1331 lacus
948 1302 1136 1346 ustaeque
1146 1295 1334 1344 paludes.

170 1352 268 1392 232.
326 1358 441 1387 scuta
464 1352 596 1389 virum
618 1352 727 1401 Virg.
750 1351 859 1387 Aen.
888 1354 908 1391 1
935 1352 1014 1392 105
1043 1359 1082 1388 et
1103 1354 1128 1391 8
1148 1354 1215 1392 93.

169 1409 269 1447 233.
328 1407 508 1444 excedere
517 1421 666 1459 pugna
688 1409 798 1458 Virg.
817 1407 926 1444 Aen.
950 1409 974 1448 9
993 1409 1098 1456 7893
1143 1415 1187 1445 ut
1207 1414 1246 1445 et
1263 1406 1288 1447 5
1309 1409 1391 1448 380
1412 1409 1526 1446 iuxta

57 1461 211 1515 aliquot
233 1461 401 1501 codices.

170 1518 269 1561 234.
324 1519 508 1557 reluceat.
571 1517 678 1571 apud
696 1520 913 1572 Apuleium
930 1520 1101 1558 Metam.
1121 1518 1148 1561 4
1169 1527 1207 1558 et
1225 1524 1251 1563 7
1269 1521 1395 1558 activa
1413 1522 1525 1572 posi-

57 1575 167 1613 tione
187 1577 355 1614 occurrit
372 1575 483 1613 idem
501 1576 682 1614 verbum.

169 1632 268 1674 235.
317 1633 510 1684 placidas
525 1646 643 1670 aures·
658 1635 766 1684 Virg.
784 1632 893 1670 Aen.
917 1630 943 1672 4
962 1631 1057 1673 440·

170 1691 270 1732 236.
327 1691 438 1741 Virg.
461 1689 571 1728 Aen.
595 1691 646 1731 11
666 1689 771 1731 447:
814 1691 980 1727 nuntius
1008 1689 1163 1741 ingenti
1183 1703 1261 1741 per
1284 1690 1397 1756 regia
1426 1696 1530 1727 tecta

58 1744 248 1783 tumultu.

169 1804 268 1844 237.
326 1801 439 1839 silvis
456 1809 495 1839 et
512 1800 711 1839 montibus
728 1802 838 1852 Virg.
862 1800 954 1838 Eeb
977 1804 1004 1842 2
1023 1801 1048 1844 5
1070 1808 1109 1838 et
1128 1800 1236 1840 Aen.
1260 1805 1285 1843 3
1306 1803 1403 1845 675.

169 1860 266 1899 238.
324 1858 547 1908 implessem
564 1860 674 1910 Virg.
691 1858 798 1905 Aen.
799 1831 846 1898 ζ34
867 1859 962 1900 605·

170 1913 269 1956 242.
328 1915 459 1952 civilis»-
488 1929 626 1952 amor:
673 1928 818 1966 nempe
845 1927 958 1951 amor
987 1915 1160 1965 patriae,
1202 1928 1323 1967 quem
1358 1916 1526 1954 sortasse

57 1970 188 2007 innuit
205 1972 325 2008 etiam
346 1970 510 2009 Ovidius
545 1973 734 2009 'lb-istium
761 1973 788 2012 4
815 1970 842 2012 4
875 1973 950 2021 13,
991 1971 1060 2008 ubi
1083 1973 1159 2010 ait:
1205 1974 1288 2022 ipse
1300 1979 1422 2022 pater
1443 1987 1527 2023 pa·-

59 2028 183 2073 triae,
221 2027 322 2079 quid
336 2029 440 2065 enim
460 2028 618 2066 civilius
638 2028 739 2066 illo?

169 2093 267 2136 249.
326 2095 375 2134 de
396 2111 492 2135 voce
519 2097 748 2135 conterrilat
772 2093 864 2133 vide
896 2107 1015 2146 supra
1047 2092 1098 2131 ad
1131 2094 1224 2131 libri
1245 2093 1364 2132 huius
1389 2109 1429 2132 v.
1453 2093 1525 2136 54.

57 2149 168 2202 Virg-
198 2151 344 2205 Georg.
365 2151 392 2194 4
411 2155 488 2194 71.
518 2155 699 2191 Martius
719 2153 788 2189 ille
805 2152 907 2188 aeris
926 2152 1044 2188 ιαιιοὶ
1059 2164 1181 2187 canor
1197 2152 1390 2201 increpat.

169 2219 270 2262 252·
325 2223 531 2259 contristat
543 2223 652 2273 Virg.
679 2222 824 2272 Geotg
849 2222 874 2260 3
897 2220 978 2260 280
998 2226 1035 2255 et
1055 2217 1163 2256 Aen
1189 2221 1238 2259 10
1256 2218 1353 2260 275.

170 2287 270 2330 254·
327 2290 437 2340 Virg.
463 2290 609 2341 Georg.
630 2294 655 2332 2
679 2291 782 2330 106:
814 2301 937 2339 quam
957 2285 1108 2323 multae
1128 2285 1296 2338 zephyro
1319 2287 1526 2326 turbentur

58 2356 217 2381 arenae.
280 2387 282 2389 ¹

172 2411 270 2453 255.
328 2414 438 2464 Virg.
459 2412 566 2450 Aen.
594 2414 615 2454 1
643 2414 745 2454 109:
769 2418 1015 2462 praeneptue
1031 2425 1162 2463 aquae
1179 2424 1305 2449 monus·

175 2478 271 2520 256.
330 2494 574 2533 quamquam
614 2482 835 2532 potuissem
875 2481 1068 2532 cel-ligere
1107 2481 1193 2517 euri
1222 2479 1385 2525 Aeolii,
1437 2479 1530 2530 quia

63 2532 227 2572 Ovidius
248 2535 448 2575 Amorum
476 2540 501 2578 3
526 2541 577 2579 12
599 2540 654 2578 29
685 2536 806 2573 habet
825 2536 989 2573 Aeolio-s
1007 2537 1167 2582 Euros,
1204 2507 1407 2573 tamt-1151)
1435 2537 1533 2571 reti-

63 2605 114 2627 nc-
95 2588 240 2628 endum
257 2606 277 2628 s
292 2592 437 2632 codicis
457 2594 536 2632 feci
563 2593 763 2632 montibus
782 2591 964 2640 Aeoliis,
1004 2595 1129 2632 fretus
1152 2595 1383 2631 amtoritate
1412 2593 1533 2629 etium

64 2648 172 2698 vitg.
198 2647 307 2685 Aen.
333 2651 360 2690 8
383 2649 479 2691 454.

177 2703 274 2745 257.
332 2705 428 2743 litus
445 2719 654 2744 arenosum
670 2707 777 2759 Vilg.
798 2706 907 2745 Aen.
931 2707 958 2749 4
977 2708 1073 2749 257·

180 2760 278 2802 258.
337 2761 502 2801 fortasse
531 2762 596 2802 hic
628 2771 666 2802 et
692 2766 872 2816 superior
891 2777 1027 2803 versus
1048 2765 1103 2802 sic
1125 2769 1239 2800 erunt
1263 2758 1532 2799 refonnandi.
1523 2771 1533 2780 ·
