1702 3060
453 88 530 131 DE
563 87 853 132 Linnmusss
870 60 1107 131 insum(
1311 127 1314 130 .
1402 87 1498 134 361

0 195 12 218 ³*
58 202 182 247 me.
237 203 390 239 mutata
417 206 551 238 autem
571 199 699 237 forma
723 197 867 237 horum
888 211 1130 250 magnopere
1150 197 1227 236 fuit
1243 198 1500 250 sequentibus

0 265 2 273 '
46 257 288 310 emporibus
320 255 416 308 (hoc
443 258 551 294 enim
579 255 718 308 quod·
707 269 750 293 m
774 255 888 294 dictis
913 255 1094 293 iconibus
1111 255 1368 306 imperatores
1383 255 1499 294 laevo

49 316 192 354 {ficei-to
213 321 396 366 gerunts
420 314 624 364 cingulum
650 314 787 365 utique
816 316 915 360 est),
945 319 989 349 ut
1010 319 1050 349 et
1074 310 1367 349 diadematum.
1408 325 1500 349 cum

53 371 304 410 anim'fascia
328 377 430 408 esset
460 370 531 407 ina
562 370 682 417 olim,
723 370 851 420 coepit
877 369 1042 419 pensilis
1074 367 1169 406 ordo
1199 370 1503 420 margaritarum

52 428 292 480 aliarumque
319 439 568 478 gemmarum
594 439 617 463 a
645 426 771 477 capite
803 438 960 463 summo
979 423 1032 462 ad
1049 423 1237 463 humeros
1258 438 1385 478 usque
1403 425 1503 474 fieri,

51 490 91 523 ut
107 483 220 524 vides
238 485 282 521 in
298 482 442 521 iisdem
462 482 639 534 picturis.
695 483 861 520 Bsn'rn.

99 556 107 561 s
127 565 130 568 »
155 541 226 582 91.
283 539 435 585 lumen,
463 537 542 577 hoc
563 545 623 576 est
640 539 779 588 solem,
814 536 990 576 reddidit
1011 538 1129 575 velut.
1143 537 1351 575 clariorem
1375 536 1507 576 diem-

38 609 124 650 „qne
139 597 269 648 magis
285 596 494 634 illustrem.
551 593 624 633 sed
642 608 694 632 ex
712 609 751 633 v·
772 596 868 643 103,
899 593 1006 647 quod
1024 595 1119 632 solis
1139 593 1295 647 dieique
1313 593 1504 644 diximus,

44 653 174 705 potius
199 665 399 690 cereorum
423 652 652 718 faciamque
676 653 816 689 lumen
843 652 934 689 fuit.
992 651 1148 720 regalia
1173 658 1308 689 autem
1326 652 1507 689 membra

45 717 222 759 venusta,
241 708 463 760 magnifica,
484 709 656 760 insigma
678 707 802 746 dixit:
822 710 985 761 πρῶτον
1001 723 1077 761 γαρ
1097 704 1204 756 εἶδος
1224 705 1338 757 ἄξιον
1357 723 1508 759 τυραν-

44 765 180 815 νίδος,
206 773 252 804 ut
273 767 328 803 ait
346 763 572 817 Euripides.
628 778 724 802 nam
746 765 880 803 vultus
906 771 946 802 et
965 771 1148 816 aspectus
1167 777 1307 816 regum
1327 766 1506 833 regalem

45 822 422 860 etinmmaiestatem
439 821 686 890 praesefert.
706 824 869 860 Nonuus
888 823 936 862 3:
959 817 1216 874 ἇριφραδὲων
1230 819 1306 875 yolo
1319 817 1506 862 auduram

37 873 260 932 <maiman
278 876 449 930 κήρυκες
466 874 661 926 α’ναυδέες
681 873 822 918 εἰσὶν’
798 877 974 918 οπωπαί.
1031 879 1198 915 ΒΑιιτιι.

153 937 222 976 93.
278 947 352 986 pro
372 934 526 970 aethere
549 935 767 984 repositum
793 941 852 970 est
874 934 1034 978 aethra,
1066 940 1110 970 ut
1125 935 1168 970 in
1188 934 1373 984 proxime
1401 932 1504 972 duo-

41 989 118 1028 bus
135 990 466 1043 subsequentibus
492 990 670 1027 versibus
692 990 776 1026 viso
795 995 834 1025 et
854 988 917 1025 die
933 1001 1006 1039 pro
1026 989 1119 1026 visu,
1139 995 1178 1026 et
1198 989 1316 1026 diem.
1378 992 1505 1029 Rmz.

43 1052 128 1084 erat
147 1048 191 1084 in
206 1053 360 1085 vetusto
383 1045 517 1084 codice
537 1045 709 1091 aethere,
738 1043 931 1082 mendum
945 1045 1113 1082 librarii.
1170 1046 1360 1084 Demrs‘r.

153 1102 223 1144 94.
279 1103 461 1140 ardentes
484 1102 638 1154 radias]
682 1102 775 1154 quia
807 1101 1010 1138 ardentior
1039 1102 1099 1139 sol
1125 1114 1198 1152 per
1222 1103 1349 1140 nubes
1378 1109 1502 1142 terras

42 1159 226 1197 illustrat.
283 1160 341 1198 sic
362 1157 599 1197 Plutarchus
630 1159 846 1196 amicitiam
884 1157 987 1195 odiis
1022 1159 1271 1196 exorientem
1298 1158 1502 1198 ardentio-

23 1227 128 1254 -mn
151 1214 270 1264 dicit,
305 1228 387 1254 non
408 1229 521 1254 secus
550 1228 595 1252 ac
620 1216 747 1253 solem
770 1222 880 1252 trans
901 1214 1028 1252 nubes
1056 1216 1378 1254 aestuantiorem.
1435 1218 1503 1254 iu-

23 1280 29 1301 =⁴
43 1270 127 1310 bar.
149 1279 283 1310 autem
316 1273 444 1311 solem
481 1271 675 1323 designat.
747 1271 962 1323 Virgilius:
1000 1272 1033 1307 it
1049 1272 1182 1322 portis
1207 1270 1346 1309 iubare
1377 1280 1505 1310 exorto

20 1328 191 1366 ·delecta
218 1330 412 1366 iuventus.
455 1330 621 1367 BAnTn.
705 1329 811 1379 viso]
870 1326 949 1365 hoc
976 1340 1137 1380 quoque
1166 1336 1396 1380 corruptum
1421 1337 1506 1367 erat

22 1391 84 1423 -et
109 1387 200 1423 visu
221 1385 442 1437 legebatur.
510 1386 598 1436 pari
629 1385 786 1422 inscitia
813 1384 918 1422 diem
929 1412 946 1430 ‚
1006 1391 1047 1422 et
1082 1383 1188 1422 illud
1228 1384 1506 1436 depravatum.

41 1442 144 1479 bene
161 1443 386 1480 restitutum
404 1441 468 1479 dte
485 1455 556 1493 pro
574 1441 691 1479 diem.
723 1442 912 1479 Drmsr.
971 1442 1106 1478 omnia
1125 1443 1230 1493 viso]
1263 1443 1320 1479 sic
1343 1443 1507 1481 Ruizius

42 1498 253 1549 Assagrius
272 1504 311 1535 et
328 1505 418 1550 post
438 1511 531 1536 eum
547 1499 805 1549 Dempsterus
825 1511 1051 1548 reposuere,
1071 1511 1163 1535 cum
1182 1499 1382 1549 legeretur
1401 1500 1510 1546 visu,

43 1561 85 1592 et
103 1554 221 1592 diem.
281 1553 354 1593 sed
372 1553 482 1592 haud
499 1553 618 1591 dubie
636 1555 846 1605 scripserat
861 1555 1076 1605 Corippus:
1098 1556 1235 1591 omnia
1257 1556 1388 1592 visum
1412 1570 1510 1593 con-

15 1652 19 1657 ,
39 1611 222 1663 gaudent
245 1610 436 1648 elementa
460 1611 578 1647 diem.
637 1611 808 1658 lineola,
851 1622 952 1662 quae
976 1611 1063 1648 loco
1091 1611 1247 1648 litterae
1273 1624 1315 1648 m
1341 1625 1461 1663 super
1480 1627 1508 1650 ιι

43 1667 173 1705 fuerat
190 1674 366 1716 exarata,
388 1680 411 1704 a
426 1667 608 1719 sequenti
623 1667 783 1704 librario
800 1667 983 1717 neglecta
1002 1673 1074 1715 est,
1096 1674 1140 1704 ut
1156 1666 1200 1704 id
1216 1667 1302 1704 fieri
1317 1668 1509 1721 frequen-

43 1729 105 1762 ter
131 1722 304 1773 adsolet,
356 1730 396 1762 et
424 1723 559 1775 plures
590 1729 777 1760 notarunt
803 1723 892 1771 alii,
939 1735 985 1760 ac
1011 1724 1102 1775 quis
1129 1722 1285 1762 nescit?
1343 1727 1507 1764 Voncx.

0 1791 1 1797 ¹
42 1781 179 1818 omnia
194 1781 278 1818 νίεο
295 1779 547 1832 congaudent
564 1779 754 1817 elementa
769 1779 846 1830 die]
867 1777 967 1817 haec
986 1781 1240 1831 interpolatio
1257 1787 1316 1818 est
1326 1780 1507 1821 Michae-

41 1837 94 1875 lis
113 1838 313 1888 Assagrii,
354 1838 423 1889 qui
442 1835 547 1874 edito
565 1834 643 1874 hoc
658 1840 777 1887 poeta
799 1848 961 1873 omnem
977 1836 1054 1873 sibi
1071 1838 1344 1887 posteritatem
1363 1837 1506 1876 devin-

41 1893 118 1931 xit.
146 1894 189 1930 in
205 1906 328 1931 manu
347 1900 509 1931 exarato
529 1892 630 1930 libro
648 1893 746 1930 fuit:
777 1893 911 1929 omnia
931 1894 1019 1930 visu
1041 1894 1296 1943 congaudent
1314 1894 1506 1932 elementa

43 1949 172 1987 diem.-
212 1963 266 1987 ex
291 1962 369 2003 quo
398 1950 564 1987 coniecit
582 1948 785 2001 quondam
806 1949 917 1986 Elias
934 1948 1149 1988 Putschius
1171 1951 1301 1988 visam
1323 1965 1506 2003 congau-

45 2005 141 2044 dent
157 2005 347 2044 elementa
363 2007 480 2044 diem.
514 2019 609 2044 sane
629 2006 763 2057 potius
784 2004 972 2043 credibile
991 2018 1116 2044 unam
1134 2007 1308 2044 litteram
1330 2007 1504 2046 defuisse

43 2063 90 2100 in
113 2063 257 2114 scripto
285 2062 419 2101 codice
440 2076 561 2115 quam
588 2061 686 2100 duas
711 2069 883 2100 mutatas
899 2063 1036 2100 fuisse.
1098 2063 1351 2114 congaudent
1370 2066 1507 2102 omnia

46 2117 236 2156 elementa
254 2120 384 2157 visum
402 2120 507 2157 diem
530 2117 696 2171 pulchre
725 2119 920 2170 expressit
947 2117 1058 2170 quod
1076 2120 1131 2156 ait
1152 2118 1418 2158 Claudianus:
1447 2122 1506 2158 ri-

38 2175 174 2227 ,u‘tque
194 2182 261 2212 tuo
277 2183 425 2213 natura
443 2189 589 2213 sereno.
651 2176 707 2213 sic
726 2176 896 2226 ipsemet
912 2173 938 2214 4
960 2177 1014 2215 96
1035 2176 1255 2226 Corippus:
1295 2176 1413 2213 iubar
1432 2191 1506 2214 axe

39 2244 179 2271 meno
197 2233 371 2278 emicuit,
400 2233 576 2283 votisque
594 2232 663 2282 pie
690 2245 770 2268 sese
797 2230 942 2268 obtulit
961 2229 1065 2278 orbi,
1096 2231 1321 2280 laetificans
1343 2241 1507 2271 cunctas

37 2286 159 2340 felici
176 2287 327 2325 lumine
346 2295 482 2325 terras.
545 2288 658 2325 clara
677 2295 946 2325 coruscantem
971 2287 1041 2325 lux
1067 2295 1238 2325 auxerat
1265 2290 1335 2336 (ita
1366 2291 1509 2341 legen-

42 2341 162 2395 dum)
181 2344 309 2382 altera
328 2345 457 2382 lacem
477 2358 568 2382 cum
584 2345 696 2381 terris
707 2344 908 2396 gaudente
922 2343 1033 2394 polo.
1097 2357 1176 2397 quo
1196 2353 1394 2396 postrema
1420 2349 1509 2398 ipsa

40 2410 121 2438 -sm
133 2399 234 2439 haec
252 2402 374 2439 verba
395 2402 592 2453 expressit
615 2407 751 2438 auctor
771 2414 851 2438 non
882 2401 1047 2438 obscuri·
1063 2401 1107 2438 in
1133 2408 1243 2439 tanta
1264 2410 1383 2440 nocte
1403 2411 1510 2440 tem-

46 2467 191 2507 porum
205 2459 370 2509 ingenii.
402 2456 510 2510 quod
527 2456 691 2510 quidem
709 2456 758 2494 de
778 2458 934 2508 poetica
952 2464 1069 2495 nocte
1097 2456 1248 2496 dictum
1268 2461 1385 2497 volo:
1413 2472 1510 2496 nam

42 2512 228 2565 ⁴alioquin
247 2521 287 2552 et
302 2527 349 2552 eo
370 2527 480 2563 aevo,
513 2521 551 2551 et
567 2520 705 2566 postea
724 2512 936 2551 Christiani
953 2513 1133 2552 doctores
1152 2522 1262 2552 tanta
1282 2516 1511 2567 eloquentia

51 2573 239 2621 tantoque
264 2571 424 2622 ingenio
437 2601 448 2619 ,
486 2572 580 2608 licet
607 2571 748 2622 pauci,
784 2570 944 2608 fuerunt
959 2577 1096 2608 tamen
1109 2601 1120 2620 ‚
1160 2579 1205 2608 ut
1225 2585 1314 2609 cum
1332 2573 1510 2623 priorum

51 2636 135 2661 non
156 2627 292 2676 paucis
315 2626 550 2666 contendere
576 2626 696 2665 dubia
722 2628 886 2665 victoria
910 2628 1079 2678 possint.
1140 2626 1242 2665 dixit
1260 2635 1394 2665 autem
1414 2640 1510 2663 eon-

43 2679 235 2731 gaudere
248 2683 368 2729 diem,
402 2691 446 2721 ut
474 2685 543 2722 alii
579 2682 751 2735 gaudere
786 2682 992 2735 gaudium.
1051 2686 1247 2722 Iuvencus
1271 2686 1316 2724 1:
1351 2682 1509 2734 gaudia

53 2747 204 2789 mgna
222 2739 332 2791 nugi
343 2741 523 2791 gaudent
542 2741 729 2792 sidusque
748 2740 940 2779 salutant.
1003 2741 1172 2779 BAn‘rn.
