1702 3060
615 113 940 158 PRAEFATIO.
1386 126 1511 158 xnvn

94 250 98 257 ·
161 225 213 265 Ut
226 224 418 264 librorum
435 225 663 263 collectores
680 226 724 262 in
740 222 992 263 bibliothecis
1005 237 1110 276 pone
1126 221 1342 262 editionem
1354 231 1510 276 postre-

49 303 158 335 mam
188 294 357 332 aliorum
389 294 610 331 carminum
639 293 764 331 nostri
782 293 943 344 Corippi
965 294 1086 330 etiam
1105 290 1182 330 hoc
1201 305 1298 345 opus
1318 293 1510 331 collocare

34 364 221 416 possint,
263 361 405 400 eadem
431 362 559 400 forma
588 368 699 410 tum,
738 367 783 398 ut
801 362 912 398 aiunt
929 361 973 397 in
994 367 1132 412 quarto
1150 368 1236 398 tum
1252 363 1295 399 in
1315 362 1413 400 folio
1429 363 1510 399 im-

33 429 303 484 primendum
338 431 484 468 curavi.
543 428 802 482 quamobrem
830 426 925 465 huic
947 429 1110 466 titulum
1133 430 1212 467 feci
1231 431 1438 468 Mantissa
1458 430 1517 468 ad

48 498 308 551 appendicem
343 498 524 550 Corporis
546 498 800 550 Byzantinae
829 495 1016 534 historiae
1042 497 1278 535 Romanam
1285 525 1304 544 ,
1336 499 1397 536 ilfi
1417 511 1511 537 vero

47 566 113 606 ΓΖ.
143 567 340 606 Creu-onii
364 567 526 617 Corippi
548 579 709 617 operum
732 572 860 602 tomus
879 564 981 602 alter
1001 562 1064 617 *).
1145 615 1158 621 ᾖ

111 656 115 658 ⁷
156 633 240 678 Sed
261 642 417 686 tempus
439 641 521 685 est,
562 642 606 672 ut
625 634 749 672 finem
760 634 966 685 imponam
983 633 1242 684 praefationi,
1284 633 1394 671 cuius
1414 632 1507 672 lon-

44 701 247 754 gitudine,
287 703 378 755 plus
398 716 520 756 quam
535 716 608 756 par
627 695 729 752 erat,
761 702 842 750 Te,
875 700 925 738 cl.
945 702 1034 750 Vir,
1069 702 1234 740 fortasse
1253 699 1426 752 detinui3
1467 708 1507 740 et

43 777 90 808 ut
107 770 204 808 Tibi
224 770 290 810 m'e
313 785 388 810 neo
409 785 490 811 non
513 773 669 811 labores
690 784 802 810 meos
820 768 1117 809 commendatos
1134 769 1270 809 velim.

133 938 178 984 *)
223 939 422 984 Digreditur
436 940 514 975 hinc
529 940 814 976 Mazzucchemus
840 941 886 979 (α
901 951 935 980 p.
951 939 1016 968 LV
1029 939 1073 969 ad
1088 938 1270 980 LXXII),
1293 941 1330 970 ut
1344 949 1506 980 gemmam

42 983 216 1019 describat
242 990 342 1022 antea
367 987 544 1024 ineditam,
569 992 638 1026 qua
661 980 738 1016 libri
761 981 812 1015 sui
835 982 980 1015 frontem
999 982 1142 1017 ornavit.
1191 993 1230 1015 ea
1246 993 1377 1026 gemma
1393 995 1467 1017 cum
1484 996 1506 1018 a

43 1029 195 1077 Corippo
219 1031 326 1067 aliena
350 1039 424 1062 esse
452 1027 627 1063 videretur
651 1026 893 1071 (Gordianum
910 1027 995 1062 enim
1011 1032 1142 1074 patrem
1157 1028 1315 1074 refert),
1346 1029 1411 1064 iam
1437 1041 1504 1065 non

42 1077 153 1122 potuit
165 1084 233 1112 non
247 1073 366 1111 omitti.
410 1073 437 1111 1.
453 1073 495 1109 Β.
1490 1072 1492 1076 ’
