1702 3060
575 61 577 67 Α
594 94 918 138 PRAEFATIO.
1383 105 1488 135 xm

40 209 200 262 ,omium
228 209 410 259 eclogam
441 205 609 245 eandem
639 207 827 258 scriptam
865 219 952 244 esse
990 211 1157 258 oportet.
1224 205 1268 242 in
1311 203 1488 242 secunda

55 278 165 328 cloga
192 277 274 327 agit
299 284 436 313 auctor
461 273 511 312 de
538 277 664 326 patria
695 289 766 314 sua
789 277 948 322 Aretior,
980 275 1078 311 etin
1097 272 1213 310 tertia
1232 273 1415 310 Urbanus
1432 274 1488 311 Vl

58 357 152 396 apa,
197 343 377 382 Iohanna
409 344 545 394 regina
574 344 762 395 Neapolis
799 344 948 395 aliique
978 343 1177 393 principes
1203 347 1489 388 memorantur,

57 414 99 453 ui
117 414 276 452 saeculo
297 411 348 454 14
364 413 566 450 vixerunt.
623 410 792 448 subinde
816 412 983 448 occurrit
1001 414 1144 461 po‘ema
1162 408 1336 457 heroico,
1361 422 1491 461 paene

48 481 212 518 iixeram
239 480 509 528 macaronico,
543 481 719 516 camnine
746 480 1032 530 compositum,
1064 479 1129 514 cui
1155 478 1294 514 titulus
1323 484 1382 514 est
1403 478 1492 513 Ro-

45 547 187 594 aulea,
216 549 405 600 cuiusque
429 548 614 584 meminit
640 546 834 595 Quadrius
863 554 902 584 et
924 543 1235 582 Mazzuchellius
1261 551 1353 595 post
1382 557 1492 582 eum.

44 623 180 653 :onstat
199 616 309 654 idem
325 614 403 654 hoc
421 617 465 653 in
482 628 545 653 ms
564 616 690 653 trIbus
708 622 864 653 tantum
886 615 1022 663 libris3
1055 611 1127 650 sed
1145 611 1272 650 index
1292 614 1492 664 praemis-

41 697 94 721 -us
122 684 192 721 alii
216 683 365 733 codici,
403 682 453 721 de
474 697 552 737 quo
572 685 697 732 infra,
731 697 798 721 me
823 683 938 720 docet
961 685 1010 722 12
1028 681 1139 718 libris
1159 679 1491 732 comprehenslun

40 747 150 797 'uisse
167 751 211 789 id
234 755 377 803 poema
391 781 401 800 ,
434 753 476 788 in
499 765 577 805 quo
600 753 648 789 ab
668 753 764 789 urbe
783 754 908 790 Roma
927 748 1085 787 condita
1104 763 1231 801 usque
1251 748 1302 786 ad
1319 750 1491 800 Augusti

38 817 262 870 ipotheosiu
292 821 516 856 Romanam
545 818 756 858 historiam
783 821 1072 872 perstrinxerat
1102 825 1251 854 auctor.
1317 823 1492 869 praestat

34 887 186 922 nterim
207 899 260 922 ex
278 888 364 938 ipso
385 886 522 924 codice
543 889 707 924 recitare
727 888 889 924 titulum
912 894 951 920 et
970 887 1123 934 priores
1142 897 1301 921 versus:
1333 886 1386 922 In
1400 886 1492 921 No-

32 954 132 990 rm'ne
149 954 321 991 Domini
336 954 484 991 Amen.
546 951 687 1000 incipit
707 952 868 1000 primu-s·
889 950 990 987 liber
1007 951 1202 987 Romulee
1224 951 1259 988 I.
1281 953 1335 989 L.
1361 952 1409 989 (Ze
1427 952 1483 988 B.

30 1020 76 1056 {le
90 1019 169 1058 Ar.
192 1023 236 1058 in
251 1032 328 1070 quo
347 1026 541 1056 tractatur
554 1018 603 1055 de
613 1019 796 1068 primevo
813 1026 901 1055 orla
919 1017 1031 1056 urbis
1047 1033 1075 1055 a
1090 1018 1266 1056 Romulo
1286 1027 1323 1056 et
1338 1020 1386 1057 de
1401 1021 1488 1070 ipso

30 1085 212 1124 Romulo.
273 1093 310 1123 et
335 1085 494 1138 regibus
519 1093 558 1124 et
586 1086 636 1124 cle
664 1093 785 1123 morte
810 1086 983 1125 lecet-elie,
1045 1094 1083 1124 et
1107 1088 1310 1138 principio
1342 1102 1485 1126 consu-

25 1154 142 1192 latus.

248 1223 407 1261 Celestis
423 1231 532 1262 vates
546 1223 699 1276 gaudet
719 1238 873 1276 quoque
893 1225 1073 1262 Mantua
1083 1223 1234 1276 proles.

202 1291 462 1344 Cordubaque
471 1321 488 1339 ,
514 1292 718 1346 hucusque
739 1300 959 1331 narrarunt
969 1293 1106 1343 prelia
1125 1293 1277 1331 ducem.

194 1360 279 1396 iam
298 1374 389 1397 nece
399 1362 585 1411 preventi
602 1368 811 1398 tacuerunt
833 1361 910 1398 lira
930 1375 1086 1398 sonora.

193 1435 258 1464 ast
273 1442 343 1479 ego
363 1443 412 1465 ne
429 1429 572 1466 sileant
590 1436 790 1465 tantorum
804 1436 919 1480 gesta
935 1430 1112 1465 virorum

192 1497 394 1533 residuum
410 1497 537 1533 Rome
549 1498 779 1547 presumpsi
796 1509 933 1533 canere
948 1496 1084 1532 lauros
1103 1502 1180 1533 etc.

25 1560 138 1602 vides
151 1570 394 1614 postremam
413 1564 544 1600 ultimi
563 1562 682 1600 huius
700 1577 837 1601 versus
857 1571 1011 1615 partem
1033 1563 1284 1616 desumptam
1305 1579 1357 1603 ex
1374 1580 1493 1618 prae-

26 1632 186 1669 fationis
222 1631 381 1683 Corippi
416 1645 535 1669 versu
571 1633 700 1683 primo
712 1660 722 1680 ,
767 1632 835 1684 qui
867 1630 1037 1669 desinit:
1074 1635 1333 1683 praesumpsi
1362 1634 1492 1671 dicere

25 1699 174 1737 lauros.
234 1696 368 1750 plures
395 1700 493 1738 alios
522 1701 682 1751 Corippi
706 1713 844 1738 versus
863 1713 955 1737 suos
974 1700 1069 1737 fecit
1091 1699 1140 1738 de
1159 1703 1281 1739 Bonis
1303 1704 1424 1740 etiam
1446 1705 1490 1740 in

25 1766 101 1806 hoc
130 1772 327 1819 poemate.
385 1767 605 1806 secundum
637 1769 784 1805 librum
809 1767 958 1805 claudit
987 1768 1214 1820 triumphus
1235 1778 1325 1822 post
1346 1785 1490 1809 secun-

27 1834 123 1874 dum
140 1836 290 1873 bellum
307 1837 526 1885 Punicum,
553 1843 592 1873 et
613 1836 715 1874 liber
735 1838 874 1874 tertius
890 1850 1032 1888 parum
1053 1838 1156 1875 ultra
1175 1839 1426 1890 progreditur
1445 1841 1489 1878 iu

24 1902 188 1942 historIa
206 1905 398 1953 Romana,
429 1911 564 1958 estque
582 1905 852 1956 imperfectus,
884 1917 976 1942 culn
992 1906 1035 1941 iu
1057 1905 1135 1943 alio
1156 1905 1290 1944 codice
1309 1910 1359 1945 sit
1376 1907 1488 1945 idem

24 1970 126 2021 liber
151 1973 363 2024 prolixior,
399 1973 462 2010 cui
488 1974 555 2010 alii
585 1971 800 2010 succedunt
822 1986 978 2026 quoque
997 1973 1102 2011 libri.
1160 1975 1203 2011 in
1228 1973 1307 2013 hoc
1326 1990 1486 2030 quoque

27 2039 161 2078 codice
177 2041 479 2078 membranaceo
498 2054 630 2079 rursus
649 2042 805 2092 repetiti
823 2042 1012 2092 leguntur
1030 2042 1164 2093 plures
1185 2043 1400 2095 supr-adimi
1419 2058 1487 2082 sc·-

26 2107 147 2148 cundi
172 2109 264 2146 libri
292 2109 510 2147 Romuleae
536 2122 674 2147 versus
703 2110 914 2161 paululum
939 2111 1154 2148 immutati.
1220 2111 1364 2150 deinde
1395 2120 1487 2152 sunt

27 2175 113 2225 duo*
134 2176 302 2216 disticha
326 2178 494 2214 moralia
527 2183 567 2214 et
594 2176 842 2229 epitaphium
859 2177 1048 2216 Odofredi
1074 2179 1239 2217 celebris
1257 2181 1488 2232 iurisperiti.

24 2253 269 2298 postremum
288 2253 422 2284 autem
443 2257 600 2282 carmen
613 2274 624 2294 ‚
656 2245 763 2298 quod
783 2245 911 2283 codex
929 2245 1039 2283 idem
1056 2248 1250 2297 continet,
1282 2257 1340 2287 est
1358 2248 1489 2303 quod-

27 2311 120 2352 dam
138 2315 429 2366 Panegyricum
449 2314 491 2351 in
514 2312 677 2351 laudem
697 2315 867 2352 Galeatii
890 2316 1142 2354 vicecomitis
1157 2345 1169 2366 ,
1200 2316 1308 2370 quod
1326 2319 1488 2370 incipit:

192 2382 410 2420 altitonans
430 2383 588 2434 genitor
607 2382 680 2420 sub
707 2383 789 2419 alto
813 2383 985 2420 culmine
1007 2384 1095 2421 celi.

27 2451 99 2489 sub
122 2452 205 2490 eius
222 2451 343 2488 finem
364 2450 540 2504 loquitur
561 2454 678 2502 poeta
697 2449 746 2488 de
767 2464 990 2490 marmoreo
1009 2453 1160 2504 templo
1178 2453 1351 2503 maiore,
1382 2453 1491 2508 quod

26 2523 122 2555 tunc
143 2531 289 2569 magno
320 2518 451 2558 studio
484 2533 530 2557 ac
557 2517 788 2557 vehementi
813 2519 953 2558 ardore
978 2521 1151 2572 populus
1179 2521 1491 2561 Mediolanensis

29 2585 237 2635 excitabat,
259 2587 367 2640 quod
387 2590 552 2641 contigit
568 2589 669 2625 circa
689 2601 839 2625 annum
858 2590 981 2630 1386.
1038 2603 1113 2627 nec
1134 2591 1290 2628 silentio
1310 2603 1490 2642 premam

29 2654 300 2704 membranas,
330 2670 383 2695 ex
404 2658 546 2711 quibus
572 2662 725 2695 constat
753 2654 819 2693 hic
846 2655 974 2695 codex
1002 2657 1089 2710 (sic
1107 2665 1199 2696 sunt
1218 2666 1257 2696 et
1277 2660 1377 2697 aliae
1399 2671 1490 2696 cum

26 2719 176 2761 ‘chartis
206 2722 412 2762 hmnixtae
438 2725 483 2763 iu
507 2725 596 2765 aliis
624 2723 825 2765 codicibus
847 2725 953 2776 infra
972 2726 1250 2780 recensendis)
1281 2727 1488 2780 rescriptas
