1702 3060
245 154 338 186 nu
728 141 1169 191 MAZZUCGHELLII

243 249 350 291 sibus
362 249 566 300 productis
591 251 687 287 citat
703 249 898 287 Iohannes
925 251 1187 300 Cuspinianus
1204 251 1246 286 in
1272 250 1603 288 VitisCaesarum
1625 291 1630 296 ,

248 317 458 355 Viennensi
497 316 665 353 Austria
700 315 957 361 bibliotheca,
997 317 1032 352 si
1063 317 1281 352 coniectura
1315 330 1392 353 non
1426 317 1640 367 decipimur
1645 345 1662 370 2

241 397 362 434 quam
387 385 423 420 si
448 385 514 419 cui
539 383 648 419 docto
676 389 712 419 et
739 383 893 419 cordato
918 383 1000 419 viro
1018 382 1102 418 illic
1119 382 1182 419 vel
1198 382 1298 419 alibi
1318 382 1501 433 indipisci
1521 383 1645 421 deser·
1659 417 1666 427 ,

238 449 403 486 bendam
431 451 693 500 contingeret,
730 463 806 486 nae
834 449 900 485 ille
925 462 1074 485 omnem
1095 450 1360 499 posteritatem
1389 448 1568 498 beneficio
1596 450 1675 490 ‹ie—5

236 521 455 552 mereretur.
513 515 559 552 id
589 522 632 552 ut
652 516 788 566 saciat
815 517 1031 565 cuicunque
1058 517 1169 566 copia
1195 516 1380 562 dabitur,
1407 516 1524 567 idque
1545 528 1675 568 quamv

234 582 462 618 maturrime
483 583 631 631 poterit
666 581 774 634 (non
804 583 906 619 enim
935 581 1067 618 dubito
1098 584 1310 620 etiamnum
1336 589 1482 620 exstare
1515 595 1575 619 eos
1598 596 1664 619 co-

233 646 388 699 dices),
418 650 588 686 convicio
616 662 686 686 nos
715 663 802 686 eum
824 650 1023 698 poscimus
1051 656 1087 684 et
1105 663 1180 699 per
1206 651 1420 686 Musarum
1443 650 1550 695 omni
1569 643 1681 702 aeva!-¹

232 727 348 750 sacra
363 717 546 764 mysteria
564 714 818 751 obsec-ramus.
864 728 932 751 nos
952 716 1107 765 quidem
1123 730 1200 753 non
1209 717 1379 767 pigeret,
1406 714 1520 753 rebus
1536 717 1693 757 omni-,³

234 779 307 816 bus
325 783 523 829 sepositis,
557 780 655 816 libro
677 781 718 816 in
738 794 878 817 manus
898 789 1021 818 sumto
1040 783 1131 819 utili
1151 797 1220 820 nos
1238 783 1508 819 commentario
1528 783 1674 818 accim-

229 859 348 896 gere·
331 874 345 892 ,
390 860 438 882 ne
472 847 514 882 in
545 846 618 882 tali
638 847 770 897 aliquo
795 846 869 884 sibi
885 847 995 884 labor
995 849 1145 885 andum
1163 857 1340 895 censeat,
1369 863 1438 900 qui
1432 848 1675 899 fortunam.

233 919 315 948 tam
349 912 564 963 aliquando
597 913 805 951 habiturus
834 922 887 951 est
906 917 1136 964 propitiam.
1206 914 1356 953 Barthii
1386 921 1476 952 vota
1503 914 1693 959 fuerunt*

233 991 388 1029 quoque
407 976 586 1023 Daumii,
615 977 795 1025 Leyserl‚
825 983 948 1025 Fuggi
935 983 1024 1022 ιιιῑί
1053 994 1218 1018 necnon
1237 982 1416 1020 aliorum.
1468 981 1661 1016 Daumius
1688 990 1694 1019 s

232 1056 403 1094 namque
421 1044 462 1079 111
482 1042 644 1092 epistola
662 1054 778 1092 supra
797 1043 911 1078 citata
927 1042 984 1078 acl
991 1042 1202 1078 Heius-ium
1213 1047 1403 1083 scribebat
1413 1058 1514 1083 anno
1532 1047 1660 1086 1672·
1683 1026 1694 1055 ᾖ

232 1110 386 1146 utinam
405 1108 551 1158 aliquis
573 1106 817 1155 Iollanneida
844 1108 1025 1156 Corippi,
1055 1121 1155 1157 quae
1173 1109 1216 1144 in
1233 1107 1464 1144 bibliotheca
1481 1112 1674 1158 Badensij

219 1175 334 1226 suit,
365 1174 528 1210 tenebris
555 1175 727 1210 erueret!
781 1174 1019 1224 Polycarpus
1050 1175 1242 1224 Leyserus
1267 1175 1313 1211 iu
1335 1175 1583 1225 praefatione
1611 1162 1690 1225 ad}

229 1254 342 1278 suam
363 1242 586 1277 Historiam
597 1241 806 1290 poetarum
825 1248 861 1277 et
871 1241 1100 1290 poematum
1122 1240 1241 1277 medii
1262 1241 1372 1285 aevi,
1400 1229 1469 1278 'ubi
1492 1242 1661 1291 Conspe-

229 1314 336 1344 ctum
357 1309 525 1357 corporis
535 1308 746 1358 poetarum
765 1308 1002 1344 Latinorum
1018 1307 1137 1343 medii
1154 1307 1266 1352 aevi,
1307 1306 1413 1358 quod.
1442 1306 1556 1344 edere
1584 1309 1670 1358 sibi(
1684 1330 1696 1364 3

225 1386 337 1411 mens
371 1381 474 1422 erat,
514 1376 694 1425 exponit,
724 1387 844 1424 prope
874 1373 994 1410 finem
1024 1375 1244 1410 exclamat·
1282 1375 1436 1410 utinam
1460 1380 1497 1409 et
1523 1373 1662 1411 haberi
1690 1374 1694 1388 ³

216 1447 349 1489 posset
392 1441 551 1489 Corippi
585 1440 788 1477 Iohannis.
847 1440 1060 1488 Foggiuius
1090 1438 1261 1490 denique
1286 1441 1330 1476 111
1359 1441 1506 1490 pluries
1543 1441 1658 1478 citata
1686 1461 1691 1470 »

218 1506 465 1556 praefatione
484 1519 524 1556 p.
537 1508 594 1544 IX
610 1504 708 1543 haec
727 1505 898 1555 profert:
929 1504 1081 1541 iamdiu
1100 1505 1218 1541 liuius
1237 1506 1352 1542 etiam
1364 1506 1557 1555 poe’matii
1575 1507 1658 1543 edi—
1686 1507 1698 1540 '5

225 1574 367 1610 tionem
397 1574 439 1609 in
470 1574 571 1610 votis
601 1571 718 1609 habet
747 1570 970 1620 respublica
990 1571 1213 1616 litteraria,
1241 1584 1363 1622 neque
1381 1571 1556 1622 elapsam
1576 1574 1658 1610 eius
1687 1562 1699 1626 ζ

223 1652 330 1688 spem
345 1638 445 1674 mihi
463 1651 638 1688 auguror
661 1651 705 1674 ex
722 1651 762 1673 eo
780 1637 887 1687 quod
900 1637 1000 1673 milii
1021 1644 1120 1673 certo
1138 1644 1290 1674 constat
1306 1639 1348 1674 in
1355 1638 1543 1687 pluribus
1563 1639 1658 1676 olim
1690 1634 1698 1668 ‘3

225 1704 421 1742 codicibus
449 1705 685 1753 descriptum
699 1703 845 1754 ficisse-
903 1704 1021 1753 paulo
1052 1704 1154 1740 infra
1179 1717 1220 1753 p.
1239 1705 1278 1740 X
1310 1702 1358 1740 de
1385 1703 1515 1740 codice
1545 1705 1657 1742 Casi-
1694 1707 1699 1731 ’-

223 1772 337 1807 nensi
365 1769 494 1807 addit:
525 1772 677 1807 utinam
703 1783 791 1807 vero
817 1770 932 1805 etiam
953 1783 1060 1806 nunc
1076 1776 1312 1819 superesset,
1341 1777 1413 1807 aut
1427 1784 1502 1821 quo
1519 1785 1658 1821 aspor-

226 1844 331 1873 tatus
338 1837 470 1887 ficerit
487 1838 761 1873 innotesceret!
816 1849 966 1873 omnem
979 1836 1436 1886 profecto-adhibuissem
1455 1851 1591 1875 curam
1610 1852 1659 1875 ne

223 1904 398 1954 amplius
415 1904 707 1941 desideraretur.
765 1916 838 1939 nec
857 1903 921 1939 alii
939 1904 1071 1953 plures
1093 1902 1232 1940 desunt
1249 1905 1317 1954 qui
1337 1904 1547 1954 Corippum
1565 1906 1655 1942 lau-

225 1968 426 2008 daverunt.
485 1972 602 2009 Olaus
627 1972 770 2022 quippe
793 1967 1016 2006 Borrichius
1043 1970 1210 2007 Dissert.
1236 1973 1263 2010 2
1286 1970 1332 2006 de
1347 1970 1474 2020 poe'tis
1493 1971 1652 2019 Latinis
1698 1967 1699 1970 ¹

221 2049 263 2086 p.
285 2039 338 2076 82
358 2037 472 2074 illum
490 2044 603 2075 vocat
612 2037 773 2087 politam
791 2050 870 2072 non
889 2035 1099 2086 ignobilem
1108 2051 1125 2083 ;
1155 2035 1376 2087 Christoph.
1399 2039 1595 2088 cellarius
1608 2039 1661 2088 in¹
1697 2023 1699 2027 Δ

222 2103 515 2154 Prolegomenis
547 2103 597 2140 ad
631 2104 756 2141 Caras
784 2104 1012 2152 posteriores
1045 2104 1092 2140 de
1122 2102 1375 2140 barbarismis
1396 2112 1433 2141 et
1448 2105 1652 2142 idiotismis

219 2171 403 2206 sermonis
421 2171 563 2207 Latini
583 2168 674 2206 edit.
696 2170 869 2206 lenensis
895 2170 986 2206 anni
1009 2172 1114 2210 1709
1136 2183 1175 2220 p.
1195 2170 1247 2211 47
1271 2177 1309 2207 et
1327 2183 1410 2222 seq.
1438 2172 1540 2208 iuter
1557 2172 1650 2223 fir·-

219 2250 307 2274 reae
328 2238 467 2274 aetatis
485 2238 686 2286 scriptores
703 2249 952 2286 nequaquam
970 2235 1155 2272 barbaros
1175 2243 1246 2272 aut
1263 2237 1554 2285 contemnendos
1575 2239 1650 2275 Co—

216 2304 375 2353 rippum
406 2316 560 2355 quoque
589 2309 762 2339 recenset
789 2302 1041 2340 IFNoltenius
1068 2303 1110 2339 in
1132 2303 1275 2340 Lexico
1296 2304 1468 2341 Latinae
1488 2304 1650 2355 linguae

219 2369 470 2407 antibarbaro
501 2369 602 2407 edito
631 2368 864 2406 Hehnstadfi
887 2371 990 2410 1720
1008 2383 1047 2419 p.
1069 2372 1143 2410 971
1168 2369 1260 2407 djcit
1285 2370 1496 2420 Corippum
1507 2383 1648 2421 gram-

219 2419 406 2474 maticum
425 2436 670 2488 Africanum
700 2450 770 2473 nec
794 2437 1040 2472 invenustum
1060 2436 1220 2485 poetam
1229 2451 1247 2484 ;
1279 2438 1388 2474 IPDe
1410 2434 1578 2486 Ludwig
1604 2437 1647 2472 in

222 2503 317 2542 Vita
330 2504 543 2541 Iustiniani
556 2505 619 2540 M.
643 2510 760 2554 atque
786 2502 1004 2539 leeoclorae
1022 2501 1297 2553 Augustorum
1317 2516 1387 2539 neo
1406 2516 1486 2540 non
1511 2501 1647 2539 Tribo-

218 2571 331 2607 niani
355 2570 478 2607 Halae
507 2571 656 2608 salicae
689 2569 792 2607 edita
822 2582 857 2606 a.
879 2571 978 2610 1731
1014 2582 1055 2619 p.
1076 2571 1159 2610 683
1181 2575 1263 2606 not.
1289 2571 1391 2610 1182
1420 2569 1642 2606 exclamat:

216 2638 373 2674 utinam
393 2638 581 2688 Corippus
600 2636 823 2688 Africanus
843 2636 965 2685 poe'ta
987 2642 1080 2672 esset
1104 2637 1147 2672 in
1166 2635 1347 2686 plurium
1367 2635 1552 2674 manibus
1559 2651 1576 2683 ;
1605 2642 1644 2685 et

213 2704 330 2743 Corn.
348 2705 477 2745 Valer.
495 2702 633 2745 Vonck
649 2705 693 2741 in
715 2700 1134 2741 Animadversionibus
1163 2702 1242 2739 suis
1275 2699 1388 2740 editis
1416 2713 1452 2739 a.
1475 2698 1580 2743 1744
1604 2706 1643 2738 et
