1702 3060
282 110 378 157 380
697 107 883 153 NOTAE
914 107 973 152 IN
1006 105 1220 153 LIBRUM
1249 104 1293 153 11

394 219 489 259 206.
545 222 656 254 vetus
684 216 754 254 illa
779 216 1016 268 reipublicae
1041 216 1188 266 forma,
1218 216 1350 256 omnia
1369 222 1525 258 senatus
1543 219 1654 258 aucto

284 282 363 313 tate
385 273 468 322 agi,
505 269 622 310 huius
645 274 827 323 auspiciis
846 273 951 310 bella
969 273 1072 322 geri,
1101 272 1262 310 foedera
1277 272 1382 311 iniri.
1438 274 1599 313 Sueten.
1619 276 1655 313 T

282 333 349 370 30.
407 328 600 365 Salustius
620 328 777 378 Crispus
796 335 931 366 monet
947 329 1103 366 Liviam
1126 327 1232 380 apud
1250 330 1435 366 Tacitum
1454 331 1559 367 Ann.
1578 332 1629 371 1:

291 383 466 420 Tiberius
475 384 693 432 potentiam
709 383 939 420 dominandi
955 383 1174 430 resolveret,
1213 391 1356 421 cuncta
1375 383 1434 421 acl
1448 387 1626 421 senatum
1643 400 1657 422 ι

281 438 422 475 cando.
483 438 675 475 sarisber.
699 438 725 480 5
743 441 788 479 9:
811 446 948 489 patres
965 441 1174 489 conscripti
1191 439 1400 490 appellati,
1438 441 1509 491 qui
1528 439 1629 476 alios
1647 455 1658 476 2·

274 495 429 544 pientia
448 501 575 530 aetate
591 501 630 530 et
648 494 794 546 affectu
805 502 973 545 paterno
988 494 1287 545 praecedebant.
1342 507 1463 545 penes
1479 497 1572 532 istos
1589 508 1660 532 con

281 550 424 586 librum
440 553 529 585 'erat
544 552 757 587 auctoritas
777 557 813 587 et
829 551 1005 587 omnium
1015 550 1180 600 publice
1193 550 1466 602 gerendorum.
1508 549 1606 602 quid
1619 562 1660 601 pt

280 613 340 642 tas
361 603 506 642 citem‘!
544 607 725 642 Lucanus
746 605 771 647 5
787 635 798 654 ,
829 605 935 643 unde
953 604 1051 643 haec
1068 613 1159 643 sunt
1177 613 1333 656 sumpta
1350 617 1362 643 τ
1397 612 1615 656 cunctaque
1636 606 1662 642 ia

279 662 365 698 suri
374 662 552 710 primum
569 660 644 697 hoc
660 660 848 698 decernite
859 668 1005 710 patres.
1041 668 1079 698 et
1104 664 1126 702 1
1141 674 1151 699 :
1183 661 1584 712 coneulibuefiigiens·
1603 674 1663 697 mo

280 716 352 753 dat
383 716 538 752 decreta
567 723 737 753 senatus.
799 715 1037 753 Claudianus
1075 715 1124 753 de
1157 716 1264 754 laud.
1291 715 1446 754 Stilich.
1474 717 1496 756 1
1512 745 1522 764 ,
1561 723 1599 753 et
1625 716 1662 752 al

280 783 398 821 saepe
411 800 421 818 ‚
450 778 495 808 ut
515 770 690 808 ostendi:
711 771 931 822 neglectum
955 771 1120 808 Stilicho
1142 779 1196 808 tot
1214 773 1295 809 iam
1305 786 1382 822 per
1400 771 1560 810 saecula
1576 785 1665 808 mor·

282 826 450 871 rettulit,
481 833 527 863 ut
539 826 707 863 ducibus
724 827 959 864 mandarent
967 827 1126 876 praelia
1138 834 1286 876 patres.
1318 829 1503 865 Dmursr.

393 883 490 922 211.
547 882 745 918 miracula
761 895 822 919 res
841 889 999 933 aspectu
1014 881 1229 919 mirandae.
1263 882 1426 932 pulchri
1441 880 1612 932 epitheto
1631 888 1667 918 et

283 950 378 975 mon
403 936 543 973 mundi
566 936 720 973 alludit.
777 938 956 974 Alcimus
972 938 1135 974 Avitus:
1165 944 1249 973 tum
1260 945 1379 986 pater
1398 938 1637 986 omnipotens·
1652 950 1668 971 ι

287 1000 393 1028 terno
412 991 561 1028 lumine
575 992 724 1029 laetum
741 992 910 1028 contulit
926 991 985 1028 ad
1000 998 1123 1028 terra-5·
1138 991 1301 1029 sublimi
1317 1006 1363 1029 ex
1379 991 1532 1030 aethere
1548 991 1669 1029 vultus

287 1047 492 1084 illustrans
511 1047 769 1098 quodcunque
790 1047 908 1084 videt.
962 1047 1098 1096 placet
1123 1049 1211 1097 ipsa
1237 1050 1362 1085 tuenti
1387 1047 1535 1095 artifici
1550 1047 1671 1098 sact'u
1692 1085 1694 1087 ,

285 1117 374 1148 suo,
403 1103 623 1153 laudatque
645 1109 793 1139 creator
820 1102 1070 1152 dispositum,
1095 1102 1267 1152 pulchro
1297 1116 1411 1153 quem
1433 1109 1630 1140 struxerat
1657 1115 1671 1139 c

285 1159 393 1202 dine,
422 1158 629 1195 mundum.
677 1156 769 1195 vide
792 1158 998 1208 scriptores
1020 1157 1072 1195 ad
1087 1157 1372 1208 Alexandrum5
1400 1157 1654 1210 Appuleium,

284 1213 460 1250 Plinium
477 1216 518 1253 2.
574 1215 740 1250 ΒΑΜἯ.
1316 1235 1318 1237 »
1700 1216 1702 1224 ²

396 1266 496 1309 214.
552 1270 739 1319 exprimit
756 1281 798 1305 se
818 1269 950 1318 ipsum
964 1280 1081 1319 supra
1103 1280 1155 1304 ex
1170 1268 1241 1305 lib.
1264 1269 1288 1308 1
1314 1269 1408 1309 183.
1462 1269 1627 1305 EAM-n.

395 1324 491 1364 217.
548 1324 715 1362 imitatio
736 1331 794 1361 est
811 1324 1002 1361 Martialis
1025 1322 1287 1374 Spectaculis:
1317 1336 1408 1360 cum
1435 1335 1552 1361 verus
1565 1324 1676 1373 patri
1696 1333 1702 1358 1

284 1379 424 1417 diceris
440 1391 518 1415 esse
529 1387 662 1428 pater.
722 1381 886 1417 BAn'rn.
1691 1422 1699 1423 ἶ

394 1434 448 1470 ib.
510 1434 710 1485 disponere
728 1436 903 1472 solemne
921 1432 1084 1484 regendi
1104 1434 1270 1471 verbum
1287 1433 1357 1470 fflo
1378 1445 1490 1471 aevo.
1521 1433 1576 1470 sic
1592 1433 1678 1482 disp
1699 1446 1702 1467 :

284 1491 440 1527 eitorem
453 1489 739 1527 moderatorem
759 1491 855 1527 alibi
876 1489 983 1526 dicit.
1040 1489 1311 1539 dispositiones
1326 1489 1598 1539 imperatoriae
1617 1487 1678 1525 ord

283 1547 476 1593 nationes,
505 1547 735 1583 Anastasius
751 1547 849 1596 imp.
871 1559 906 1583 c.
924 1546 999 1582 ult.
1019 1545 1064 1582 C.
1086 1543 1135 1581 de
1153 1545 1343 1582 fructibus
1361 1551 1401 1581 et
1419 1545 1551 1582 litium
1573 1555 1679 1594 expet
1700 1573 1702 1575 .

285 1603 354 1639 sis.
410 1603 473 1638 In.

395 1658 492 1697 218.
549 1662 677 1693 totum
703 1654 810 1692 hunc
837 1656 969 1693 locum
999 1652 1122 1692 habes
1152 1655 1351 1705 eleganter
1379 1652 1597 1692 discussum
1621 1664 1702 1703 apw

285 1710 373 1749 Ioh.
393 1711 585 1749 sarisber.
605 1712 790 1748 Policrat.
809 1714 834 1751 6
857 1713 935 1751 20:
957 1710 1095 1760 pedeS,
1126 1712 1197 1761 qui
1215 1710 1428 1748 humiliora
1448 1714 1624 1746 exercent
1639 1709 1683 1758 qb

288 1768 369 1812 cia,
399 1780 564 1817 quorum
581 1766 760 1816 obsequio
780 1766 1018 1815 reipublicae
1035 1765 1208 1803 membra
1218 1779 1293 1816 per
1311 1773 1454 1803 terram
1465 1765 1683 1817 gradiuntu

287 1834 403 1874 porro
421 1820 570 1872 pedum
585 1823 744 1858 nomine
767 1823 871 1859 servi
890 1821 1152 1870 intelligendi.
1180 1823 1265 1858 Art.
1289 1823 1312 1861 1
1334 1821 1402 1862 50.
1429 1823 1615 1859 Dnms’r.

402 1878 500 1918 221.
557 1877 690 1914 allusit
708 1876 759 1913 ad
779 1877 958 1913 fabulam
983 1877 1087 1913 caeci
1113 1875 1298 1913 claudum
1321 1878 1534 1926 portantis,
1565 1876 1634 1927 qui
1647 1875 1685 1925 ip

292 1945 371 1984 qua
386 1931 557 1969 eundem
577 1938 911 1969 commonstraret.
938 1930 1031 1969 vide
1044 1933 1209 1969 Ausonii
1218 1933 1471 1982 Epigramma
1489 1930 1581 1977 124,
1597 1938 1683 1967 tran

291 1989 418 2025 latum
449 2001 502 2024 ex
519 1986 704 2038 Philippo
731 1994 770 2026 et
796 1988 959 2025 Platone
980 1988 1105 2038 poetis
1131 1988 1289 2025 Graecis
1307 2000 1388 2024 non
1414 1985 1512 2024 adeo
1540 1987 1687 2037 antiqui

289 2045 454 2081 BAnrn.

403 2101 500 2139 223.
557 2098 765 2148 interiora]
809 2095 860 2134 ad
879 2097 1209 2149 longinquitatem
1228 2098 1402 2150 protensi
1417 2099 1524 2136 visus
1543 2097 1690 2148 pertine

292 2161 426 2191 tamen
454 2154 569 2190 amici
596 2154 694 2190 olim
718 2153 937 2190 coniectura
956 2166 1037 2190 non
1056 2152 1255 2205 displicet,
1285 2154 1484 2205 inferiora.
1545 2154 1601 2191 sic
1621 2152 1691 2190 eni.

293 2223 411 2260 supra
431 2208 533 2246 dixit
551 2222 591 2246 v.
613 2211 714 2250 195:
743 2208 906 2246 subiecti
928 2211 1098 2259 corporis
1112 2218 1235 2247 artus.
1295 2212 1458 2253 BARTH.

403 2264 499 2305 224.
556 2264 780 2314 antepedes
792 2265 958 2315 planate
974 2267 1074 2316 vias]
1106 2279 1158 2302 ex
1176 2267 1394 2317 evangelio,
1423 2265 1532 2302 ouius
1550 2270 1589 2300 et
1604 2262 1693 2315 phrz

294 2320 370 2358 sim
385 2321 560 2356 retinuit.
616 2321 673 2358 sic
689 2321 793 2357 infra
811 2319 952 2358 eodem
971 2322 1090 2359 verbo
1112 2334 1208 2359 usus
1227 2335 1265 2359 v.
1284 2323 1378 2363 329.
1434 2321 1504 2372 qui
1523 2332 1694 2357 commer

292 2376 435 2412 tarium
466 2376 627 2423 scribat,
666 2377 943 2428 plerarumque
968 2376 1074 2428 apud
1097 2375 1203 2414 hunc
1232 2378 1459 2427 scriptorem
1483 2375 1696 2413 locutionm

293 2431 478 2481 exempla
495 2445 517 2467 e
540 2431 659 2468 sacris
676 2432 815 2470 litteris
834 2431 1047 2483 producere
1064 2435 1200 2483 possit.
1254 2434 1418 2469 Bia-m.
1680 2444 1681 2449 ¹

401 2488 497 2529 228.
553 2487 623 2536 qui
643 2499 728 2523 ms:
756 2488 856 2524 bene
881 2487 1131 2539 [Assagrius]
1156 2489 1264 2539 quin.
1296 2489 1482 2525 Dmn‘s'r.
1538 2486 1634 2537 quin
1657 2497 1697 2521 ne

294 2543 452 2592 caussa]
484 2540 676 2579 mendum
693 2549 763 2590 est,
786 2542 892 2594 quod
907 2556 987 2581 non
1005 2550 1087 2580 erat
1099 2544 1275 2594 Assagrii
1295 2543 1524 2594 exstirpare.
1552 2547 1597 2578 tu
1615 2550 1698 2578 ema

294 2599 404 2635 cula:
434 2599 531 2648 quin
550 2604 587 2634 et
605 2598 735 2634 cauda
752 2611 876 2650 usque
895 2598 1006 2646 adeo,
1034 2600 1174 2650 inquit,
1204 2598 1371 2650 pedibus
1388 2610 1481 2636 suus
1498 2595 1624 2634 honor
1643 2606 1698 2632 no*

294 2661 354 2691 est
368 2651 584 2704 negandus,
600 2659 644 2690 ut
663 2659 702 2690 et
719 2654 753 2691 si
773 2666 851 2705 qua
870 2661 927 2692 est
941 2655 1057 2692 rebus
1069 2656 1276 2705 propositis
1290 2652 1412 2693 cauda
1427 2665 1506 2691 non
1526 2653 1577 2691 sit
1593 2651 1699 2701 negli

295 2708 436 2759 ganda,
468 2709 559 2747 licet
577 2710 812 2749 vilissimum
830 2711 999 2761 corporis
1018 2711 1254 2760 membrum,
1284 2718 1323 2750 et
1341 2717 1474 2748 tamen
1489 2707 1702 2746 membrum
