1702 3060
490 94 840 141 Ionmmnos
874 95 978 139 Lm.
998 68 1084 139 111.
1451 93 1514 138 59

115 210 143 255 5
172 210 479 264 circumquaque
499 207 620 248 duces
641 209 833 246 vallantes
854 207 1013 259 agmine
1036 206 1158 245 denso

170 279 380 316 consilium
397 279 543 330 pariter
560 278 725 315 sulmnis
745 275 794 313 de
815 276 932 313 rebus
952 275 1166 325 habebant,

170 353 334 384 tractato
354 347 463 383 varie
483 351 641 383 noctem
658 357 838 382 sermone
858 343 1075 383 trahentes.

171 413 315 465 gaudia
335 414 500 451 militiae
519 413 694 450 referunt
711 413 922 464 tristesque
942 412 1111 460 labores,

172 494 348 534 quasque
370 483 534 519 Latinus
554 483 636 531 agit
654 482 816 517 vincens
835 481 1031 518 exercitus
1049 481 1199 527 orbem,

90 551 142 593 10
169 563 275 587 nunc
295 550 397 587 bene
416 550 643 587 cmmnissas
658 548 872 585 referentes
891 547 1031 585 ordine
1048 561 1217 599 pugnas,

167 630 273 654 nunc
291 617 397 654 male
418 623 529 668 gesta
547 630 650 654 novo
670 623 937 653 memorantes
957 616 1065 653 bella
1087 615 1238 654 dolore.

169 684 266 723 dum
284 683 437 722 diversa
461 691 624 733 canunt,
656 683 794 722 ductor
815 685 872 721 sic
889 684 991 721 forte
1010 685 1181 723 locutus.

163 747 319 805 “qualis
337 754 380 789 in
399 750 573 790 adventu
591 753 721 790 fuerat
740 760 834 790 tmlc
856 752 989 789 Africa
1008 759 1156 801 nostro,

167 835 190 860 o
210 822 329 869 socii,
359 821 489 858 saevis
508 828 611 858 esset
631 834 721 858 cum
739 822 918 858 maxima
937 821 1071 871 regnis

85 889 138 931 15
166 890 265 927 ultio
284 890 408 926 missa
429 886 513 937 dei,
543 890 697 926 tristem
715 902 816 941 quae
835 891 908 926 rite
924 895 1139 939 tyrannum

167 956 508 1008 Vandalicumque
531 969 657 1007 genus
682 964 846 994 centeno
870 955 1052 1007 perderet
1073 968 1192 1004 anno,

169 1025 362 1063 Geilamir
375 1022 561 1061 infandus
581 1024 763 1075 quamvis
783 1031 998 1061 vexaverat
1017 1024 1134 1061 Afros

165 1091 468 1145 perdideratque
486 1104 655 1140 nocens,
684 1105 854 1143 magnus
875 1106 954 1145 quo
975 1098 1154 1143 tempore
1177 1090 1314 1130 ductor

165 1162 237 1200 sub
259 1163 353 1211 iuga
372 1159 557 1198 Sidonias
577 1162 687 1198 misit
708 1161 924 1198 Belisarius
949 1174 1071 1210 arces,

80 1233 135 1273 20
162 1228 403 1282 principibus
423 1235 582 1279 captum
598 1235 854 1280 praesentans
872 1230 968 1266 urbe
989 1226 1226 1281 tyrannum!

164 1291 285 1350 quain
302 1296 423 1333 celeri
447 1309 563 1339 cursu
581 1299 747 1334 summis
765 1304 822 1334 tot
838 1298 945 1334 bella
965 1304 1124 1348 peracta

161 1365 333 1413 viribus,
363 1371 431 1401 aut
450 1377 551 1416 quae
572 1364 693 1415 digna
714 1367 845 1402 virum
863 1365 1022 1402 fortuna
1041 1372 1175 1416 secuta
1197 1362 1279 1402 est!

162 1433 245 1471 ibat
263 1434 306 1469 in
326 1430 516 1469 adductas
540 1431 673 1470 densis
695 1435 892 1470 exercitus
914 1433 1075 1471 umbras

165 1499 392 1547 arboribus,
422 1499 551 1551 rapidi
569 1514 643 1538 nec
664 1501 757 1538 soils
778 1500 949 1538 torridus
970 1499 1086 1537 ardor

78 1568 134 1613 25
161 1569 328 1606 militiae
345 1568 479 1604 nocuit
497 1567 655 1606 fervens
677 1575 823 1606 aestate
842 1575 1016 1620 perusta,

163 1647 394 1688 quanquam
412 1641 624 1673 autumnus
643 1644 746 1685 erat,
775 1635 930 1674 Phoebi
949 1635 1156 1675 candentis
1180 1643 1218 1675 et
1239 1652 1315 1676 axe

161 1705 288 1742 tristia
306 1701 413 1739 bella
429 1704 557 1753 magis
576 1703 705 1742 calida
722 1705 962 1743 inferrentur
981 1719 1116 1743 arena.

160 1785 234 1810 nec
253 1772 385 1809 minus
406 1777 445 1808 et
463 1779 577 1823 capto
589 1802 600 1820 ‚
630 1773 735 1810 facta
754 1774 836 1810 iam
853 1787 970 1826 pace,
1001 1782 1169 1827 tyranno

160 1838 264 1877 laeta
282 1837 373 1876 fuit.
430 1840 591 1891 plenam
605 1841 776 1892 Libyam
794 1842 1021 1895 cultamque
1040 1843 1209 1896 reliqui3

78 1910 132 1950 80
160 1907 281 1959 inque
301 1913 404 1958 statu
421 1909 580 1959 proprio
600 1921 666 1945 me
687 1908 915 1948 discedente
935 1913 1138 1961 remansit,

162 1981 202 2012 et
221 1975 382 2013 melior:
413 1989 503 2014 sum
520 1989 694 2028 namque
712 1991 879 2016 memor.
938 1979 1135 2030 fecunda,
1169 1979 1396 2019 redundans

158 2043 339 2094 frugibus
352 2073 362 2092 ‚
394 2050 433 2081 et
451 2044 603 2082 fructus
623 2046 761 2082 lumen
784 2045 987 2086 fundentis
1010 2049 1140 2087 olivae

160 2117 200 2149 et
217 2111 354 2149 latices
370 2112 466 2150 laeti
483 2120 645 2164 turgens
664 2114 859 2152 referebat
876 2115 1022 2154 Iacchi.

157 2192 239 2232 pax
258 2187 342 2217 erat
362 2180 442 2217 alta
460 2181 572 2219 locis.
631 2194 733 2234 quae
753 2189 862 2221 tanta
883 2185 1037 2221 insania
1055 2183 1168 2234 belli,

75 2246 129 2290 35
159 2249 246 2300 quis
264 2248 375 2285 furor
395 2250 544 2286 exarsit
557 2251 713 2288 miseris
734 2252 897 2290 insanus
916 2253 958 2289 in
975 2250 1110 2290 arvis?

160 2329 261 2369 quae
278 2322 415 2363 movet
430 2317 629 2355 immerito
652 2321 835 2371 quatiens
854 2321 1023 2357 Bellona
1046 2321 1206 2372 flagello

159 2385 387 2422 innumeras
411 2391 548 2435 gentes
559 2383 580 2422 ’ἔ
610 2387 676 2423 vel
699 2400 800 2439 quae
822 2387 998 2426 succedit
1018 2391 1177 2442 Erinys,

159 2458 200 2490 et
216 2450 511 2492 Phaethonteos
534 2456 795 2494 commiscens
815 2457 998 2508 gentibus
1015 2459 1131 2509 ignes

158 2522 292 2560 omnia
313 2523 370 2560 sic
389 2524 555 2574 mergit,
586 2522 720 2561 valida
742 2525 902 2564 labente
923 2525 1070 2565 ruina?

48 2640 72 2676 5
95 2640 348 2690 circumperque
381 2645 415 2678 Τ
557 2647 581 2681 7
619 2650 770 2684 tractatu
801 2649 896 2684 vario
927 2650 1003 2685 MT
1150 2651 1195 2688 12
1231 2651 1344 2696 forte]
1384 2662 1443 2686 ore
1472 2651 1516 2687 Μ

47 2685 95 2768 ἐξ
115 2687 209 2779 3¹:13³
210 2689 327 2772 232?OE
433 2691 479 2726 23
501 2691 643 2728 adactas
660 2695 693 2728 ‘1'
845 2698 893 2731 26
915 2707 1058 2742 cumque
1074 2697 1103 2731 1'1
1255 2699 1301 2733 35
1324 2698 1461 2732 insonus
1479 2700 1513 2733 T
