1702 3060
472 109 548 153 DE
582 109 854 155 nummus
887 106 1106 156 ms'r'm.
1417 110 1512 156 387
1553 91 1555 96 ’

56 245 60 252 ».
132 226 134 228 ’
159 217 384 258 avonsule.
444 217 657 258 Cedrenus.
716 227 827 259 vetus
856 214 1084 260 scholiastes
1115 210 1310 259 Iuvenalis
1335 219 1385 259 ad
1409 221 1510 258 illud

0 300 6 324 1
56 295 59 306 =
108 267 138 314 ο.
165 278 239 318 1⁴0:
270 277 314 313 in
332 277 468 313 tunica
485 277 606 314 Iovis.
669 283 875 328 mappam,
904 279 1056 330 inquit,
1099 279 1310 315 mittentem
1335 279 1378 315 in
1408 279 1509 315 circo

0 366 3 371 .
66 330 263 397 Qvi-sulem
294 331 478 369 describit
497 333 636 384 poe'ta:
677 345 772 371 nom
800 336 978 372 'tzmieam
1000 335 1107 372 Iovis
1129 342 1262 386 togam
1284 333 1512 384 palmatam

236 390 320 427 eius
343 402 437 427 usus
457 402 538 427 nou
558 396 714 427 tantum
736 390 786 427 ad
807 390 1018 441 signandas
1036 398 1245 429 munerum
1264 392 1509 429 commissio-

0 417 2 422 ,
97 389 107 399 ”
129 395 174 426 ιι.

51 386 144 547 {ez
174 444 246 483 sed
262 447 384 483 etiam
399 445 450 483 ad
466 446 570 484 feras
585 446 805 485 incitandas
825 454 863 484 et
882 446 932 484 ad
953 449 1053 484 iram
1070 446 1354 498 provocandus.
1413 447 1506 485 Sen.

136 503 195 539 ira
223 503 249 543 8
277 503 353 543 39:
391 516 501 540 ursos
532 502 735 554 leonesque
771 517 921 554 mappa
942 506 1128 554 proritat.
1191 511 1340 542 certum
1372 505 1507 557 itaque

58 557 159 607 illud
172 587 184 606 ‚
221 571 409 610 mappam
423 588 433 607 ,
475 561 558 596 sive
579 572 600 596 a
618 566 797 610 praetore
820 573 890 598 seu
911 573 933 597 a
954 559 1140 597 dictatore
1165 562 1227 598 vel
1259 561 1418 598 consule
1440 567 1507 598 aut

58 607 230 667 &nique
251 615 298 652 ab
317 615 450 667 aliquo
470 629 490 652 e
509 616 705 653 famulitio
724 618 964 664 mitteretur,
1003 618 1161 668 signum
1178 618 1299 654 fuisse
1320 616 1504 654 ludorum

57 670 227 720 nomae,
266 677 310 709 ut
339 678 378 709 et
407 672 608 709 lucernam
639 674 832 724 Byzantii.
892 672 963 711 sed
1004 679 1146 711 testem
1181 672 1310 711 adhuc
1342 686 1502 725 quaero.

56 715 240 768 beust.
297 741 377 780 non
399 735 457 766 est
477 727 583 780 quod
601 742 749 766 novum
767 743 920 767 morem
936 728 1042 767 hunc
1059 737 1247 782 quaerant
1263 732 1338 768 viri
1358 729 1504 768 doctis-

55 785 159 835 timi.
214 786 350 836 ignem
384 786 684 836 imperatoribus
710 787 898 824 Romanis
928 787 1117 838 praeferri
1153 794 1308 824 suetum
1340 788 1501 824 notissi-

53 853 164 879 mum
176 870 186 889 ,
218 847 256 879 et
279 842 488 879 illustravit
508 856 598 879 eum
618 856 771 879 morem
789 843 924 880 multis
946 842 1196 881 doctissimus
1211 844 1369 894 Lipsius
1392 855 1502 881 com-

51 899 244 937 mentatio
267 897 318 935 ad
335 899 535 935 Tacitum.
576 899 779 936 lucernam
797 906 928 936 autem
946 913 1037 936 eum
1054 901 1190 951 ignem
1208 906 1321 937 vocat
1342 907 1501 951 propter

50 961 209 994 versum
225 955 415 1006 Corippus
428 983 438 1002 ‚
469 956 561 1006 quia
579 956 757 991 clausum
778 956 902 992 fuisse
922 958 1168 1006 suspicamur
1186 956 1276 1006 (fax
1296 963 1398 993 certe
1419 967 1498 994 non

50 1009 142 1058 fuit)
156 1040 166 1059 ‚
205 1011 269 1048 vel
292 1012 385 1063 quia
403 1018 446 1047 ut
463 1010 708 1061 lampadem,
740 1012 793 1047 ita
817 1018 855 1047 et
872 1012 1075 1048 lucernam
1098 1010 1173 1048 hoc
1190 1024 1314 1062 genus
1333 1013 1498 1062 scripto-

50 1079 112 1105 res
131 1079 291 1105 omnem
306 1069 443 1118 ignem
461 1067 675 1118 appellant.
734 1066 961 1118 lampadem
979 1075 1111 1104 autem
1130 1069 1346 1118 praelatam
1369 1070 1498 1119 impe-

50 1124 242 1161 ratoribus
259 1122 373 1161 docet
392 1125 614 1161 Antoninus
633 1125 858 1174 imperator,
890 1137 911 1160 a
929 1126 1064 1175 Lipsio
1087 1123 1191 1161 dicto
1216 1126 1496 1163 commentario

47 1178 274 1231 productus.
334 1193 386 1217 ex
406 1180 574 1231 Corippo
603 1181 764 1230 insuper
788 1179 985 1218 notandus
1009 1182 1043 1218 is
1071 1190 1179 1228 mos,
1213 1180 1319 1233 quod
1340 1181 1496 1234 lampa-

49 1234 141 1274 δέω
166 1237 278 1274 illam
303 1235 529 1287 deposuerit
558 1250 603 1274 eo
626 1237 712 1274 loco
741 1240 875 1274 cursor
900 1249 977 1288 quo
1004 1238 1218 1287 imperator
1244 1250 1496 1275 consessurus

47 1297 142 1331 erat.
198 1293 381 1330 meminit
397 1291 515 1330 huius
533 1292 728 1343 lampadis
749 1293 1050 1344 imperatoribus
1070 1293 1287 1344 Cpolitanis
1304 1295 1494 1344 praeferri

43 1349 183 1387 solitae
204 1351 324 1386 etiam
343 1349 530 1397 Codinus,
560 1356 599 1386 et
618 1362 706 1386 eam
726 1348 877 1387 duabus
899 1350 1053 1387 corollis
1071 1351 1176 1400 cingi
1197 1351 1351 1387 solitam
1375 1349 1494 1388 tradit

42 1403 280 1443 Theodorus
298 1406 524 1454 Balsamon‚
546 1413 590 1443 ut
609 1409 718 1443 notat
739 1413 828 1442 cum
848 1406 1050 1443 nonnullis
1068 1407 1155 1444 aliis
1173 1406 1418 1457 Bulengerus
1444 1405 1493 1444 de

42 1463 280 1513 Imperatore
303 1465 328 1503 2
351 1465 416 1503 30.
447 1464 611 1500 But-ru.
670 1463 758 1512 lege
776 1461 961 1500 indubius
986 1462 1163 1507 lacerna,
1195 1469 1233 1499 et
1261 1469 1353 1500 nota
1374 1463 1491 1514 plane

41 1527 155 1557 suam
174 1519 366 1556 versiculo
387 1520 606 1556 restitutam
622 1520 990 1570 interpunctionem,
1018 1532 1094 1571 qua
1113 1519 1267 1556 turbata
1283 1533 1400 1557 nemo
1421 1533 1490 1557 us-

41 1586 118 1626 que
139 1573 235 1612 dum
258 1588 350 1611 eum
368 1582 471 1612 recte
492 1576 768 1625 interpretatus
791 1582 862 1612 est.
903 1574 1086 1613 Reiskius
1106 1577 1146 1612 in
1165 1578 1269 1613 notis
1288 1575 1337 1612 ad
1356 1577 1489 1614 Const.

38 1629 284 1683 Porphyrog.
307 1630 494 1668 admonet
520 1631 569 1668 de
597 1644 641 1668 eo
665 1644 780 1682 agere
801 1630 1074 1668 Eschenbach.
1103 1634 1206 1669 Diss.
1235 1631 1424 1669 Academ.
1446 1646 1486 1683 p.

37 1687 141 1729 588:
170 1686 243 1725 sed
263 1686 382 1725 hasce
406 1687 697 1725 dissertationes
718 1700 807 1724 cum
825 1701 905 1725 non
927 1687 1111 1736 viderim,
1149 1690 1282 1726 nescio
1309 1688 1405 1741 quid
1429 1691 1488 1725 vir

37 1741 212 1782 eruditus
230 1743 443 1782 meditatus
462 1745 579 1782 fuerit
595 1741 655 1795 *);
687 1751 812 1782 certus
835 1751 965 1782 tamen
986 1743 1163 1794 adfirmo,
1186 1747 1219 1783 si
1241 1757 1318 1797 qua
1340 1745 1417 1782 alia
1437 1745 1486 1782 ad

126 1898 166 1945 ⁴¹)
188 1899 433 1934 Eschenbachii
450 1899 535 1934 haec
549 1904 628 1935 sunt
642 1901 756 1935 verba.
791 1901 873 1936 “Io.
888 1900 1020 1935 Pierius
1037 1900 1238 1935 Valerianus
1256 1900 1482 1954 Hieroglypb.

33 1943 58 1987 l,
72 1942 138 1994 46,
171 1946 235 1980 Iul.
252 1945 352 1981 Caes.
368 1946 580 1990 Bulengerus
596 1946 638 1981 de
652 1947 864 1992 imperatore
878 1949 901 1982 2
915 1948 961 1982 30
972 1972 982 1991 ,
1019 1946 1106 1980 Tho.
1125 1946 1346 1991 Dempsterus
1359 1950 1475 1992 Antiq-

30 1989 131 2025 Bon.
161 1991 183 2026 5
205 1991 248 2027 31
273 1991 414 2038 paralip.
443 1991 551 2036 ignem
575 1993 738 2038 Augustis
768 1992 950 2039 praelatum
980 1992 1148 2026 lucernam
1179 1992 1285 2026 fuisse
1316 1998 1482 2033 asserunt,

30 2033 184 2081 unoque
197 2047 288 2071 suam
304 2038 501 2072 sententiam
515 2039 662 2083 probant.
674 2039 816 2084 Corippi
831 2039 918 2072 loco.
941 2050 1004 2083 ego
1021 2049 1103 2072 vero
1119 2037 1198 2071 mihi
1209 2042 1400 2083 temperare
1415 2048 1482 2070 non

29 2090 168 2129 possum
184 2093 250 2127 quo
265 2083 374 2117 miuus
388 2083 486 2117 alium
501 2084 600 2118 ritum
616 2084 672 2118 hic
688 2096 857 2129 quaeram.
905 2085 1094 2118 consideret
1108 2094 1235 2128 quaeso
1253 2082 1327 2127 quis
1347 2087 1382 2115 et
1401 2093 1479 2127 per-

17 2126 157 2174 pendat
169 2127 302 2172 singula
317 2128 397 2162 Cori
423 2129 457 2174 pi
471 2131 596 2163 verba=
626 2130 681 2164 vel
695 2141 818 2174 magna
831 2130 1011 2174 sponsione
1026 2129 1177 2163 excidam
1188 2155 1197 2172 ,
1218 2128 1283 2161 nisi
1299 2127 1386 2160 aliud
1401 2127 1480 2171 quid

12 2171 120 2218 aelle
133 2177 304 2207 auctorem
316 2174 399 2207 intel
413 2173 494 2218 'gen
549 2186 704 2220 quorsum
721 2177 808 2210 enim
824 2186 949 2220 quaeso
967 2176 1052 2209 haec
1067 2175 1173 2208 verba
1188 2178 1223 2207 et
1237 2173 1318 2218 quid
1333 2172 1375 2207 ad
1391 2173 1480 2207 hune

15 2214 139 2263 «fitam,
148 2219 285 2264 iamque
294 2219 403 2264 operit
411 2232 501 2254 nova
510 2226 606 2255 astra
616 2222 686 2255 dics
694 2221 713 2255 ?
730 2233 817 2266 quae
832 2220 985 2266 proxime
998 2219 1205 2266 praecedunt
1219 2224 1255 2252 et
1270 2218 1345 2252 cum
1356 2218 1478 2263 quibus

11 2260 214 2311 {Mediate
231 2266 415 2299 cohaerent
429 2265 486 2299 illa
499 2268 727 2310 praenuntius
744 2272 825 2301 ante
842 2272 906 2301 etc.
930 2266 1050 2300 deinde
1064 2265 1122 2299 illa
1132 2264 1237 2299 verba
1251 2264 1478 2309 praenuntius

12 2313 110 2354 tm
123 2322 241 2346 cursor
263 2313 371 2356 signa
393 2312 489 2345 dedit
502 2323 611 2346 nonne
625 2312 773 2346 notabile
792 2317 826 2346 et
842 2312 924 2346 satis
939 2312 1073 2356 longum
1087 2309 1248 2356 temporis
1263 2310 1404 2355 spatium
1420 2309 1476 2343 in-

8 2351 145 2401 sumunt,
165 2367 232 2402 quo
249 2368 365 2391 cursor
379 2356 444 2390 iste
457 2356 689 2402 imperatorem
704 2357 738 2391 in
753 2359 919 2392 theatrum
934 2358 1123 2391 venientem
1137 2356 1396 2402 praeverteret?
1420 2360 1473 2389 at-

23 2443 26 2447 ,
47 2401 62 2442 '¹
73 2399 84 2410 ⁶
97 2401 186 2446 ignis
198 2402 455 2449 imperatoribus
470 2404 636 2448 praeferri
652 2403 769 2438 solitus
784 2404 972 2439 immediate
987 2403 1062 2437 illos
1075 2414 1149 2436 cum
1164 2401 1301 2447 reliquis
1317 2401 1475 2435 maiesta-

10 2409 522 2528 ⁸{glivqsingilgtus‹piraecedebau
557 2461 686 2529 ‘cui-sgr
710 2454 822 2530 aute?
840 2449 901 2529 thie
922 2449 1002 2529 quid
1022 2448 1206 2528 inhsglemni
1220 2448 1475 2527 ὴξῖυξζωξζδῗξ

24 2495 107 2573 ἔῖξ.
143 2504 184 2573 οἳ
198 2505 634 2586 ἐὲοοεῖῗώορὲἷέἳῗζοὶἳ
655 2506 958 2588 affatim
976 2506 1172 2586 3..ssssss
1185 2505 1306 2574 31⁰3..
1321 2519 1395 2591 οἵω,
1410 2536 1469 2571 vm

0 2585 172 2629 fiennon-is
185 2585 299 2620 officio
314 2592 532 2631 permutaret.
584 2587 612 2621 si
634 2587 737 2632 igitur
756 2587 791 2621 in
812 2587 915 2621 tantis
935 2586 1086 2621 tenebris
1102 2586 1316 2620 coniecturae
1330 2584 1470 2617 rehctus

5 2632 79 2676 glut
89 2629 183 2664 locus
197 2631 304 2675 ullus,
335 2632 517 2667 arbitrarer
531 2633 642 2678 potius
652 2660 662 2676 ‚
693 2633 782 2678 quod
797 2638 909 2667 tamen
923 2632 996 2667 sine
1011 2636 1151 2667 auctore
1166 2631 1298 2665 affirmo
1308 2657 1319 2673 ‚
1342 2629 1375 2662 iu
1391 2627 1469 2680 aula

21 2670 203 2756 Qunam
218 2676 317 2710 moris
330 2677 436 2712 fuisse
451 2683 501 2723 ut,
524 2678 554 2712 si
569 2679 704 2723 quando
720 2679 902 2726 imperator
915 2678 950 2712 in
965 2679 1131 2712 theatrum
1146 2677 1202 2711 vel
1217 2676 1340 2709 circum
1352 2683 1468 2715 vemre

125 2721 238 2767 visset,
255 2732 372 2757 cursor
386 2724 519 2768 quidem
534 2725 674 2759 notabili
686 2730 766 2760 ante
780 2725 961 2760 adventum
978 2723 1138 2769 principis
1152 2722 1275 2767 spatio,
1298 2721 1466 2753 luc'ernam

10 2763 333 2814 ,text-imperatoris
346 2769 451 2804 sedile
466 2770 575 2815 (quod
592 2782 636 2806 an
650 2776 832 2817 suggestus
844 2770 966 2813 fuerit,
1003 2769 1051 2804 uti
1067 2769 1196 2804 Romae
1210 2767 1243 2800 in
1260 2763 1467 2811 amphithea-
