1702 3060
375 100 435 143 ΙΝ
467 99 818 144 IOHANNIDOS
851 99 918 143 IV
949 98 1152 143 NOTAE.
1402 98 1500 144 269

66 217 96 246 ἅτ’
110 210 117 239 Ῑ
148 215 244 257 900.
304 212 412 263 Virg.
436 212 539 250 Aen.
568 212 595 254 4
611 210 690 254 64:
724 212 921 262 spirantia
943 210 1113 248 consulit
1130 216 1231 247 exta.

148 271 246 314 901.
308 283 494 306 conversa
515 269 678 319 cuspide
696 270 805 319 Virg.
825 269 928 306 Aen.
953 269 974 307 1
994 267 1062 308 85.

64 321 92 359 ⁵⁸1
147 329 244 368 903.
305 326 549 377 transadigit
569 327 677 377 Virg.
700 327 802 363 Aen.
826 326 851 365 9
872 324 957 366 432
975 330 1013 360 et
1039 326 1090 365 12
1110 326 1207 365 276-

149 382 246 426 905.
309 385 418 434 Virg.
451 385 552 420 Aen.
578 385 603 423 6
625 384 730 425 880:
771 395 863 418 cum
879 380 1003 431 pedes
1032 381 1106 416 iret
1133 381 1177 416 in
1202 380 1368 426 hostem,
1408 386 1446 418 et
1472 385 1499 424 7

39 435 142 480 ²324:
166 453 268 491 pars
279 440 402 491 pedes
421 441 477 476 ire
485 445 624 489 parat.

149 499 246 538 910.
299 510 379 548 per
399 496 566 533 vulnera
591 501 730 547 quater
746 493 868 531 habet
889 495 1076 544 Virgilius
1098 494 1140 530 in
1159 493 1297 546 quinta
1318 492 1428 530 sede.

149 552 246 594 915.
307 552 445 590 obvius
463 554 518 589 ire
526 559 654 603 parat
671 553 780 602 Virg.
804 551 906 588 Aen.
934 553 985 591 10
1009 553 1103 592 770.

148 611 243 650 918.
306 610 456 646 iniectis
474 609 651 660 undique
669 607 756 644 telis
779 608 887 657 Virg.
911 608 1013 645 Aen.
1038 609 1062 647 9
1083 609 1178 648 807.

144 667 240 705 919.
301 667 409 716 Virg.
433 666 536 703 Aen.
560 667 585 704 6
615 667 714 705 163:
743 665 913 715 indigna
931 670 1052 700 morte
1070 669 1336 713 peremptum.

143 720 239 761 925.
301 722 351 760 de
368 722 480 759 laud.
503 720 529 761 4
551 723 631 762 366
650 727 813 758 vocatur
832 721 1048 771 ensipotens
1067 722 1234 766 Narses3
1265 718 1372 756 unde
1390 719 1499 770 Fog-

40 777 163 828 ginius
184 776 334 816 ibidem
353 778 498 816 adiecit
517 777 620 814 hanc
640 779 836 828 glossam:
867 791 1004 827 nempe
1020 776 1382 827 protospatharius.
1416 789 1498 812 nou

34 834 291 885 improbabile
320 842 380 873 est
411 837 531 874 etiam
558 833 779 872 Iohannem
806 833 882 871 hac
915 833 1105 884 dignitate
1135 833 1327 870 donatum
1346 833 1495 880 fuisse3

36 889 103 928 sod
120 891 387 940 Forcellinus‚
437 893 506 944 qui
534 890 586 927 ad
616 890 782 927 eandem
816 904 956 928 vocem
981 892 1195 941 Corippum
1224 889 1355 926 solum
1386 890 1492 937 citat,

20 959 122 984 eam
141 949 337 1000 explicat:
356 949 499 1000 sortis,
527 954 728 992 strenuus,
759 948 831 997 qui
846 961 935 984 ense
950 947 1074 991 valet,
1104 947 1253 999 absque
1271 946 1355 982 ulla
1375 958 1494 982 men-

32 1006 137 1042 tione
178 1005 503 1056 protospatharii.
591 1005 699 1054 Virg.
740 1004 842 1040 Aen.
886 1005 940 1044 12
981 1005 1085 1044 683:
1152 1002 1284 1040 media
1325 1003 1493 1053 agmina

33 1075 117 1099 rum
147 1063 189 1099 it.

110 1075 236 1160 P928.
297 1125 374 1155 toto
397 1130 555 1168 corpore
579 1115 768 1166 Virgilius
794 1119 842 1158 13
873 1117 1025 1154 vicibus
1058 1115 1178 1154 habet
1210 1123 1287 1153 toto
1312 1129 1492 1166 corpore,

28 1187 226 1227 nusquam
242 1187 342 1211 novo
359 1187 517 1224 corpore
531 1187 543 1209 :
574 1186 667 1209 nam
681 1186 854 1222 porpore
874 1180 932 1210 est
949 1173 1206 1210 manifestum
1222 1171 1429 1210 mendum.

138 1233 233 1273 929.
295 1230 505 1268 detruncat
529 1230 616 1267 Val.
642 1230 771 1266 Flacc.
797 1232 822 1270 3
846 1229 941 1271 145.
1005 1228 1184 1280 dactylus
1219 1235 1278 1265 est
1306 1229 1492 1266 Ariarith.

16 1285 114 1336 mic,
142 1295 187 1326 ut
204 1300 322 1339 saepe
340 1285 448 1338 apud
467 1287 679 1337 Virgilium
703 1287 834 1322 ariete.
900 1284 949 1322 de
971 1286 1040 1323 illo
1063 1292 1196 1322 autem
1215 1285 1378 1322 nomine
1398 1284 1490 1322 vide

139 1403 236 1442 930.
296 1401 445 1437 Lucan.
467 1400 493 1440 8
512 1402 616 1442 673:
647 1398 825 1435 nondam
843 1399 942 1435 artis
963 1405 1047 1435 erat
1070 1406 1193 1449 caput
1211 1413 1299 1436 ense
1315 1406 1458 1436 rotare.

140 1455 320 1498 933—4.
380 1457 546 1493 fortasse
574 1469 645 1506 pro
666 1454 834 1493 vocabat
854 1454 1071 1506 legendum
1089 1463 1147 1493 est
1166 1457 1286 1493 etiam
1305 1455 1490 1493 sonabat.

15 1514 136 1564 'Virg.
156 1513 260 1551 Aen.
282 1515 307 1554 9
326 1511 515 1553 414—5:
554 1526 713 1549 vomens
743 1511 921 1548 calidum
953 1512 1000 1548 de
1018 1519 1178 1562 pectore
1188 1513 1350 1562 flumen
1355 1512 1491 1564 frigi-

0 1570 121 1616 hctus,
150 1577 186 1607 et
205 1569 336 1621 longis
356 1568 597 1620 singultibus
616 1569 689 1605 ilia
703 1569 860 1619 pulsat.
923 1575 962 1621 et
980 1568 1094 1608 Ovid.
1119 1572 1257 1607 Amor.
1295 1573 1320 1611 3
1356 1573 1382 1610 9
1416 1573 1487 1613 12.

27 1640 173 1679 oraque
190 1625 372 1678 singultu
391 1627 632 1662 concutiente
649 1633 805 1663 sonant.

138 1683 234 1725 935.
294 1682 569 1733 haudprocul
585 1682 676 1719 inde
697 1684 805 1733 Virg.
830 1682 934 1720 Aen.
957 1684 983 1723 8
1006 1681 1101 1725 642.

136 1738 234 1781 944.
294 1740 471 1791 sequitur
490 1746 585 1776 tune
603 1746 729 1776 cetera
738 1738 868 1790 pubes
887 1741 995 1790 Virg.
1020 1741 1122 1777 Aen.
1150 1743 1176 1780 7
1198 1738 1294 1781 614.

137 1795 317 1838 947-8.
379 1795 506 1833 adieci
536 1797 667 1833 media
696 1795 748 1833 ad
772 1797 1108 1847 complementum
1139 1809 1297 1844 versus,
1346 1797 1414 1848 qui
1444 1797 1487 1833 iu

26 1851 162 1891 codice
180 1860 239 1891 est
255 1853 536 1904 iinperfectu53
559 1860 598 1890 et
614 1851 691 1890 hoc
707 1853 785 1889 feci
804 1855 1034 1890 auctoritate
1056 1853 1180 1891 fultus
1202 1853 1360 1904 Virgilii
1376 1855 1481 1891 Aen.

26 1910 81 1951 12
97 1911 193 1957 683,
221 1909 291 1947 ubi
309 1910 457 1960 legitur
473 1909 604 1946 media
622 1911 788 1961 agmina
807 1911 969 1960 rumpit.
1030 1910 1128 1947 item
1147 1923 1218 1962 pro
1240 1917 1390 1947 montes
1408 1924 1486 1961 po·-

25 1967 88 2005 sui
106 1967 248 2012 muris,
269 1967 363 2019 quia
382 1979 500 2018 saepe
517 1965 628 2003 idem
646 1967 834 2017 Virgilius
851 1967 980 2018 iungit
999 1968 1167 2017 agmina
1187 1973 1226 2004 et
1246 1974 1377 2004 castra
1394 1981 1484 2004 cum

23 2023 163 2070 muris&
187 2029 232 2060 ut
251 2024 355 2061 Aen.
381 2022 407 2064 5
429 2022 533 2064 805:
564 2025 799 2075 impingeret
814 2025 982 2075 agmina
1000 2024 1142 2069 muris,
1172 2030 1211 2061 et
1231 2025 1256 2064 8
1281 2025 1384 2065 800:
1406 2039 1486 2074 per

23 2089 156 2119 muros
174 2081 340 2131 agmina
358 2081 486 2118 vertit.
539 2081 596 2118 sic
614 2093 686 2131 pro
703 2082 844 2118 castris
859 2081 1009 2117 faciunt
1026 2079 1207 2117 eiusdem
1227 2080 1320 2116 libri
1339 2094 1377 2117 v.
1399 2080 1454 2122 43
1470 2093 1482 2118 :

25 2142 156 2173 caetra
185 2136 299 2173 modo
327 2143 363 2172 et
392 2143 495 2173 tutos
518 2145 719 2174 servarent
747 2151 893 2188 aggere
913 2150 1046 2173 muros
1047 2164 1064 2182 ,
1095 2143 1134 2173 et
1158 2140 1209 2177 10
1232 2139 1335 2178 671:
1365 2137 1483 2174 Lazo-

23 2198 198 2230 rentesne
211 2194 353 2230 iterum
370 2206 504 2230 muros
521 2200 595 2230 aut
612 2201 742 2231 castra
768 2193 919 2231 videbo.

134 2243 315 2291 953—4.
375 2251 486 2300 Virg.
506 2250 608 2287 Aen.
636 2251 689 2291 10
717 2249 820 2292 554:
861 2257 945 2287 tum
974 2255 1096 2300 caput
1123 2251 1273 2287 orantis
1301 2250 1486 2288 deturbat

16 2309 166 2352 terrae,
197 2313 236 2344 et
263 2320 302 2345 v.
329 2303 434 2347 346:
467 2313 504 2343 et
521 2306 655 2358 rigida
676 2307 868 2357 Dryopen
874 2307 979 2357 serit
1002 2308 1153 2343 eminus
1175 2307 1308 2344 hasta.

135 2362 231 2405 955.
292 2363 400 2413 Virg.
423 2366 526 2401 Aen.
551 2363 578 2404 4
597 2365 701 2404 620:
732 2363 940 2415 mediaque
960 2363 1191 2401 inhumatus
1207 2378 1345 2402 arena.
1392 2371 1431 2402 et
1456 2364 1483 2406 5

23 2414 129 2460 423:
158 2419 288 2457 media
306 2420 482 2456 consistit
497 2433 634 2457 arena.
1057 2458 1060 2462 ,

136 2475 233 2517 956.
282 2476 570 2528 νιίοηιὶηαηιςιιεε
591 2483 768 2513 ruentem
787 2476 896 2527 Virg.
918 2476 1021 2515 Aen.
1053 2480 1102 2519 11
1123 2477 1219 2520 805.

136 2530 232 2572 958.
264 2546 513 2583 purpuream
532 2535 712 2571 animam
730 2534 838 2584 Virg.
864 2536 967 2573 Aen.
992 2536 1020 2575 9
1041 2533 1136 2577 349.
1171 2542 1209 2573 et
1229 2535 1283 2576 10
1302 2536 1483 2577 730—1:

27 2591 63 2622 et
83 2585 258 2626 calcibus
275 2596 407 2627 atram
425 2590 559 2628 tundit
577 2590 744 2628 humum
765 2591 981 2641 exspirans.

136 2645 232 2685 960.
290 2647 490 2684 invaserat
510 2647 638 2685 hostes
657 2649 765 2700 Virg.
789 2650 892 2686 Aen.
917 2649 943 2688 9
964 2649 1058 2690 800·

136 2700 234 2740 977.
294 2702 435 2752 infelix
455 2704 584 2742 alieno
605 2705 767 2743 vulnere
786 2707 895 2756 Virg.
924 2704 1028 2742 Aen.
1058 2705 1112 2746 10
1130 2707 1226 2749 781.

136 2754 232 2797 994.
293 2759 501 2797 succedam
519 2763 659 2798 castris
677 2763 786 2813 Virg.
810 2762 914 2799 Aen.
936 2763 963 2802 8
982 2760 1077 2802 507.
