1702 3060
234 110 335 160 436
640 113 825 158 NOTAE
856 111 916 157 IN
947 112 1159 157 LIBRUM
1189 111 1254 157 m

238 234 339 275 quae
367 234 472 259 mmo
499 220 651 258 numeri
675 219 871 258 dicuntur.
931 218 1096 258 Suidas:
1125 223 1280 274 σπεῖραι
1309 216 1448 273 πλήθη
1475 233 1657 275 στρατευ-

240 274 395 330 μάτων,
425 272 637 327 φάλαγγες,
667 271 852 326 νούμερα.
899 274 1000 313 vhinc
1027 283 1136 326 putat
1162 279 1222 313 vir
1248 276 1483 314 cultissimus
1502 277 1657 329 Philip-

240 346 314 384 pus
333 332 530 368 Rubenius
549 332 590 366 iu
609 331 751 368 Electis
773 332 853 368 suis
875 333 902 371 2
930 333 981 371 33
1010 330 1221 381 legendum
1241 333 1296 369 sic
1315 331 1570 369 Claudianum
1586 334 1654 373 lib.

242 388 292 424 de
318 387 420 423 bello
451 384 676 433 Gildonico‚
710 387 943 424 reclamante
973 398 1034 423 ms
1066 399 1154 423 meo
1186 393 1224 423 et
1254 386 1448 424 codicibus
1472 385 1660 424 >hactenus

243 442 420 478 excusis:
452 447 516 477 ast
544 453 612 490 ego
636 454 736 491 quae
765 448 885 477 terras
909 442 1078 478 numeris
1098 449 1339 492 pontumque
1366 441 1512 492 subegi.
1570 455 1663 479 nam

244 497 339 533 alibi
355 494 482 532 idem:
510 502 717 545 regnorum
733 502 876 532 tractat
891 508 1080 532 numeros.
1139 497 1340 547 legebatur
1354 497 1536 534 humeris.
1594 495 1664 534 sed

246 550 354 587 dabit
379 551 534 588 veniam
561 552 622 588 vir
645 551 904 598 clarissimus,
933 552 968 589 si
989 551 1036 588 ab
1059 563 1103 587 eo
1127 550 1336 592 discedam.
1391 550 1545 589 humeri
1573 560 1665 601 ergo

245 607 301 643 ibi
321 611 411 642 sunt
429 612 624 642 senatores
643 612 681 643 et
698 608 926 656 optimates,
956 618 1120 656 quorum
1138 608 1308 644 consiliis
1329 613 1529 658 superatus
1549 607 1664 654 orbis,

201 703 204 706 ⁴
247 667 362 710 caput
389 662 660 710 imperatores,
689 660 809 711 pedes
836 662 1047 711 agricolae,
1075 674 1213 699 manus
1235 663 1460 713 legionarii,
1487 667 1532 698 ut
1550 673 1573 697 a
1593 661 1668 699 Sa·-

246 716 477 765 resberiensi
499 716 696 764 eleganter
725 715 883 756 dictum.
942 715 1026 752 dixi
1052 717 1187 754 multis
1217 717 1288 756 ibi.
1342 715 1408 755 hic
1431 713 1548 767 s‘upra
1572 718 1668 757 280.

247 771 417 807 Iustinus
442 769 493 806 ad
521 777 700 807 senatum
719 783 835 821 supra
854 773 882 811 2
910 772 1004 811 202.
1060 772 1244 812 Dnmrsr.

250 891 280 928 F
360 835 454 876 359.
510 848 625 885 ειιρεν
645 848 716 886 pro
739 837 911 887 insuper.
970 836 1025 874 ita
1045 837 1150 886 Virg.
1170 837 1270 874 Aen.
1293 837 1321 877 2
1347 838 1399 877 71
1429 840 1468 872 et
1496 835 1546 876 11
1574 837 1669 876 226·

284 903 378 928 ooo.

361 944 454 986 365.
505 944 693 995 populos]
725 946 765 981 in
785 946 959 994 margine
971 944 1184 994 populum,
1213 944 1298 996 pari
1317 956 1445 983 sensu.
1491 944 1672 983 Dmm’sr.

362 1003 455 1040 368.
510 1001 657 1050 regem]
687 1013 816 1036 rerum
833 1001 956 1036 aliter.
1013 1001 1196 1037 Dssmrsr.

361 1057 455 1095 369.
511 1056 705 1106 omnium]
735 1054 912 1092 omnibus
941 1055 1020 1105 legi
1049 1053 1197 1093 debuit.
1224 1054 1407 1095 Dnmrsr.
1459 1036 1552 1103 ‘post
1577 1052 1677 1090 Rui-

252 1122 457 1204 zmm‘ffl‘l.
494 1174 497 1176 '
514 1162 711 1214 doni-sque]
736 1163 866 1200 aliter:
889 1163 1000 1200 donis
1015 1163 1253 1214 humilesque
1270 1163 1312 1200 in
1324 1162 1477 1199 honore.
1497 1144 1678 1200 Dnmsr.

365 1220 457 1258 372.
514 1220 630 1268 suas]
663 1219 794 1255 aliter:
824 1231 938 1254 suam
957 1225 1148 1256 mensuret
1166 1231 1287 1267 opem.
1344 1218 1526 1257 Damrsw.

367 1274 459 1313 373.
515 1274 602 1326 spe]
632 1275 835 1309 Lucanum
860 1274 1034 1310 imitatur
1059 1275 1109 1314 7:
1145 1272 1241 1310 haec
1267 1278 1322 1308 est
1346 1270 1421 1309 illa
1445 1271 1543 1316 dies,
1570 1271 1682 1307 cuius

257 1342 324 1380 spe
347 1328 537 1363 movimus
553 1341 679 1366 arma.
739 1329 923 1365 Dsmrsr.

371 1391 463 1434 374.
521 1392 652 1430 divino
679 1392 853 1444 sibimet]
886 1405 991 1431 error
1010 1392 1146 1444 procul
1169 1390 1300 1431 dubio.
1355 1397 1450 1441 puto
1478 1390 1686 1428 restituen-

263 1448 357 1486 dum
388 1447 461 1496 [ex
481 1447 625 1499 OvetJ‘:
657 1448 809 1486 divinos
836 1448 913 1485 sibi
936 1461 1019 1485 nec.
1045 1449 1229 1487 Danu-sm.
1285 1446 1443 1483 malim:
1471 1452 1509 1482 et
1532 1445 1686 1483 (lumino

261 1504 338 1543 ,sthi
355 1517 404 1540 ne
413 1503 510 1552 plu-s·
531 1503 722 1541 consulat,
780 1505 902 1544 ltu-r.

373 1567 468 1608 384.
525 1570 626 1623 qua]
670 1581 876 1620 expunge,
925 1574 964 1606 et
997 1567 1086 1618 lege
1128 1566 1197 1618 [ut
1223 1565 1349 1606 voluit
1374 1566 1556 1617 Ruizius]
1595 1578 1685 1617 qao.

263 1625 450 1663 Dmffsr‘.

377 1688 472 1730 385.
521 1688 661 1740 pubes]
684 1688 864 1727 addenda
882 1690 1034 1740 copula,
1055 1695 1094 1726 et
1109 1686 1322 1739 legendum
1331 1687 1543 1738 pubesque.
1567 1687 1691 1723 Rrr‘r.

270 1746 456 1782 Germani
472 1746 591 1795 prisci
605 1758 750 1782 nomen
767 1748 989 1791 amiserunt,
1007 1751 1045 1781 et
1061 1743 1199 1782 Gothis
1213 1745 1366 1781 Hunnis
1381 1744 1516 1781 Alanis
1533 1748 1572 1779 et
1586 1743 1694 1779 Van-

271 1799 371 1836 dalis
402 1801 601 1849 Europam
629 1799 954 1850 depopulantibus
971 1802 1013 1836 in
1029 1799 1350 1837 Alamannorum
1366 1810 1511 1835 nomen
1528 1797 1695 1834 transie-

272 1861 376 1901 runt,
407 1867 458 1890 ex
475 1855 658 1901 Arnobio,
686 1855 882 1902 Salviano,
912 1854 1074 1892 Sidonio
1090 1854 1315 1904 Apollinare
1331 1860 1370 1890 et
1385 1854 1485 1899 aliis,
1509 1851 1560 1890 ad
1578 1852 1697 1888 Clau-

275 1909 381 1946 dian.
405 1907 453 1945 de
473 1908 581 1946 laud.
603 1908 756 1948 Stilich.
781 1911 824 1949 1:
853 1911 1041 1960 iungique
1058 1910 1135 1945 tuis
1151 1909 1367 1945 Alemania
1383 1908 1522 1957 signia.
1581 1912 1621 1942 et
1647 1903 1697 1941 de

273 1964 300 2004 4
322 1966 423 2000 Hon.
444 1965 668 2001 consulatu:
702 1965 959 2015 imploratque
986 1971 1096 2000 tunm
1120 1963 1285 2013 supplex
1303 1962 1518 2000 Alemania
1543 1973 1693 1997 nomen.

276 2025 316 2054 et
333 2026 426 2068 puto
445 2020 616 2069 primum
635 2032 719 2057 esse
738 2021 992 2059 Ammiauum
1011 2019 1303 2066 Marcellinum,
1333 2018 1400 2070 qui
1428 2015 1504 2054 hoc
1528 2016 1699 2052 nominis

276 2080 447 2125 usurpet.
502 2075 686 2112 Dmrsr.

389 2141 483 2179 390.
539 2138 702 2189 scallor]
727 2138 888 2175 ,se-aldor
910 2151 971 2176 ms
1001 2140 1109 2178 Ovet.
1138 2136 1209 2175 sed
1238 2137 1324 2188 quis
1353 2137 1403 2174 sit
1427 2136 1462 2174 is
1480 2141 1700 2188 quaeratur.

280 2194 464 2230 namma
515 2194 751 2243 legationem
771 2195 989 2231 Turcorum
1008 2193 1058 2230 ad
1075 2195 1266 2230 Iustinum
1282 2191 1440 2239 indicat,
1468 2203 1568 2241 quae
1587 2202 1702 2227 causa

280 2248 356 2285 fuit
386 2249 434 2284 ob
466 2260 585 2298 quam
615 2249 832 2287 Abarorum
856 2251 1074 2285 ‘amicitiam
1103 2249 1257 2298 repulit.
1314 2249 1371 2284 rei
1405 2252 1545 2284 testem
1581 2243 1702 2283 habes

283 2301 570 2352 Theophanem
597 2304 828 2354 Byzantium
854 2303 957 2354 apud
978 2303 1163 2342 Photitun
1181 2302 1264 2342 cod.
1284 2302 1350 2343 64·
1404 2302 1535 2351 itaque
1558 2299 1702 2336 Saltem

283 2357 495 2406 legendum
512 2364 624 2407 puto,
657 2365 722 2394 aut
743 2359 898 2404 Soltan,
931 2359 1098 2404 Soldan;
1128 2371 1226 2409 quae
1243 2369 1323 2394 vox
1339 2368 1467 2406 regem
1487 2367 1622 2404 regum
1640 2355 1702 2390 in-

285 2411 387 2448 dicat
399 2441 408 2459 ,
438 2419 482 2448 ut
499 2414 797 2462 interpretantur
815 2412 1054 2463 Nicephorus
1072 2413 1287 2465 Bryennius
1307 2418 1345 2447 et
1362 2411 1563 2460 ScylitzeS.
1591 2418 1702 2459 porro

286 2465 378 2503 hinc
395 2480 539 2503 novum
556 2466 677 2504 habes
697 2469 923 2518 exemplum
935 2497 945 2515 ,
976 2481 1052 2519 quo
1080 2468 1258 2506 falsitatis
1274 2471 1492 2515 'arguuntur
1510 2465 1579 2515 qui
1600 2465 1702 2500 Tur-

289 2535 354 2558 oos
387 2534 584 2558 summum
613 2535 728 2558 suum
759 2523 898 2559 ducem
917 2525 972 2559 sic
993 2523 1187 2572 appellare
1209 2522 1379 2570 coepisse
1402 2520 1555 2556 saeculo
1573 2519 1623 2558 11
1643 2531 1702 2555 ar-

286 2577 419 2613 bitrati
455 2583 555 2613 sunt.
614 2579 735 2626 critici
765 2580 845 2614 iam
872 2577 1220 2613 animadverterant
1236 2574 1336 2611 hanc
1354 2587 1491 2612 vocem
1511 2576 1554 2610 in
1577 2574 1702 2610 Const.

287 2630 478 2682 Porphyr.
501 2630 548 2668 de
568 2630 711 2668 Them.
736 2635 763 2672 2
797 2635 868 2678 11,
897 2634 949 2668 et'
963 2639 1161 2681 praeterea
1188 2632 1400 2668 Iustiniano
1423 2629 1595 2680 aequalis
1613 2629 1702 2664 Per-

290 2699 421 2724 sarum
437 2699 509 2726 rex
523 2685 712 2726 ehosroes
730 2688 774 2726 F.
790 2685 960 2726 Kabadis
979 2689 1158 2725 inventus
1176 2686 1303 2724 suerat
1321 2681 1652 2724 Assoltandiotus
1669 2683 1702 2720 in
