1702 3060
242 148 306 192 22

344 258 384 297 3.
442 256 725 293 Cor'nmemorat
756 258 887 290 auctor
915 265 981 290 eos
1012 263 1176 304 quorum
1202 250 1469 291 exhortatione
1498 238 1673 317 car-meni}

237 319 311 358 hoc
335 322 376 357 in
397 321 554 358 laudem
574 321 711 357 Iustini
731 320 1012 370 conscripserit.
1659 344 1674 379 „3

345 386 386 427 4.
443 387 646 422 Iustiniani
678 386 828 423 obitum
865 385 1065 422 artificiose
1099 386 1213 433 poeta
1250 381 1475 432 introducit,
1520 390 1564 422 ut
1601 381 1673 423 ex}

240 453 412 489 consulto
435 460 588 489 senatus
607 453 800 489 Iustinum
821 452 1010 490 avunculo
1030 448 1230 499 condignis
1249 448 1442 488 laudibus.
1664 454 1675 495 i

349 518 388 560 5.
444 519 520 560 Ubi
564 519 841 556 conlacrimans
878 519 1047 555 Iustinus
1059 546 1068 564 ‚
1124 523 1162 553 et
1201 515 1248 553 de
1285 523 1406 555 morte
1437 515 1683 560 Iustiniani-is

240 583 333 620 dum
361 598 475 635 sopor
502 586 623 622 oculis
651 587 866 635 irrepsisset
879 614 888 632 ‚
916 597 986 634 per
1003 584 1173 634 quietem
1189 582 1287 620 vidit
1305 589 1478 620 sanctam
1492 583 1666 643 Mariam¹

238 653 430 701 virginem
449 653 655 702 imperium
672 653 747 689 sibi
768 650 988 687 decedentis
1007 650 1185 686 avunculi
1205 662 1418 699 surrogare.

350 721 388 758 6.
444 719 501 753 De
528 719 665 754 Iustini
695 716 854 753 aedibus
887 717 1049 753 Calinici
1073 717 1270 753 concitatis
1291 716 1483 766 impulsu,
1510 722 1554 751 ut
1570 713 1656 751 adi-

240 789 301 820 tus
323 783 477 819 daretur
498 784 650 819 senatui
668 784 940 832 imperatorem
955 784 1146 820 Iustinum
1165 783 1306 833 eligere
1319 811 1330 830 ‚
1360 789 1397 821 et
1418 781 1586 821 custodis
1608 781 1680 826 ads

241 852 445 899 strepitum
466 862 552 884 cum
569 848 836 897 indignatione
854 850 1062 897 responsis.
1668 833 1694 889 11

350 917 390 954 7.
447 915 662 963 Descriptio
688 913 823 950 domus
853 914 1005 949 Iustini.
1063 924 1181 963 quam
1205 913 1370 961 pretiosa
1392 915 1480 951 visu
1501 921 1539 951 et
1564 927 1659 964 ope-

873 976 947 997 *ιιι*

241 993 327 1017 roso
345 981 462 1016 fuerit
481 980 612 1016 labore
635 986 848 1017 constructa
957 980 1026 1027 rit,
1055 984 1098 1014 ut
1118 977 1169 1015 ad
1186 976 1375 1016 honorem
1390 982 1527 1019 Iustini
1543 993 1660 1032 quam

240 1059 404 1096 propere
427 1047 687 1085 convenirent.

352 1180 418 1218 17.
475 1175 576 1224 Quid
603 1178 735 1214 Circus
766 1178 830 1214 vel
864 1177 946 1214 eius
976 1181 1181 1227 apparatus
1205 1175 1440 1226 significent,
1467 1174 1532 1212 hic
1548 1180 1663 1229 poeta

243 1241 462 1280 admirabili
483 1245 631 1280 ratione
654 1244 933 1293 complectitur.
1673 1253 1700 1294 1!

356 1312 420 1350 18.
476 1311 580 1346 Dicit
611 1309 677 1346 hic
710 1311 778 1359 qui
814 1311 985 1358 primum
1022 1307 1229 1359 quadrigas
1259 1309 1454 1356 iunxerit3
1497 1315 1534 1344 et
1560 1298 1689 1360 quod⁵

243 1387 342 1412 vana
374 1377 595 1425 superstitio
625 1387 865 1425 paganorum
895 1373 1012 1410 deum
1039 1376 1162 1412 solem
1191 1377 1407 1426 putaverit3
1445 1377 1512 1426 qui
1534 1382 1665 1412 tamen

242 1438 369 1477 honor
386 1442 479 1478 solis
498 1449 634 1491 postea
651 1441 836 1476 Romanis
855 1438 1006 1476 delatus
1025 1448 1098 1477 est.

357 1509 422 1548 19.
477 1509 621 1544 Amore
652 1506 855 1543 Iustiniani
881 1506 1047 1555 populus
1069 1507 1249 1546 incitatus
1268 1508 1459 1547 Iustinum
1479 1506 1666 1547 heredem

243 1574 355 1624 regni
375 1574 508 1612 favore
531 1572 659 1611 laudis
680 1571 919 1625 exsequitur·
1674 1582 1702 1630 Q

338 1693 372 1727 2.
395 1692 492 1726 Haec
514 1695 590 1726 nota
605 1691 648 1726 ad
665 1691 803 1737 primum
817 1689 879 1723 iam
894 1689 1011 1724 librum
1026 1689 1162 1735 Corippi
1177 1690 1342 1736 pertinet,
1366 1690 1459 1726 cuius
1473 1702 1533 1729 sex
1546 1691 1670 1736 margi-

246 1737 338 1770 nales
355 1737 580 1771 distinctiones
596 1742 671 1770 sunt
685 1737 831 1770 omissae.
855 1737 897 1768 Β.
944 1740 1185 1779 praetereaque
1206 1737 1374 1780 perierunt
1392 1737 1488 1771 etiam
1513 1737 1671 1771 interme-

247 1781 321 1815 diae
335 1782 517 1816 Periochae
533 1782 682 1816 carminis
698 1780 891 1825 panegyrici
908 1780 948 1812 ad
963 1780 1183 1814 Anastasium.
1227 1781 1268 1815 F.

339 1827 372 1861 4.
396 1827 491 1867 Quae
510 1828 564 1860 hic
584 1827 703 1859 desunt
725 1825 870 1869 suppleri
896 1825 1030 1858 debent:
1056 1826 1318 1859 commendatum
1336 1826 1525 1860 successisse
1541 1827 1671 1863 doceat.

247 1881 323 1904 nam
346 1870 504 1906 Iustinum
526 1871 656 1906 senatui
681 1882 700 1905 a
722 1870 881 1903 moriente
902 1870 1081 1906 Iustiniano
1106 1871 1363 1907 commendatum
1389 1871 1529 1905 traditur
1549 1871 1573 1905 l.
1592 1873 1610 1906 1
1636 1874 1671 1904 et

337 1961 369 1994 5.
394 1961 528 1994 Excidit
550 1960 631 1994 ordo
657 1959 852 1997 narrationis
875 1970 917 1992 ex
936 1958 1020 1991 libro
1035 1959 1151 2005 primo.
1197 1959 1303 1992 adfuit
1318 1963 1451 1993 senatus
1466 1959 1612 2000 Iustino,
1635 1962 1671 1994 et

249 2004 293 2037 de
317 2005 506 2039 infirmitate
536 2005 686 2039 avunculi
708 2004 877 2043 narravit,
907 2003 1078 2047 ipsumque
1099 2005 1296 2037 successioni
1315 2004 1550 2040 admovendum
1574 2004 1669 2038 dixit.

251 2049 304 2082 cui
328 2051 469 2083 sermoni
494 2049 738 2087 conlacrimavit
762 2050 919 2085 Iustinus.
965 2048 1046 2080 haec
1061 2049 1178 2082 desunt
1192 2049 1225 2082 in
1241 2049 1358 2082 lacuna
1371 2049 1424 2085 illa
1441 2051 1524 2083 bene
1541 2061 1670 2093 magna.

251 2098 362 2127 cetera
377 2095 439 2128 iam
455 2100 627 2139 apparent.
674 2095 755 2127 haec
770 2094 797 2127 si
813 2093 1053 2126 considerasset
1066 2094 1240 2126 Putschius
1250 2119 1260 2135 ‚
1283 2095 1495 2128 abstinuisset
1516 2094 1672 2127 insertio-

250 2139 300 2172 nis
321 2139 362 2172 de
386 2141 571 2183 fragmento
595 2139 764 2184 opinione,
787 2149 883 2183 quam
909 2137 1014 2180 longis
1039 2138 1158 2181 alioqui
1179 2139 1370 2181 ambagibus
1391 2150 1542 2174 asserere
1556 2139 1672 2172 voluit.

252 2183 360 2216 Maria
375 2196 455 2218 vero
472 2196 492 2217 a
508 2185 654 2229 Corippo
670 2186 843 2228 poetarum
858 2186 1005 2215 veterum
1020 2181 1198 2215 imitatione
1213 2183 1444 2227 introducitur,
1460 2184 1515 2228 qui
1529 2183 1588 2219 diis
1605 2183 1673 2217 suis

253 2238 325 2260 cum
341 2230 540 2273 principibus
556 2240 705 2272 magnam
719 2228 971 2262 familiaritatem
986 2227 1161 2263 faciebant.
1206 2229 1328 2264 utinam
1352 2239 1431 2262 vero
1451 2229 1575 2262 Graeci
1589 2228 1672 2261 scri-

250 2275 365 2316 ptores
389 2274 422 2308 in
446 2274 566 2308 talibus
586 2274 690 2308 minus
710 2275 831 2318 poetae
854 2275 984 2313 essent,
1007 2283 1144 2316 quorum
1163 2272 1238 2307 libri
1251 2273 1430 2319 posteriori
1442 2285 1525 2308 aevo
1539 2272 1673 2309 fecundi

254 2317 390 2352 istarum
405 2330 510 2351 rerum
528 2323 614 2351 sunt.
658 2320 697 2351 B.

345 2365 376 2397 6.
400 2363 561 2396 Exactius
586 2364 667 2396 haec
689 2363 819 2396 intuens
843 2361 1034 2395 monachum
1057 2362 1270 2405 glossatorem
1293 2361 1431 2396 videbis.
1475 2363 1573 2406 poeta
1589 2361 1673 2395 enim

253 2407 392 2441 Pietatis
417 2408 622 2441 simulacrum
650 2407 740 2440 caelo
767 2407 967 2440 descendere
982 2406 1084 2448 facit,
1110 2407 1266 2440 familiare
1281 2410 1319 2440 ut
1333 2406 1424 2440 velut
1438 2410 1598 2450 perpetuo
1614 2407 1671 2439 Iu-

252 2452 352 2487 stino.
397 2452 452 2485 ille
474 2463 553 2486 vero
579 2453 712 2487 beatam
735 2451 895 2494 virginem
917 2463 958 2485 ex
980 2463 1019 2484 eo
1044 2451 1227 2486 concinnat.
1272 2462 1334 2484 nec
1348 2451 1425 2484 inde
1441 2451 1543 2484 minus
1558 2451 1674 2484 horum

252 2502 371 2531 auctor
386 2497 550 2542 Corippus
566 2507 639 2531 esse
654 2497 760 2540 possit
774 2497 861 2541 ipse:
885 2495 1030 2530 monachi
1057 2496 1139 2529 enim
1155 2496 1212 2529 diu
1226 2495 1396 2540 imperium
1409 2496 1442 2529 in
1462 2495 1564 2529 bonas
1580 2495 1674 2528 litte-

252 2552 309 2575 ras
331 2543 475 2575 mutandi
499 2542 626 2583 omnia,
648 2541 782 2586 tyranni
806 2541 894 2583 veri,
915 2541 1109 2575 habuerunt.
1155 2540 1268 2574 melius
1290 2551 1407 2574 aevum
1422 2540 1530 2584 spirat
1567 2540 1672 2573 hrasis

253 2597 339 2632 quae
353 2587 498 2631 sequitur
514 2598 542 2620 c.
554 2588 575 2621 6
583 2598 591 2621 ι
614 2590 653 2619 ut
668 2586 781 2619 adstas
794 2586 935 2620 daretur
949 2585 1081 2619 senatui
1095 2586 1328 2629 imperatorem
1342 2585 1508 2621 Iustinum
1525 2596 1542 2620 e
1557 2585 1651 2632 igere
1659 2595 1674 2625 ,·

255 2631 343 2677 quod
359 2632 535 2665 monachus
549 2641 628 2664 sane
643 2630 737 2663 aliter
750 2631 935 2663 extulisset.
978 2631 1020 2662 Β.

344 2679 398 2711 11.
420 2676 589 2710 Vonckius
604 2678 694 2709 recte
708 2675 852 2709 correxit
866 2676 1011 2722 speciosa
1029 2674 1116 2710 visu.
1160 2674 1202 2710 F.
1221 2691 1230 2696 ·

345 2723 398 2758 18.
420 2721 516 2756 Adde
529 2721 745 2768 principibus.
789 2721 830 2756 Β.
