1702 3060
251 164 346 211 4¹28
651 163 834 207 NOTAE
865 165 923 207 IN
958 162 1169 208 LIBRUM
1198 163 1260 208 m

248 279 405 323 ruptum
423 273 669 308 continuatur
686 271 768 307 iter.
829 271 1027 308 calcamus
1047 271 1209 321 rapidas
1224 271 1384 309 subiecti
1397 273 1567 326 gurg-itis
1586 288 1674 313 un-'

248 329 337 371 das,
367 335 402 363 et
418 326 510 362 libet
528 327 652 361 iratae
672 338 820 362 cernere
839 340 1015 363 murmur
1036 340 1175 377 aquae.
1234 329 1285 363 ite
1303 329 1424 378 igitur
1435 329 1581 379 jac-iles
1589 344 1662 380 per

243 383 397 434 gaudia
425 387 567 425 vestra,
604 381 787 429 Quirites,
816 388 852 416 et
880 382 1038 418 Nat-sen
1057 395 1240 419 resonans
1249 382 1419 431 plausus
1437 383 1577 434 ubique
1594 399 1663 422 ca-

245 444 327 475 nat.
381 437 450 485 qui
459 437 590 484 potuit
606 436 756 485 rigidas
781 436 995 473 Gothorum
1002 437 1161 485 flectere
1176 444 1335 482 mentes,
1362 438 1427 474 hic
1442 438 1575 475 docuit
1588 439 1663 476 du-

242 505 333 528 rum
349 491 526 539 flumina
541 490 654 540 ferre
680 492 830 541 iugum.
862 493 1044 529 Dsmrsv.
1109 491 1283 530 eiusdem
1308 494 1664 546 προσωπογραφίαν

243 544 447 595 pulchram
463 544 552 582 vide
577 552 614 581 et
637 547 738 582 infra
755 545 781 584 4
813 548 904 586 366.
962 548 1135 583 imitatur
1162 554 1292 584 autem
1321 546 1385 584 hic
1407 548 1663 598 virgilianum

244 599 363 637 illud.
395 607 429 636 et
448 607 522 636 toto
541 601 679 637 vertice
697 614 817 649 supra
838 607 904 638 est.
963 595 1083 638 Rrr'r.

353 657 447 695 221.
505 655 672 705 Nar-ses]
703 654 792 691 vide
813 654 863 691 ad
882 669 920 692 v.
940 658 1019 697 368
1040 656 1110 692 lib.
1126 653 1166 695 4.
1221 656 1350 693 Foue-

353 712 446 749 230.
497 711 761 759 praenunciat
776 711 878 760 igne]
902 713 943 746 in
959 724 1020 747 ms
1037 711 1110 747 fuit
1120 713 1408 762 pronunciato
1374 712 1516 748 ionem.
1541 713 1663 750 Βωκ-

246 765 288 801 ἰῐι
310 777 370 800 ms
390 772 470 800 erat
492 764 655 801 codice
640 779 683 815 ig
683 778 786 811 nem5
803 777 921 815 quare
941 765 1022 815 legi
1038 772 1187 816 potest:
1217 767 1416 817 vicinoque
1429 767 1493 803 die
1512 766 1664 805 clarum

239 820 449 856 <denuntiat
478 821 619 869 ignem.
679 821 862 857 DEMPST.

355 875 448 914 231.
504 875 743 924 conscendit]
775 876 830 911 sic
845 874 1057 910 innumeris
1073 874 1168 911 locis
1185 873 1359 912 historici
1377 882 1414 912 et
1426 879 1564 926 poetae
1581 877 1664 914 eius

250 929 347 974 aevi,
370 935 411 964 ut
430 936 584 965 notetur
603 936 828 979 suggestum
846 930 1087 979 imperatoris
1108 930 1230 966 altum
1246 943 1361 980 supra
1378 937 1544 968 ceteram
1559 931 1665 967 mul-

250 957 467 1020 titudinem.
525 983 660 1020 Claud.
687 987 728 1020 in
757 983 859 1020 Ruff.
883 987 931 1023 2τ
961 985 1127 1020 scandat
1151 984 1315 1022 sublime
1342 985 1532 1030 tribunal,
1560 992 1598 1022 et
1622 987 1663 1022 in

249 1040 408 1087 Eutrop.
439 1040 483 1077 1:
513 1038 666 1074 scandit
693 1037 856 1074 sublime
883 1037 1073 1083 &thanaa-
1103 1037 1151 1074 de
1173 1039 1280 1076 laud.
1310 1029 1462 1077 Stilich.
1488 1043 1536 1081 2:
1572 1053 1666 1077 con-

247 1093 560 1142 scandentemque
579 1093 756 1129 tribunal
763 1106 990 1143 prosequar
1035 1092 1172 1130 Sidon.
1192 1094 1365 1144 Apollin.
1386 1107 1502 1131 carm.
1519 1098 1569 1134 7·
1589 1108 1663 1144 pe·-

248 1149 381 1191 timus,
410 1147 617 1183 conscende
635 1147 820 1184 tribunal.
854 1160 970 1197 supra
988 1150 1006 1186 1
1041 1148 1132 1196 183,
1160 1151 1186 1188 2
1214 1151 1268 1190 37
1295 1155 1334 1186 et
1365 1148 1456 1191 175·
1483 1150 1664 1189 Duusr.

356 1204 449 1242 236.
507 1204 620 1252 quos]
652 1203 750 1238 forte
772 1203 852 1252 qui.
911 1203 1038 1239 FOGG.

356 1259 451 1297 237.
506 1257 681 1307 admitti]
711 1259 886 1295 Valesius
913 1255 985 1293 hos
1013 1269 1146 1293 versus
1178 1258 1300 1294 citans
1325 1258 1369 1295 in
1393 1259 1473 1296 suis
1501 1257 1554 1295 ad
1575 1260 1664 1296 Me-

246 1309 439 1348 nandrum
458 1313 560 1348 notis
580 1310 643 1347 hic
663 1313 759 1361 legit
775 1312 908 1348 acciri.
967 1312 1095 1348 FOGG.

355 1368 449 1406 238.
506 1367 780 1416 immensaque.
838 1365 997 1402 indubie
1025 1378 1130 1402 error
1155 1366 1304 1403 librarii
1329 1367 1443 1418 culpa
1457 1365 1665 1407 admissus.

245 1423 302 1459 sic
319 1421 428 1470 lege:
458 1427 574 1471 atque
590 1423 791 1458 immensa.
848 1422 1032 1458 nem-sm.

355 1475 407 1511 ib.
468 1477 729 1526 immensaque
755 1476 880 1526 atria]
913 1475 960 1512 de
992 1473 1182 1512 industria
1214 1475 1339 1512 noluit
1369 1454 1571 1516 absorbere
1599 1483 1665 1514 aut

247 1529 392 1567 elidere
414 1532 590 1567 vocalem
618 1545 637 1567 e
666 1538 755 1567 ante
784 1545 810 1566 a
821 1558 836 1575 ‚
875 1530 1034 1580 perinde
1067 1536 1109 1566 ut
1139 1529 1240 1565 infra
1265 1529 1292 1569 4
1318 1532 1372 1571 28
1400 1543 1503 1567 more
1526 1545 1660 1581 apum.

244 1586 387 1622 similia
413 1587 596 1636 exempla
619 1587 714 1623 olim
733 1586 934 1623 observavi
957 1583 1064 1636 apud
1083 1586 1128 1631 Q.
1147 1585 1337 1622 Serenum
1359 1585 1665 1625 Sammonicmn.

245 1642 367 1677 Βιττ.

357 1693 451 1734 240.
506 1707 575 1744 pro
599 1695 813 1744 suspiciunt
830 1695 1033 1744 legebatur
1049 1695 1090 1730 in
1109 1706 1169 1731 ms
1188 1695 1417 1743 suscipiunt,-
1445 1693 1550 1745 quod
1569 1701 1607 1733 et
1620 1696 1664 1732 -in

248 1750 335 1786 aliis
354 1750 449 1786 locis
469 1750 626 1799 Corippi
646 1763 668 1785 a
685 1751 798 1786 nobis
814 1749 1065 1786 emendatum
1086 1751 1204 1786 etiam
1218 1749 1305 1785 fuit.
1361 1751 1480 1786 Rmz.

357 1802 409 1839 ib.
469 1804 730 1854 splendentia]
767 1805 866 1840 bene
893 1811 1006 1840 autea
1033 1805 1198 1840 miratur
1215 1803 1342 1852 pubes
1371 1802 1537 1840 dictum:
1571 1816 1667 1842 nam

249 1857 356 1908 apud
374 1859 529 1894 Livium
549 1861 595 1897 2:
631 1859 764 1895 Volsci
788 1871 933 1894 sensere
957 1866 1047 1894 ante
1073 1858 1204 1895 oculos
1223 1860 1367 1895 micare
1379 1858 1552 1908 ἕίαεῖὼεῑ
1581 1865 1668 1902 tur-

250 1913 335 1949 bati
353 1919 504 1948 vertunt
525 1919 646 1962 terga.
706 1912 902 1949 Heliodor.
920 1915 970 1952 9:
1000 1909 1183 1963 ἆργυροῖς
1201 1927 1242 1952 τε
1257 1912 1324 1952 καὶ
1341 1909 1561 1965 ἐπιχρύσοις
1583 1917 1669 1961 τοῖς

247 1965 382 2014 oni-0⁸9
399 1982 442 2006 το
460 1968 595 2006 πεδίον
613 1964 925 2019 καταστρᾶπτων.
954 1968 1007 2003 Μ.
1025 1969 1143 2005 Varro
1162 1966 1251 2020 περὶ
1267 1980 1408 2018 rums.-
1435 1967 1512 2004 tela
1529 1968 1667 2005 dextra

249 2021 422 2066 ‹riht-,ant
449 2024 619 2058 russatia
644 2023 826 2066 emicant,
854 2028 971 2072 atque
1001 2022 1219 2072 insignibus
1248 2023 1395 2058 Martis
1417 2028 1567 2072 torques
1586 2036 1666 2059 au-

248 2091 336 2113 reus
366 2083 402 2113 et
430 2083 542 2113 scuta
555 2077 714 2112 'caelata
730 2076 878 2114 Hibero
897 2083 1056 2127 argento
1071 2079 1191 2126 gravi
1209 2076 1342 2113 crebra
1347 2076 1525 2127 fulgent.
1583 2079 1664 2114 Ac-

250 2134 332 2169 cius
353 2130 689 2181 epinausimache:
717 2145 744 2167 a
763 2132 884 2168 classe
902 2133 959 2167 ad
974 2131 1105 2168 urbem
1122 2132 1300 2177 tendunt,
1317 2144 1438 2181 neque
1455 2132 1665 2182 quisquam

241 2187 623 2237 potestfitlgentium
640 2200 795 2222 armum
813 2186 988 2222 ardorem
1006 2194 1181 2223 armatus
1199 2185 1318 2223 obtui.
1367 2185 1559 2224 Hesiodus
1580 2187 1663 2230 Ofi-

246 2245 345 2292 Peo:
391 2240 541 2292 τεύχεσι
566 2240 840 2292 λαμπομένους
865 2240 975 2288 σέλας
1000 2238 1054 2288 (ὃς
1076 2238 1201 2293 πυρός
1228 2239 1473 2292 αἰθομένοιο.
1533 2253 1663 2292 neque

246 2297 455 2347 quicquam
482 2297 722 2347 frequentius
751 2298 792 2332 in
823 2295 1077 2346 descriptione
1107 2298 1348 2333 exercituum
1369 2295 1444 2333 hoo
1466 2307 1664 2332 armorum

243 2350 442 2388 hastarum
462 2351 749 2402 clipeorumque
769 2352 906 2387 nitore.
949 2350 1182 2388 Claudianus
1197 2353 1239 2388 in
1253 2350 1356 2388 Ruff.
1373 2353 1400 2390 2
1420 2350 1468 2386 de
1487 2351 1662 2386 exercitu

245 2403 492 2443 Stilichonis:
523 2405 656 2453 implet
693 2405 932 2442 Thessaliam
951 2407 1060 2456 sert-i
1082 2407 1196 2443 nitor.
1258 2412 1297 2442 et
1317 2411 1424 2455 post:
1452 2403 1518 2440 hic
1541 2404 1670 2440 ultrix·-

245 2461 347 2497 acies
361 2466 500 2495 ornatu
505 2460 676 2508 fulgida
685 2461 802 2510 ferri.
856 2467 894 2497 et
913 2459 961 2496 de
978 2464 1002 2501 3
1021 2463 1167 2498 Honor.
1187 2460 1409 2498 consulatu:
1435 2460 1666 2508 perstringit

245 2515 372 2552 ahena
393 2515 461 2551 lux
478 2514 624 2558 oculos,
657 2515 828 2564 nudique
848 2515 949 2565 leges
969 2516 1286 2566 Mavortia-fetri
1300 2515 1516 2565 ingeminat
1531 2513 1664 2563 splen-

247 2570 337 2607 dore
362 2570 475 2606 diem.
535 2570 715 2605 Lucanus
732 2572 781 2608 2:
813 2570 1062 2619 ardentesque
1080 2571 1181 2606 acies
1195 2571 1390 2620 percussis
1408 2568 1488 2605 sole
1507 2580 1662 2605 corusco

247 2627 443 2675 conspexit
458 2624 555 2661 telis.
614 2624 715 2660 infra
733 2622 758 2662 4
787 2624 881 2664 242.
936 2625 1117 2662 Demes'r.
1455 2639 1458 2642 ⁴
1667 2636 1670 2639 ⁴

357 2679 450 2721 241.
509 2679 575 2715 diu
591 2679 835 2729 multumque
851 2679 1023 2728 profecto
1038 2692 1102 2715 me
1118 2677 1281 2715 dubium
1299 2678 1424 2715 tenuit
1439 2675 1558 2714 huius
1575 2687 1660 2713 car-

206 2729 210 2732 *
247 2736 362 2773 minis
391 2733 638 2783 emendatio,
669 2732 774 2786 quod
802 2733 1117 2785 depravatissime
1141 2735 1195 2772 ita
1221 2735 1263 2771 in
1291 2739 1422 2772 nostro
1446 2730 1661 2782 exemplari
