1702 3060
293 124 389 169 312
721 123 904 166 NOTAE
936 122 995 165 IN
1027 122 1236 166 LIBRUM
1266 123 1286 166 Ι

290 229 473 269 Romana
495 233 536 268 in
556 230 731 268 carmina
750 229 916 267 dandas.
977 228 1064 268 vide
1083 230 1234 281 locum,
1275 237 1312 270 et
1339 232 1471 270 confer
1500 245 1587 270 cum
1614 233 1694 275 isto.

291 288 472 324 Dmn‘s'r.
1665 315 1667 318 -

402 344 466 382 11.
523 341 694 390 sufficere
726 347 784 379 est
814 352 1031 391 suggerere.
1088 339 1296 392 Virgilius:
1333 342 1466 392 suffice
1494 341 1570 379 tela
1591 343 1693 381 mihi.

294 394 364 434 sed
380 397 507 445 potius
527 395 702 434 sufficere
722 397 797 434 sibi
818 409 887 446 pro
907 398 1029 434 Musis
1052 396 1105 433 ait
1125 395 1232 435 divas
1253 409 1355 435 suas.
1382 398 1543 434 Bina.
1586 411 1693 448 quae-

294 464 367 501 que
387 452 415 486 i.
438 464 470 490 e.
493 463 757 503 quaecunque.
787 453 907 489 Rrrr.
964 465 1114 489 monere
1141 458 1198 490 est
1217 452 1364 498 docere,
1401 464 1516 502 saepe
1542 465 1564 488 a
1581 455 1694 503 poetis

294 507 349 542 ita
365 507 548 556 positum.
604 508 788 557 Virgilius
809 510 856 548 7:
887 514 930 543 tu
947 514 1089 551 vatem,
1119 513 1162 543 tu
1187 507 1280 544 diva
1309 519 1434 544 mone:
1464 506 1592 544 dicam
1615 507 1693 545 hor-

293 561 383 597 rida
403 559 518 598 bella.
577 563 752 600 Valerius
774 563 932 599 Flaccus
954 565 1001 602 1:
1032 562 1186 599 Phoebe
1201 575 1328 608 mone,
1347 563 1383 598 si
1405 562 1594 599 Cumaeae
1613 562 1693 602 mih„

294 616 447 652 conscia
470 617 573 653 vatis
597 624 674 653 stat
691 625 798 654 casta
819 619 966 654 cortina
985 618 1109 654 domo.
1170 619 1225 654 sic
1244 618 1406 654 monitor
1421 623 1692 668 praeceptoren

293 678 360 707 aut
389 671 562 723 alioquin
590 670 805 709 adiutorem
826 679 946 709 notat.
1002 673 1186 723 Papinius
1215 673 1357 710 Silvis:
1394 673 1535 722 quippe
1561 673 1692 720 defi&

293 726 475 762 monitore
501 733 632 763 nostra
659 726 821 763 Thebais
844 727 969 764 multa
997 728 1170 764 cruciata
1197 727 1292 764 lima
1315 733 1438 764 tentat
1463 727 1608 765 audaci
1619 726 1692 775 fid«

291 781 539 818 Mantuanae
551 781 865 832 gaudiasamae.
924 783 1084 819 BAnTn.

402 838 469 877 12.
523 838 580 887 pii
600 838 784 887 principis
810 843 918 887 gesta
945 835 1202 888 descripturus
1228 836 1382 875 invocat
1409 835 1606 888 deiparam
1621 839 1691 875 vir-

288 891 442 940 ginem,
472 899 623 942 recepto
642 905 749 930 more
772 894 814 929 in
832 893 958 943 primo
979 892 1171 930 nascentis
1196 891 1378 928 ecclesiae
1402 900 1538 930 exortu
1559 906 1581 929 a
1601 892 1691 930 fide-

288 946 390 983 libus
403 974 414 993 ,
446 948 516 997 qui
537 947 600 984 dei
622 949 766 985 amicos
791 947 1021 984 honorantes
1041 947 1200 999 (Euseb.
1221 944 1269 982 de
1286 959 1462 997 praepar.
1478 949 1627 997 Evang.
1651 949 1691 988 15

289 999 333 1050 7)
356 1001 414 1037 ad
437 1008 684 1039 monumenta
710 1016 840 1039 eorum
865 1002 1114 1047 accedebant,
1149 1008 1314 1052 votaque
1327 1003 1375 1038 iis·
1385 1001 1595 1051 jaciebant
1613 1008 1691 1039 tan—

289 1069 409 1105 quam
430 1057 524 1093 viris
541 1059 684 1094 sanctis
685 1086 701 1103 ,
731 1070 894 1109 quorum
914 1058 1177 1096 intercessione
1195 1057 1308 1108 apud
1326 1058 1440 1095 deum
1463 1070 1540 1094 non
1556 1069 1691 1106 parum

287 1111 418 1146 iuvari
439 1112 738 1159 profitebantur.
798 1119 838 1149 et
859 1111 1105 1151 Theodosius
1123 1114 1227 1162 Aug,
1263 1126 1351 1150 cum
1379 1111 1637 1149 sacerdotibus
1667 1124 1690 1148 ε,

283 1164 431 1214 populo
453 1166 631 1216 (Rufinus
651 1170 678 1207 2
695 1164 766 1217 33)
795 1170 967 1205 omnium
993 1170 1079 1206 loca
1099 1169 1334 1213 orationum,
1370 1173 1461 1203 ante
1491 1174 1690 1217 martyrun,

291 1227 326 1255 et
344 1219 604 1268 apostolorum
621 1221 750 1258 thecas
770 1223 894 1260 cilicio
912 1231 1147 1272 prostratus,
1188 1220 1340 1260 auxilia
1359 1220 1434 1258 sibi
1438 1221 1533 1269 fida
1550 1227 1690 1258 sancio-

292 1288 380 1311 rum
399 1275 659 1313 intercessione
669 1276 866 1326 poscebat.
918 1279 967 1315 D.
985 1280 1143 1315 Hieron.
1161 1276 1370 1328 Epitaphio
1390 1277 1534 1314 Paulae
1553 1277 1595 1312 in
1614 1276 1688 1312 fine

293 1328 479 1368 prudent.
507 1330 654 1383 hymno
684 1332 732 1370 de
758 1334 963 1370 Cassiano:
1000 1333 1130 1379 audit,
1157 1332 1282 1378 crede,
1303 1344 1438 1382 preces
1453 1338 1600 1382 martyr
1609 1344 1690 1380 pro

294 1387 503 1435 sperrimus
533 1401 678 1435 omnes,
713 1395 896 1439 ratasque
918 1388 1045 1425 reddit
1072 1401 1171 1439 quas
1200 1387 1304 1424 videt
1323 1385 1558 1437 probabiles.
1615 1384 1690 1423 vid«

293 1441 324 1476 l.
354 1444 380 1480 2
404 1454 444 1478 n.
473 1445 498 1482 8
525 1443 641 1481 infra.
681 1445 865 1481 Dmursr.
928 1444 1086 1494 porrige
1114 1443 1305 1492 dextram]
1342 1441 1510 1479 formula
1533 1441 1686 1491 vulgata

281 1495 511 1547 ,cassiadon
533 1497 560 1538 4
582 1513 643 1549 ep.
665 1503 738 1541 36:
768 1512 915 1536 necesse
925 1499 1015 1549 ficit
1034 1499 1157 1535 civica
1174 1498 1387 1534 vastatione
1406 1496 1557 1533 deiectis
1573 1496 1688 1545 porri

289 1565 381 1603 gere
397 1553 570 1590 dextram
588 1554 813 1592 salutarem.
873 1553 985 1592 Ovid.
1006 1553 1053 1591 de
1072 1555 1195 1591 Ponto
1212 1550 1239 1592 4
1256 1552 1305 1594 5:
1343 1551 1401 1589 ad
1425 1558 1461 1588 te
1484 1557 1688 1588 nmnsueta

285 1609 460 1658 porriget
478 1609 546 1645 ille
565 1623 717 1647 manus.
749 1611 932 1648 Dssmrs'r.
987 1622 1149 1646 manum
1168 1609 1368 1658 porrigere
1395 1607 1444 1643 ab
1469 1607 1518 1644 iis
1547 1604 1688 1643 ductun

291 1664 359 1714 qui
385 1664 564 1714 naufragi
592 1664 643 1701 ad
669 1666 776 1702 littus
815 1665 969 1715 expulsi
999 1663 1088 1701 data
1115 1675 1235 1700 manu
1262 1661 1531 1700 extrahuntur.
1586 1661 1685 1698 insta

289 1719 483 1766 proverbii
500 1719 631 1769 habet,
661 1720 712 1757 ad
730 1721 836 1758 varia
859 1721 906 1757 ab
929 1719 1146 1757 auctoribus
1165 1717 1397 1755 traductum.
1424 1719 1584 1754 ΒΑΜ-Η.
1613 1716 1687 1752 dex-

289 1779 391 1809 tram
414 1776 614 1824 porrigere
640 1788 709 1825 pro
737 1789 853 1825 opem
876 1776 1076 1826 praebere.
1131 1775 1187 1811 sio
1204 1775 1458 1824 Fragmento:
1487 1772 1589 1808 senio
1612 1771 1687 1807 dex-

288 1833 407 1873 tram,
429 1830 514 1877 pie,
535 1832 695 1879 porrige
700 1830 823 1878 sesso.
885 1831 1080 1880 Oppianus
1100 1830 1246 1879 Cyneg.
1268 1833 1312 1869 1:
1342 1823 1536 1878 δεξιτερήν
1553 1823 1686 1866 ὅπασσ

287 1883 498 1932 πανίλαον,
533 1882 822 1936 ὀλβοδότειραν.
851 1886 910 1921 In.
967 1885 1162 1934 porrigere
1191 1884 1307 1921 alicui
1341 1882 1518 1920 dextram
1548 1887 1605 1917 est
1634 1893 1681 1930 op

290 1950 360 1976 sua
379 1938 581 1976 sublevare
603 1952 781 1989 pressum
799 1940 1026 1976 infortunio.
1054 1940 1217 1975 Faustus
1239 1939 1413 1975 Reiensis
1434 1935 1485 1974 ad
1500 1936 1686 1972 Leontium

289 2005 455 2043 papam:
486 2008 724 2031 communem
743 2008 903 2031 causam
921 1994 993 2031 hoc
1013 1994 1093 2030 loco
1111 1994 1246 2043 agitis,
1280 1994 1317 2029 si
1335 1994 1370 2029 ei
1397 2005 1510 2043 quem
1537 1991 1686 2040 opinion

289 2055 436 2086 vestrae
454 2050 642 2098 imparem
662 2050 832 2095 cernitis,
860 2063 1021 2087 manum
1039 2048 1223 2100 suffragii
1231 2049 1460 2098 porrigatis.
1516 2047 1685 2082 Henriou

290 2102 503 2141 Monachus
517 2105 760 2142 Praefatione
780 2103 827 2145 4:
856 2106 1010 2155 iamque
1022 2110 1219 2153 patentem
1226 2116 1350 2154 porge
1363 2115 1524 2139 manum
1543 2100 1686 2151 trepido

292 2160 419 2194 (iusim
437 2159 620 2196 scandere
640 2167 764 2197 tecam
783 2161 960 2210 quamvis
980 2166 1090 2196 torva
1101 2159 1294 2208 pericula.
1333 2159 1473 2196 Arator
1490 2155 1540 2193 ad
1555 2157 1681 2192 Floria

293 2224 412 2249 num:
435 2215 593 2265 porrige
612 2215 660 2251 de
669 2216 819 2265 placito
836 2229 949 2265 saepe
954 2215 1099 2265 favore
1116 2226 1290 2251 manum.
1330 2215 1521 2250 Guuterus
1537 2211 1636 2247 libro
1661 2213 1679 2250 1

287 2275 541 2319 porrectaque
557 2283 678 2307 manu
696 2285 838 2322 magno
855 2270 926 2307 sub
936 2271 1054 2321 jasce
1073 2269 1268 2306 labantem
1281 2279 1574 2318 oppressumque
1586 2271 1684 2302 metu

293 2323 482 2372 siquidem
503 2331 628 2373 potes,
674 2327 776 2376 erige
803 2333 942 2364 vatem.
1003 2327 1139 2362 Petrus
1170 2324 1420 2362 Pictaviensis
1445 2321 1682 2371 Panegyrico

295 2390 396 2414 more
422 2391 490 2414 suo
518 2392 671 2416 sacram
699 2382 886 2432 dignatus
910 2380 1059 2417 tendere
1083 2380 1273 2424 dextram,
1307 2390 1410 2414 serve
1429 2389 1552 2420 meus,
1581 2375 1684 2412 dicas

293 2432 443 2468 accede.
503 2439 560 2469 est
580 2433 738 2472 ductum
758 2437 805 2473 ab
829 2438 877 2474 iis
899 2437 967 2487 qui
986 2437 1027 2472 iu
1048 2435 1159 2471 turba
1177 2446 1314 2470 manus
1333 2434 1518 2482 iungunt,
1557 2437 1600 2467 ut
1619 2442 1684 2467 ear

294 2493 506 2537 penetrent.
564 2487 796 2528 Theocritus
810 2491 1086 2527 Adoniazusis.
1123 2491 1181 2525 In.

407 2544 470 2582 13.
499 2545 636 2593 magni
652 2545 750 2581 mihi
767 2559 889 2582 causa
909 2545 1052 2581 laboris
1069 2544 1195 2592 surgit
1214 2542 1483 2579 Maronianum
1500 2547 1569 2578 est.
1598 2539 1684 2576 iden

290 2599 338 2637 7:
367 2597 489 2633 maior
503 2611 631 2635 rerum
648 2599 746 2635 milii
764 2602 937 2636 nascitur
955 2599 1059 2636 ordo.
1102 2599 1158 2635 sio
1177 2598 1287 2634 nasci
1305 2596 1423 2634 libros
1441 2595 1534 2633 dicit
1553 2596 1682 2633 Pliuiu

290 2652 317 2687 l.
335 2653 360 2692 8
383 2665 444 2701 ep.
465 2649 504 2691 4.
532 2654 692 2690 BARTH.

400 2706 464 2747 14.
521 2706 681 2746 brachia
698 2709 846 2747 tendere
867 2715 924 2747 est
946 2708 1210 2759 supplicantis,
1267 2704 1427 2744 Ovidius
1443 2703 1491 2742 de
1511 2706 1633 2742 Ponto
1654 2705 1678 2744 2
