1702 3060
282 170 374 217 128
876 166 1096 210 CORIPPI

388 277 599 327 suscipiens
618 276 770 312 fortuna
787 274 934 324 virum,
962 288 1012 312 ne
1029 281 1145 312 staret
1162 273 1321 312 inermis

388 350 453 379 aut
472 342 629 378 humilis
650 341 906 393 precibusque
923 352 1086 391 rogaus3
1114 341 1323 391 tribuitque
1341 341 1559 392 sepulcrum
1573 368 1585 389 ,

387 422 437 445 ne
454 406 602 445 nudum
619 408 660 444 iu
679 407 836 460 Libycis
853 408 1032 446 iacuisset
1051 420 1190 458 corpus
1210 407 1352 445 arenis.

588 677 892 737 LIBER
967 675 1376 738 SEXTUS.

385 789 544 858 Interea
564 819 698 859 ductor
713 822 872 861 munitis
891 823 1046 874 agmine
1065 823 1185 874 signis

385 888 464 923 iam
482 894 608 925 tutum
627 889 808 938 carpebat
824 889 920 937 iterr,
956 891 1147 940 sociisque
1165 886 1332 926 reductis

383 954 567 990 successit
586 968 727 1005 parvae
746 953 919 993 defessus
934 957 1137 993 moenibus
1149 953 1271 991 urbis.

382 1018 446 1056 hic
464 1022 599 1070 populi
619 1023 754 1057 satiata
772 1022 920 1069 fames3
950 1030 1036 1072 post
1054 1020 1157 1058 bella
1177 1019 1344 1057 salutem

325 1086 350 1128 5
377 1084 441 1122 hic
459 1087 567 1122 licuit
585 1092 756 1136 spectare
776 1089 888 1134 viris3
919 1087 982 1124 hic
1001 1087 1114 1124 ardor
1132 1098 1321 1138 equorum

378 1153 514 1202 pulsus
530 1154 642 1203 aquis
659 1153 856 1203 tristisque
873 1154 997 1190 fames
1013 1167 1083 1204 per
1099 1153 1242 1203 pabula
1266 1151 1396 1189 cessit.

376 1219 474 1255 fovit
497 1231 616 1269 equos
639 1218 733 1254 olim
751 1219 886 1255 sitiens
907 1231 978 1268 per
995 1219 1155 1254 flumina
1175 1218 1288 1254 miles
1301 1244 1314 1265 ,

377 1285 515 1334 optatis
535 1286 691 1334 gavisus
712 1284 841 1335 aquis;
873 1298 1063 1336 casusque
1081 1284 1228 1335 priores

376 1362 684 1387 commemorans
702 1349 842 1399 gelidis
860 1350 1031 1387 infundit
1049 1362 1205 1402 corpora
1223 1347 1411 1402 lymphis.

296 1419 347 1457 10
375 1416 593 1466 percipluut
614 1417 738 1466 epulis
759 1428 897 1466 parvas
917 1423 1004 1466 post
1022 1421 1196 1468 tempora
1214 1417 1328 1465 vires,

371 1483 656 1534 laetificumque
679 1482 816 1519 bibunt
837 1489 926 1532 post
941 1483 1063 1519 tristia
1079 1483 1183 1519 bella
1201 1484 1392 1532 Lyaeum-

371 1562 452 1586 nox
475 1550 587 1586 terris
605 1562 709 1585 nunc
730 1555 814 1585 acta
837 1549 933 1596 ruit,
963 1548 1176 1600 mundique
1196 1549 1349 1585 labores

373 1615 523 1652 distulit
536 1643 546 1661 ‚
577 1614 738 1651 obscuro
755 1612 996 1651 confundens
1019 1614 1148 1651 omnia
1170 1616 1292 1652 caelo.

371 1681 472 1718 hanc
493 1681 668 1731 sequitur
686 1679 867 1717 madidus
886 1681 984 1717 curis
1004 1682 1140 1717 solatia
1155 1693 1316 1718 somnus

295 1746 344 1789 15
371 1746 498 1784 dulcia
516 1748 687 1784 referens
701 1777 710 1794 ‚
740 1748 944 1797 tacitisque
963 1748 1207 1796 amplectitur
1223 1746 1311 1785 alis.

369 1815 536 1851 solverat
554 1813 674 1850 effuso
692 1814 867 1850 nutantia
886 1814 1035 1849 lumina
1056 1825 1175 1850 cornu

368 1879 491 1916 noctis
511 1880 635 1916 amica
654 1879 778 1931 quies.
835 1885 926 1915 tunc
943 1877 1060 1914 corda
1078 1878 1197 1915 oblita
1212 1878 1405 1915 malorum

369 1953 483 1997 atque
503 1947 564 1982 sui
582 1947 734 1982 iacuere
755 1945 901 1991 virum3
938 1945 1136 1995 nimioque
1155 1944 1287 1981 labore

368 2019 495 2048 cetera
516 2011 677 2049 defessis
696 2010 911 2062 proflabant
932 2020 1089 2060 corpora
1104 2011 1305 2048 membris.

284 2080 338 2118 20
420 2079 513 2114 Dux
531 2085 662 2115 tamen
679 2077 898 2115 insomnem
916 2077 1067 2113 turbato
1085 2083 1259 2127 tempore
1279 2083 1433 2113 noctem

367 2143 576 2195 protrahit,
605 2143 828 2181 innumeras
848 2144 1008 2181 volvens
1026 2143 1096 2180 sub
1112 2150 1267 2193 pectore
1287 2155 1411 2179 curas.

367 2223 574 2247 concussus
595 2212 738 2260 pietate
761 2218 892 2260 pater,
921 2216 978 2247 tot
1000 2211 1136 2246 funera
1160 2209 1329 2256 deflens,

365 2277 555 2326 ingemuit
573 2278 829 2328 lacrimasque
848 2275 969 2313 dedit.
1025 2276 1249 2313 Recinarius
1266 2275 1348 2311 illjo

363 2344 537 2378 solamen
557 2340 726 2379 ductoris
748 2349 828 2380 erat
844 2343 1044 2394 sociusque
1062 2342 1253 2378 laborum.

282 2406 334 2449 25
362 2406 426 2443 hic
442 2409 546 2444 mala
566 2408 682 2445 mista
700 2409 810 2446 bonis
826 2417 978 2459 partem
997 2421 1224 2458 semperque
1241 2405 1387 2442 ferebat
1398 2432 1408 2452 ,

363 2487 441 2510 nou
458 2472 598 2511 humili
617 2488 705 2511 cum
724 2475 838 2526 plebe
859 2477 988 2512 iacens
1000 2504 1010 2522 ,
1040 2474 1240 2524 gravitatis
1262 2472 1412 2507 amicus

363 2547 400 2577 et
417 2541 555 2578 virtute
577 2548 715 2591 potens
727 2570 737 2590 ‚
768 2543 938 2578 animam
957 2542 1023 2591 qui
1040 2553 1183 2590 ponere
1201 2549 1405 2589 nunquam

251 2637 274 2672 5
297 2647 434 2682 sperare
462 2637 504 2671 Μ
635 2639 679 2672 10
711 2647 815 2682 paruo
845 2640 923 2684 post
953 2639 1103 2680 tempore
1131 2634 1173 2668 M
1307 2634 1350 2669 12
1385 2645 1432 2668 an
1463 2634 1542 2667 tunc
1572 2631 1677 2668 atra?

253 2682 294 2716 15
315 2687 389 2727 post
400 2682 512 2762 gulda
526 2682 570 2718 Μ
579 2682 662 2718 aad.
679 2686 767 2718 tunc.
901 2683 945 2718 27
968 2683 1169 2726 animamque
1183 2690 1310 2726 ponere
1327 2681 1368 2723 ¹1¹,
1395 2678 1599 2725 animamque
1613 2689 1676 2712 ex-

250 2739 375 2772 ponere
395 2741 404 2763 ι
433 2752 444 2764 .
