1702 3060
431 141 507 184 DE
539 140 817 186 LAUDIBUS
850 137 1074 186 IUSTINI.
1377 137 1479 189 433

28 246 116 288 cod.
133 248 246 289 sant.
271 255 311 288 et
332 249 494 289 Ruizius
513 250 556 288 in
577 249 663 290 cod.
689 251 895 290 ovetensis
922 251 1112 289 ecclesiae
1135 248 1396 290 invenerunt:
1424 250 1485 290 sic

29 307 138 344 enim
153 307 300 358 pariter
314 307 504 358 Virgilius
524 307 573 345 de
590 307 777 360 Scythiae
794 307 955 359 regione
973 309 1141 360 loquens
1159 308 1302 359 Georg.
1321 309 1346 348 3
1376 310 1484 362 360¹:

30 370 286 401 concrescunt
311 363 465 401 subitae
494 366 667 402 currenti
691 366 735 402 in
757 365 932 415 flumine
962 371 1129 402 crustae.
1200 363 1269 401 ubi
1297 362 1458 411 Servius
1472 375 1487 404 ἕ

23 419 72 458 h.
94 433 128 457 e.
148 433 279 471 aquae
302 427 498 458 currentes
522 429 676 471 repente
698 418 991 472 congelascunt.
1051 422 1183 459 Foco.

142 478 239 517 289.
296 476 382 513 illic
399 488 471 528 pro
486 476 569 514 illis
585 484 624 515 et
639 491 734 515 area
751 490 822 528 pro
843 491 984 523 aurea,
1018 490 1120 529 quae
1146 478 1188 514 in
1210 489 1272 514 ms
1293 476 1487 528 legebam·

30 539 108 581 tur,
135 538 227 569 sunt
244 531 436 570 restituta.
478 540 662 585 quattuor
682 532 867 581 carmina,
899 546 1001 586 quoe
1017 533 1080 572 his
1101 532 1237 572 ordine
1256 531 1487 582 succedunt,

31 587 369 641 perturbatissima
392 593 505 637 sunt3
535 597 654 642 atque
675 589 766 629 ideo
788 602 835 627 ea
857 589 906 628 de
926 590 1046 629 verbo
1068 589 1120 628 ad
1139 589 1306 629 verbum
1324 601 1489 642 reprae-

33 643 225 684 sentanda
247 645 333 682 fore
355 643 559 684 duximus.
616 648 738 685 Rmz.

143 703 240 743 291.
299 701 498 754 crystalli]
533 700 636 740 Poll
667 706 695 744 2
727 701 753 744 4
782 698 1110 754 κρυσταλλοειδῆς
1133 713 1206 754 pro
1231 699 1335 741 oculi
1359 707 1489 753 parte.

33 770 96 796 ms
111 753 353 810 κρύσταλλος
373 771 531 810 semper
546 758 754 797 Eustathio
771 758 921 810 placet,
953 766 991 797 et
1016 758 1172 797 Polluci
1192 758 1218 801 5
1250 761 1300 800 18
1312 787 1322 806 ,
1354 765 1490 795 contra

34 813 318 866 etymologiam
339 821 378 852 et
397 826 534 852 usum:
562 828 656 853 nam
671 816 712 853 in
731 828 791 853 ms
809 829 900 853 meo
921 815 1137 853 Claudiano
1156 815 1364 866 crystallus
1380 826 1490 852 sem-

33 883 126 923 per,
158 877 196 907 et
215 871 326 909 alibi.
384 871 510 910 Solin.
531 874 608 913 202
631 880 785 922 putant
806 872 980 923 glaciem
1011 874 1113 909 coire
1134 879 1171 909 et
1190 873 1234 908 in
1256 870 1490 921 crystallum

23 928 254 978 corporari,
282 927 353 964 ced
366 927 543 979 flustra.
604 928 676 965 dat
697 930 878 978 Europa,
907 929 980 966 dat
999 936 1036 965 et
1051 928 1177 974 Asia,
1206 927 1491 978 sedpretioszzsa

35 984 181 1021 simum
204 983 370 1034 Scythia
389 984 480 1021 edit.
541 982 645 1021 Plin.
670 987 724 1026 37
754 987 803 1024 2:
833 986 1033 1022 contraria
1053 984 1150 1022 huic
1173 994 1297 1020 cauea
1321 982 1492 1033 crystal-

35 1040 123 1077 lum
126 1039 254 1091 facil,
279 1039 378 1091 gelu
400 1039 679 1078 vehementiore
697 1047 884 1078 concreto.
945 1053 1025 1078 non
1048 1038 1152 1078 alibi
1177 1047 1277 1076 certe
1300 1040 1494 1089 reperitur

37 1109 161 1148 quam
186 1095 259 1133 ubi
279 1097 451 1134 maxime
468 1095 655 1133 hibernae
676 1098 786 1134 nives
802 1098 948 1147 rigent,
974 1097 1226 1149 glaciemque
1245 1109 1324 1133 esse
1342 1102 1493 1132 certum

37 1159 105 1190 est.
166 1153 327 1192 Aristot.
349 1151 456 1204 apud
474 1152 648 1190 Gellium
668 1155 719 1194 19
746 1154 787 1196 5.
845 1160 884 1190 et
907 1154 1016 1191 favet
1042 1151 1136 1190 huic
1155 1150 1373 1190 sententiae
1394 1151 1494 1189 Sen.

35 1215 119 1246 nat.
139 1215 292 1261 quaest.
311 1212 337 1250 3
366 1208 435 1250 25.
493 1207 656 1246 indubie
686 1208 785 1247 haec
810 1221 901 1260 pars
921 1222 973 1247 ex
992 1210 1163 1247 formula
1186 1209 1246 1246 Sc
1270 1214 1330 1245 est
1350 1208 1494 1245 maior.

37 1265 305 1306 Stat.Silv.1
334 1267 383 1305 2:
412 1278 584 1316 raraque
601 1266 699 1317 long
675 1267 805 1303 naevis
822 1265 984 1303 nivibus
1002 1265 1192 1316 crystalla
1206 1263 1352 1316 gelari.
1385 1264 1495 1302 Fest-

36 1322 178 1360 Avien.
199 1320 385 1371 descript.
407 1321 534 1359 orbis:
564 1321 630 1358 hic
658 1323 757 1359 dites·
782 1336 808 1360 v
810 1335 907 1359 enae
934 1323 1093 1359 niveum
1119 1323 1300 1373 gignunt
1323 1319 1495 1370 crystal-

39 1378 138 1416 lum.
197 1378 389 1415 Priscian.
410 1378 587 1429 perieg.:
617 1378 729 1415 illius
745 1379 875 1428 fluvii
897 1379 961 1428 rig
938 1379 1051 1415 oldas
1071 1391 1198 1428 prope
1205 1377 1368 1428 frigore
1383 1377 1496 1426 ripae

37 1434 212 1472 invenies
239 1433 414 1484 lapidem
443 1433 634 1484 crystalli.
695 1433 834 1472 Sidon.
859 1435 1034 1485 Apollin.
1060 1446 1178 1471 carm.
1204 1433 1279 1481 11,
1311 1439 1350 1470 et
1373 1432 1496 1470 clau-

40 1490 182 1528 dianus
202 1491 497 1541 epigrammatis
519 1490 748 1539 videantur,
779 1489 972 1528 Martialis
994 1497 1033 1528 et
1054 1491 1136 1528 alii.
1193 1462 1383 1527 Dm’n‘sr.

147 1545 247 1588 294.
303 1545 502 1592 Imbrum,
532 1554 621 1596 aut,
652 1546 760 1599 quod
790 1547 973 1585 carminis
1001 1545 1100 1585 ratio
1125 1560 1205 1584 non
1225 1547 1352 1596 capit,
1383 1544 1496 1583 Imoa

38 1616 140 1650 rem,
166 1602 385 1654 legebatur.
444 1603 597 1641 restitui
628 1603 830 1650 Hebrum,
869 1604 962 1656 quia
988 1616 1107 1655 supra
1134 1601 1319 1640 Hebrum
1346 1602 1496 1639 siccare

41 1660 135 1697 lacu
157 1657 327 1697 dixerat.
385 1660 573 1698 Dsmrsr.

151 1714 208 1753 ib.
267 1716 312 1753 in
328 1717 457 1768 priore
477 1715 649 1754 editione
666 1716 795 1754 fuerat
814 1715 1058 1754 calcavimus
1077 1714 1260 1753 Imorem.
1305 1714 1499 1766 reposut?

41 1785 130 1810 ram
153 1770 356 1818 Hebrum,
383 1773 488 1810 claro
515 1786 649 1810 sensu.
708 1780 747 1810 at
769 1774 850 1809 iam
872 1771 1072 1836 distinguo
1091 1773 1147 1809 sic
1165 1778 1203 1808 et
1220 1771 1335 1822 lego·
1366 1771 1498 1808 corni-

14 1828 188 1880 pedum
208 1828 380 1880 liquidos
397 1841 466 1866 seu
485 1830 624 1866 terruit
640 1843 726 1881 ung
703 1828 796 1866 ‹rula
815 1842 992 1879 campos,
1015 1830 1204 1865 insanum
1221 1827 1382 1866 volvens
1398 1834 1499 1863 stre*-

35 1886 191 1936 pitum,
221 1884 468 1922 calcavimus
493 1886 663 1923 Immon.
692 1858 872 1923 &Immo-3
903 1886 1011 1922 enim
1032 1896 1195 1935 campus
1215 1890 1274 1921 est
1295 1883 1402 1935 apud
1420 1884 1499 1920 Ce-

44 1941 234 1989 drenum3
264 1947 333 1978 aut
348 1948 452 1979 certe
470 1941 716 1979 calcavimus
734 1941 898 1979 Imbron
914 1948 981 1979 aut
999 1940 1192 1978 Imbrum.
1236 1941 1341 1977 Plin.
1362 1939 1389 1978 4
1425 1941 1498 1979 12:

49 1997 306 2035 Samothrace
322 1996 375 2034 ab
396 1996 530 2035 Imbro
551 2001 623 2043 32,
652 2012 678 2035 a
697 1998 848 2035 Lemno
866 1999 919 2038 22
938 1997 1039 2034 mill.
1058 2007 1270 2047 passuum.
1303 1997 1501 2045 Pompon-

42 2054 150 2092 Mela
170 2055 198 2094 2
225 2057 275 2096 7·
304 2052 348 2090 ἰη
361 2053 526 2119 Aegaeo
542 2055 648 2091 mari
659 2069 713 2105 pr
712 2068 784 2104 ope
803 2054 1015 2090 (Heraciam
1029 2051 1301 2097 Samothrace,
1332 2051 1501 2095 Thasos,

46 2108 214 2148 Imbros.
275 2116 334 2147 est
353 2104 447 2161 er'go
468 2111 597 2148 insula
617 2117 655 2147 et
676 2111 791 2158 urbs,
822 2110 963 2147 Strabo
986 2112 1057 2155 103
1089 2121 1209 2160 quam
1224 2109 1382 2156 Pelasgi
1403 2119 1501 2142 con-

10 2163 20 2175 ⁴
47 2165 185 2203 didere
216 2177 275 2203 ex
297 2165 520 2214 Anficlide,
549 2165 658 2203 idem
683 2166 724 2207 5.
781 2164 887 2216 apud
905 2163 1229 2216 Theophrastum
1253 2162 1420 2201 Umbros
1438 2162 1501 2199 le-

4 2220 18 2259 1'
47 2223 166 2274 gitur.
225 2220 385 2260 imbrus
409 2221 601 2273 Stephon.
627 2221 676 2258 de
697 2222 880 2269 urbibus,
912 2223 1031 2258 Hom.
1051 2220 1166 2258 Iliad.
1193 2218 1242 2260 14
1270 2220 1351 2260 281
1379 2226 1418 2256 et
1448 2220 1500 2258 13

49 2281 103 2320 33
123 2284 162 2315 et
181 2276 236 2320 24
265 2279 334 2319 78.
390 2278 555 2330 Dionys.
584 2278 739 2328 Perieg.
769 2277 871 2318 524:
898 2274 1060 2328 Ἴμβρος
1087 2276 1257 2328 Θρηῖκίη
1292 2290 1333 2315 τε
1361 2271 1503 2324 Σάμος

38 2330 332 2387 ’Κορυβάντων
363 2331 473 2374 actv.
538 2334 721 2371 meminit
748 2339 788 2370 et
815 2334 902 2372 Val.
929 2332 1059 2371 Flacc.
1084 2334 1300 2384 Argonaut.
1331 2334 1381 2372 2.
1420 2332 1503 2366 iam

4 2394 29 2444 s
51 2398 152 2442 quae
160 2389 419 2441 praeviderat
433 2403 543 2427 arces
559 2391 697 2427 navita
713 2389 921 2434 condebat,
943 2402 1164 2440 proraeque
1184 2394 1400 2425 accesserat
1418 2387 1503 2423 Im-

52 2447 155 2484 bros.
214 2445 406 2484 Priscian.
435 2447 606 2498 perieg.:
638 2446 792 2498 fertilis
817 2451 937 2496 atque
972 2445 1146 2490 'l’haso-s·‚
1182 2444 1306 2482 simul
1332 2442 1498 2481 Imbros.

39 2503 237 2540 naurs-r.
266 2510 269 2511 ’
294 2503 337 2539 in
356 2502 443 2540 cod.
464 2505 595 2540 visum
614 2510 673 2541 est
687 2501 826 2540 Ruizio
843 2501 965 2539 fuisse
982 2503 1171 2553 scriptum
1188 2501 1376 2545 Imorem,
1406 2505 1443 2536 et
1460 2499 1502 2534 in

2 2586 14 2609 4
51 2559 232 2610 margine
250 2565 383 2596 notat:
415 2560 466 2596 al.
486 2559 667 2597 Imbrum
686 2559 752 2596 vel
771 2558 939 2596 Ebrum.
1000 2559 1244 2622 Dempstero.
1263 2557 1412 2608 placuit
1442 2554 1504 2590 le-

53 2617 146 2666 gere
140 2588 338 2659 ιἘἶινιιηῃ
365 2616 459 2667 quia
478 2617 599 2653 etiam
617 2627 736 2667 supra
757 2628 796 2652 v-
816 2614 898 2656 274
920 2611 1100 2652 eiusdem
1123 2611 1272 2651 mentio
1294 2619 1352 2649 est
1371 2609 1504 2647 finini-

5 2667 11 2679 ⁴
53 2672 132 2709 nis.
189 2677 230 2708 at
269 2669 413 2709 codicis
451 2673 625 2722 vestigiis
662 2671 836 2723 pressius
865 2670 968 2708 mihi
995 2670 1133 2708 videor
1159 2670 1338 2707 insistere
1367 2668 1504 2716 legens

0 2766 4 2769 ,
56 2726 243 2772 Imaum,
279 2733 457 2774 montem
494 2729 596 2766 ultra
633 2740 756 2780 quem
783 2726 1023 2780 Scytharum
1056 2732 1195 2776 gentes
1225 2726 1328 2762 locat
1352 2723 1506 2759 Plinius

0 2795 9 2836 ᾗ
55 2783 183 2824 6217.
236 2781 368 2822 Foco.

0 2846 28 2898 35⁴!
