<?xml version="1.0" encoding="UTF-8"?>
<!DOCTYPE html PUBLIC "-//W3C//DTD XHTML 1.0 Transitional//EN"
    "http://www.w3.org/TR/xhtml1/DTD/xhtml1-transitional.dtd">
<html xmlns="http://www.w3.org/1999/xhtml" xml:lang="en" lang="en">
 <head>
  <title>
</title>
<meta http-equiv="Content-Type" content="text/html;charset=utf-8" />
  <meta name='ocr-system' content='tesseract 3.04.00' />
  <meta name='ocr-capabilities' content='ocr_page ocr_carea ocr_par ocr_line ocrx_word'/>
</head>
<body>
  <div class='ocr_page' id='page_1' title='image "./corpusscriptorum35niebuoft_0015.png"; bbox 0 0 1650 3054; ppageno 0'>
   <div class='ocr_carea' id='block_1_1' title="bbox 318 112 1556 159">
    <p class='ocr_par' dir='ltr' id='par_1_1' title="bbox 318 112 1556 159">
     <span class='ocr_line' id='line_1_1' title="bbox 318 112 1556 159; baseline 0.002 -4"><span class='ocrx_word' id='word_1_1' title='bbox 318 112 611 156; x_wconf 88' lang='lat' dir='ltr'><strong>NIEBUHRII</strong></span> <span class='ocrx_word' id='word_1_2' title='bbox 643 114 719 156; x_wconf 91' lang='lat' dir='ltr'>DE</span> <span class='ocrx_word' id='word_1_3' title='bbox 754 114 1104 158; x_wconf 89' lang='lat' dir='ltr'><strong>MEROBAUDE</strong></span> <span class='ocrx_word' id='word_1_4' title='bbox 1138 116 1327 159; x_wconf 84' lang='lat' dir='ltr'><strong>PRAEF.</strong></span> <span class='ocrx_word' id='word_1_5' title='bbox 1525 128 1556 158; x_wconf 80' lang='lat' dir='ltr'><strong>v</strong></span> 
     </span>
    </p>
   </div>
   <div class='ocr_carea' id='block_1_2' title="bbox 69 223 1650 2803">
    <p class='ocr_par' dir='ltr' id='par_1_2' title="bbox 75 223 1554 1503">
     <span class='ocr_line' id='line_1_2' title="bbox 205 223 1552 279; baseline 0.001 -17"><span class='ocrx_word' id='word_1_6' title='bbox 205 225 345 262; x_wconf 84' lang='lat' dir='ltr'><strong>Paucis</strong></span> <span class='ocrx_word' id='word_1_7' title='bbox 371 225 492 276; x_wconf 83' lang='lat' dir='ltr'>igitur</span> <span class='ocrx_word' id='word_1_8' title='bbox 518 237 618 276; x_wconf 89' lang='lat' dir='ltr'>quae</span> <span class='ocrx_word' id='word_1_9' title='bbox 644 223 692 263; x_wconf 90' lang='lat' dir='ltr'>de</span> <span class='ocrx_word' id='word_1_10' title='bbox 719 226 984 275; x_wconf 82' lang='lat' dir='ltr'>membranis,</span> <span class='ocrx_word' id='word_1_11' title='bbox 1024 227 1168 279; x_wconf 88' lang='lat' dir='ltr'>quibus</span> <span class='ocrx_word' id='word_1_12' title='bbox 1198 224 1299 264; x_wconf 87' lang='lat' dir='ltr'>haec</span> <span class='ocrx_word' id='word_1_13' title='bbox 1329 227 1552 278; x_wconf 85' lang='lat' dir='ltr'>fragmenta</span> 
     </span>
     <span class='ocr_line' id='line_1_3' title="bbox 95 291 1554 347; baseline 0 -15"><span class='ocrx_word' id='word_1_14' title='bbox 95 296 366 342; x_wconf 90' lang='lat' dir='ltr'>continentur,</span> <span class='ocrx_word' id='word_1_15' title='bbox 396 291 562 331; x_wconf 87' lang='lat' dir='ltr'>dicenda</span> <span class='ocrx_word' id='word_1_16' title='bbox 584 300 698 341; x_wconf 87' lang='lat' dir='ltr'>sunt,</span> <span class='ocrx_word' id='word_1_17' title='bbox 730 294 947 331; x_wconf 80' lang='lat' dir='ltr'><strong>absolvam.</strong></span> <span class='ocrx_word' id='word_1_18' title='bbox 1006 301 1094 333; x_wconf 90' lang='lat' dir='ltr'>octo</span> <span class='ocrx_word' id='word_1_19' title='bbox 1115 295 1212 332; x_wconf 89' lang='lat' dir='ltr'>folia</span> <span class='ocrx_word' id='word_1_20' title='bbox 1235 300 1347 343; x_wconf 71' lang='lat' dir='ltr'>suntt,</span> <span class='ocrx_word' id='word_1_21' title='bbox 1386 307 1554 347; x_wconf 89' lang='lat' dir='ltr'>quorum</span> 
     </span>
     <span class='ocr_line' id='line_1_4' title="bbox 94 359 1552 415; baseline 0 -15"><span class='ocrx_word' id='word_1_22' title='bbox 94 361 172 400; x_wconf 88' lang='lat' dir='ltr'>duo</span> <span class='ocrx_word' id='word_1_23' title='bbox 193 363 303 414; x_wconf 79' lang='lat' dir='ltr'>parIa</span> <span class='ocrx_word' id='word_1_24' title='bbox 323 360 376 399; x_wconf 90' lang='lat' dir='ltr'>ad</span> <span class='ocrx_word' id='word_1_25' title='bbox 396 367 578 399; x_wconf 80' lang='lat' dir='ltr'>octavum</span> <span class='ocrx_word' id='word_1_26' title='bbox 599 359 784 412; x_wconf 80' lang='lat' dir='ltr'>discerpti</span> <span class='ocrx_word' id='word_1_27' title='bbox 802 361 896 398; x_wconf 89' lang='lat' dir='ltr'>libri</span> <span class='ocrx_word' id='word_1_28' title='bbox 913 364 1215 414; x_wconf 82' lang='lat' dir='ltr'>quaternionem</span> <span class='ocrx_word' id='word_1_29' title='bbox 1235 363 1446 415; x_wconf 74' lang='lat' dir='ltr'>pertinent,</span> <span class='ocrx_word' id='word_1_30' title='bbox 1467 364 1552 415; x_wconf 83' lang='lat' dir='ltr'>pri-</span> 
     </span>
     <span class='ocr_line' id='line_1_5' title="bbox 91 427 1554 484; baseline 0.001 -17"><span class='ocrx_word' id='word_1_31' title='bbox 91 443 204 467; x_wconf 75' lang='lat' dir='ltr'>mtun</span> <span class='ocrx_word' id='word_1_32' title='bbox 227 430 375 468; x_wconf 88' lang='lat' dir='ltr'>scilicet</span> <span class='ocrx_word' id='word_1_33' title='bbox 402 436 519 481; x_wconf 87' lang='lat' dir='ltr'>atque</span> <span class='ocrx_word' id='word_1_34' title='bbox 542 429 625 466; x_wconf 83' lang='lat' dir='ltr'>sive</span> <span class='ocrx_word' id='word_1_35' title='bbox 648 427 867 467; x_wconf 78' lang='lat' dir='ltr'>semmdum</span> <span class='ocrx_word' id='word_1_36' title='bbox 890 431 973 467; x_wconf 84' lang='lat' dir='ltr'>sive</span> <span class='ocrx_word' id='word_1_37' title='bbox 995 432 1157 468; x_wconf 82' lang='lat' dir='ltr'>tertium</span> <span class='ocrx_word' id='word_1_38' title='bbox 1179 430 1358 469; x_wconf 89' lang='lat' dir='ltr'>eiusdem</span> <span class='ocrx_word' id='word_1_39' title='bbox 1375 443 1470 484; x_wconf 86' lang='lat' dir='ltr'>par:</span> <span class='ocrx_word' id='word_1_40' title='bbox 1505 430 1554 469; x_wconf 88' lang='lat' dir='ltr'>de</span> 
     </span>
     <span class='ocr_line' id='line_1_6' title="bbox 93 495 1553 550; baseline 0.001 -14"><span class='ocrx_word' id='word_1_41' title='bbox 93 497 246 536; x_wconf 89' lang='lat' dir='ltr'>duobus</span> <span class='ocrx_word' id='word_1_42' title='bbox 266 497 428 549; x_wconf 85' lang='lat' dir='ltr'>reliquis</span> <span class='ocrx_word' id='word_1_43' title='bbox 448 511 499 534; x_wconf 91' lang='lat' dir='ltr'>ne</span> <span class='ocrx_word' id='word_1_44' title='bbox 521 495 566 534; x_wconf 90' lang='lat' dir='ltr'>id</span> <span class='ocrx_word' id='word_1_45' title='bbox 588 496 749 550; x_wconf 80' lang='lat' dir='ltr'>quidem</span> <span class='ocrx_word' id='word_1_46' title='bbox 768 498 878 534; x_wconf 90' lang='lat' dir='ltr'>omni</span> <span class='ocrx_word' id='word_1_47' title='bbox 899 495 1018 535; x_wconf 90' lang='lat' dir='ltr'>dubio</span> <span class='ocrx_word' id='word_1_48' title='bbox 1040 505 1145 535; x_wconf 90' lang='lat' dir='ltr'>caret</span> <span class='ocrx_word' id='word_1_49' title='bbox 1167 511 1213 535; x_wconf 89' lang='lat' dir='ltr'>ea</span> <span class='ocrx_word' id='word_1_50' title='bbox 1236 498 1288 536; x_wconf 88' lang='lat' dir='ltr'>ad</span> <span class='ocrx_word' id='word_1_51' title='bbox 1307 512 1434 537; x_wconf 89' lang='lat' dir='ltr'>unum</span> <span class='ocrx_word' id='word_1_52' title='bbox 1453 513 1553 537; x_wconf 87' lang='lat' dir='ltr'>eun-</span> 
     </span>
     <span class='ocr_line' id='line_1_7' title="bbox 92 565 1554 619; baseline 0 -15"><span class='ocrx_word' id='word_1_53' title='bbox 92 566 262 619; x_wconf 86' lang='lat' dir='ltr'>demque</span> <span class='ocrx_word' id='word_1_54' title='bbox 293 566 591 617; x_wconf 78' lang='lat' dir='ltr'>quaternionem</span> <span class='ocrx_word' id='word_1_55' title='bbox 620 566 830 617; x_wconf 88' lang='lat' dir='ltr'>pertinere.</span> <span class='ocrx_word' id='word_1_56' title='bbox 899 572 1038 603; x_wconf 91' lang='lat' dir='ltr'>cuncta</span> <span class='ocrx_word' id='word_1_57' title='bbox 1068 566 1186 614; x_wconf 85' lang='lat' dir='ltr'>solia,</span> <span class='ocrx_word' id='word_1_58' title='bbox 1226 573 1270 604; x_wconf 90' lang='lat' dir='ltr'>ut</span> <span class='ocrx_word' id='word_1_59' title='bbox 1299 565 1351 603; x_wconf 87' lang='lat' dir='ltr'>ad</span> <span class='ocrx_word' id='word_1_60' title='bbox 1381 566 1554 605; x_wconf 88' lang='lat' dir='ltr'>eundem</span> 
     </span>
     <span class='ocr_line' id='line_1_8' title="bbox 88 632 1552 686; baseline 0 -13"><span class='ocrx_word' id='word_1_61' title='bbox 88 633 296 673; x_wconf 86' lang='lat' dir='ltr'>modulum</span> <span class='ocrx_word' id='word_1_62' title='bbox 329 646 419 670; x_wconf 85' lang='lat' dir='ltr'>cum</span> <span class='ocrx_word' id='word_1_63' title='bbox 449 635 587 671; x_wconf 89' lang='lat' dir='ltr'>ceteris</span> <span class='ocrx_word' id='word_1_64' title='bbox 620 646 720 686; x_wconf 87' lang='lat' dir='ltr'>quae</span> <span class='ocrx_word' id='word_1_65' title='bbox 749 632 802 670; x_wconf 87' lang='lat' dir='ltr'>ad</span> <span class='ocrx_word' id='word_1_66' title='bbox 833 632 1120 671; x_wconf 89' lang='lat' dir='ltr'>conficiendum</span> <span class='ocrx_word' id='word_1_67' title='bbox 1135 647 1287 672; x_wconf 81' lang='lat' dir='ltr'>llovuJu</span> <span class='ocrx_word' id='word_1_68' title='bbox 1304 633 1482 673; x_wconf 86' lang='lat' dir='ltr'>codicem</span> <span class='ocrx_word' id='word_1_69' title='bbox 1498 635 1552 673; x_wconf 87' lang='lat' dir='ltr'>li·-</span> 
     </span>
     <span class='ocr_line' id='line_1_9' title="bbox 86 700 1552 752; baseline 0.001 -12"><span class='ocrx_word' id='word_1_70' title='bbox 86 703 240 740; x_wconf 88' lang='lat' dir='ltr'>brarius</span> <span class='ocrx_word' id='word_1_71' title='bbox 264 708 512 751; x_wconf 86' lang='lat' dir='ltr'>congesserat</span> <span class='ocrx_word' id='word_1_72' title='bbox 531 700 824 752; x_wconf 78' lang='lat' dir='ltr'>redigerentur,</span> <span class='ocrx_word' id='word_1_73' title='bbox 857 708 924 738; x_wconf 90' lang='lat' dir='ltr'>aut</span> <span class='ocrx_word' id='word_1_74' title='bbox 942 715 966 739; x_wconf 90' lang='lat' dir='ltr'>a</span> <span class='ocrx_word' id='word_1_75' title='bbox 986 703 1186 752; x_wconf 87' lang='lat' dir='ltr'>superiore</span> <span class='ocrx_word' id='word_1_76' title='bbox 1209 709 1276 739; x_wconf 87' lang='lat' dir='ltr'>aut</span> <span class='ocrx_word' id='word_1_77' title='bbox 1297 703 1344 739; x_wconf 90' lang='lat' dir='ltr'>ab</span> <span class='ocrx_word' id='word_1_78' title='bbox 1363 704 1552 741; x_wconf 85' lang='lat' dir='ltr'>inferiore</span> 
     </span>
     <span class='ocr_line' id='line_1_10' title="bbox 87 769 1552 821; baseline -0.001 -12"><span class='ocrx_word' id='word_1_79' title='bbox 87 784 155 810; x_wconf 89' lang='lat' dir='ltr'>ora</span> <span class='ocrx_word' id='word_1_80' title='bbox 172 770 331 808; x_wconf 83' lang='lat' dir='ltr'>resectis</span> <span class='ocrx_word' id='word_1_81' title='bbox 354 782 445 806; x_wconf 87' lang='lat' dir='ltr'>cum</span> <span class='ocrx_word' id='word_1_82' title='bbox 465 770 644 820; x_wconf 83' lang='lat' dir='ltr'>margine</span> <span class='ocrx_word' id='word_1_83' title='bbox 665 770 816 821; x_wconf 87' lang='lat' dir='ltr'>aliquot</span> <span class='ocrx_word' id='word_1_84' title='bbox 838 771 1016 808; x_wconf 83' lang='lat' dir='ltr'>versibus</span> <span class='ocrx_word' id='word_1_85' title='bbox 1030 800 1039 817; x_wconf 98' lang='lat'>,</span> <span class='ocrx_word' id='word_1_86' title='bbox 1074 783 1244 821; x_wconf 89' lang='lat' dir='ltr'>quorum</span> <span class='ocrx_word' id='word_1_87' title='bbox 1265 783 1455 808; x_wconf 89' lang='lat' dir='ltr'>numerus</span> <span class='ocrx_word' id='word_1_88' title='bbox 1480 769 1552 808; x_wconf 92' lang='lat' dir='ltr'>de—</span> 
     </span>
     <span class='ocr_line' id='line_1_11' title="bbox 85 836 1552 890; baseline -0.001 -13"><span class='ocrx_word' id='word_1_89' title='bbox 85 839 288 877; x_wconf 82' lang='lat' dir='ltr'>terminari</span> <span class='ocrx_word' id='word_1_90' title='bbox 313 839 475 890; x_wconf 89' lang='lat' dir='ltr'>nequit,</span> <span class='ocrx_word' id='word_1_91' title='bbox 508 836 823 874; x_wconf 88' lang='lat' dir='ltr'>deminutionem</span> <span class='ocrx_word' id='word_1_92' title='bbox 851 851 968 889; x_wconf 85' lang='lat' dir='ltr'>passa</span> <span class='ocrx_word' id='word_1_93' title='bbox 995 844 1109 875; x_wconf 84' lang='lat' dir='ltr'>sunt:</span> <span class='ocrx_word' id='word_1_94' title='bbox 1150 836 1256 889; x_wconf 88' lang='lat' dir='ltr'>quod</span> <span class='ocrx_word' id='word_1_95' title='bbox 1289 837 1341 875; x_wconf 91' lang='lat' dir='ltr'>ad</span> <span class='ocrx_word' id='word_1_96' title='bbox 1369 837 1552 876; x_wconf 82' lang='lat' dir='ltr'>latitudi-</span> 
     </span>
     <span class='ocr_line' id='line_1_12' title="bbox 83 905 1551 956; baseline 0 -12"><span class='ocrx_word' id='word_1_97' title='bbox 83 920 179 944; x_wconf 90' lang='lat' dir='ltr'>nem</span> <span class='ocrx_word' id='word_1_98' title='bbox 205 907 367 955; x_wconf 84' lang='lat' dir='ltr'>attinet,</span> <span class='ocrx_word' id='word_1_99' title='bbox 399 907 442 942; x_wconf 92' lang='lat' dir='ltr'>in</span> <span class='ocrx_word' id='word_1_100' title='bbox 468 919 547 942; x_wconf 88' lang='lat' dir='ltr'>uno</span> <span class='ocrx_word' id='word_1_101' title='bbox 576 907 663 955; x_wconf 86' lang='lat' dir='ltr'>pari</span> <span class='ocrx_word' id='word_1_102' title='bbox 691 907 893 956; x_wconf 88' lang='lat' dir='ltr'>utriusque</span> <span class='ocrx_word' id='word_1_103' title='bbox 923 905 1012 942; x_wconf 89' lang='lat' dir='ltr'>folii</span> <span class='ocrx_word' id='word_1_104' title='bbox 1042 918 1110 942; x_wconf 87' lang='lat' dir='ltr'>ora</span> <span class='ocrx_word' id='word_1_105' title='bbox 1133 918 1224 942; x_wconf 91' lang='lat' dir='ltr'>cum</span> <span class='ocrx_word' id='word_1_106' title='bbox 1246 908 1435 944; x_wconf 85' lang='lat' dir='ltr'>extremis</span> <span class='ocrx_word' id='word_1_107' title='bbox 1459 920 1551 944; x_wconf 86' lang='lat' dir='ltr'>ver-</span> 
     </span>
     <span class='ocr_line' id='line_1_13' title="bbox 83 972 1551 1025; baseline -0.003 -11"><span class='ocrx_word' id='word_1_108' title='bbox 83 989 201 1014; x_wconf 88' lang='lat' dir='ltr'>suum</span> <span class='ocrx_word' id='word_1_109' title='bbox 229 975 371 1012; x_wconf 88' lang='lat' dir='ltr'>litteris</span> <span class='ocrx_word' id='word_1_110' title='bbox 404 973 576 1009; x_wconf 87' lang='lat' dir='ltr'>abscissa</span> <span class='ocrx_word' id='word_1_111' title='bbox 606 978 687 1019; x_wconf 71' lang='lat' dir='ltr'>est,</span> <span class='ocrx_word' id='word_1_112' title='bbox 727 973 770 1009; x_wconf 89' lang='lat' dir='ltr'>in</span> <span class='ocrx_word' id='word_1_113' title='bbox 797 973 960 1024; x_wconf 89' lang='lat' dir='ltr'>reliquis</span> <span class='ocrx_word' id='word_1_114' title='bbox 989 972 1136 1021; x_wconf 87' lang='lat' dir='ltr'>tribus,</span> <span class='ocrx_word' id='word_1_115' title='bbox 1165 979 1317 1010; x_wconf 85' lang='lat' dir='ltr'>mutata</span> <span class='ocrx_word' id='word_1_116' title='bbox 1346 972 1397 1010; x_wconf 89' lang='lat' dir='ltr'>ad</span> <span class='ocrx_word' id='word_1_117' title='bbox 1422 987 1551 1025; x_wconf 83' lang='lat' dir='ltr'>angu-</span> 
     </span>
     <span class='ocr_line' id='line_1_14' title="bbox 83 1038 1550 1091; baseline -0.002 -9"><span class='ocrx_word' id='word_1_118' title='bbox 83 1045 243 1082; x_wconf 82' lang='lat' dir='ltr'>stiorem</span> <span class='ocrx_word' id='word_1_119' title='bbox 266 1038 476 1078; x_wconf 89' lang='lat' dir='ltr'>moduhun</span> <span class='ocrx_word' id='word_1_120' title='bbox 504 1040 697 1091; x_wconf 87' lang='lat' dir='ltr'>plicatura</span> <span class='ocrx_word' id='word_1_121' title='bbox 713 1069 723 1087; x_wconf 98' lang='lat'>,</span> <span class='ocrx_word' id='word_1_122' title='bbox 755 1040 926 1076; x_wconf 83' lang='lat' dir='ltr'>altermn</span> <span class='ocrx_word' id='word_1_123' title='bbox 951 1041 1094 1078; x_wconf 72' lang='lat' dir='ltr'>folitun</span> <span class='ocrx_word' id='word_1_124' title='bbox 1118 1043 1322 1078; x_wconf 89' lang='lat' dir='ltr'>intonsum</span> <span class='ocrx_word' id='word_1_125' title='bbox 1346 1043 1550 1091; x_wconf 84' lang='lat' dir='ltr'>remansit,</span> 
     </span>
     <span class='ocr_line' id='line_1_15' title="bbox 80 1106 1550 1160; baseline 0 -13"><span class='ocrx_word' id='word_1_126' title='bbox 80 1111 240 1148; x_wconf 84' lang='lat' dir='ltr'>alterius</span> <span class='ocrx_word' id='word_1_127' title='bbox 269 1109 390 1160; x_wconf 87' lang='lat' dir='ltr'>paulo</span> <span class='ocrx_word' id='word_1_128' title='bbox 418 1107 508 1158; x_wconf 85' lang='lat' dir='ltr'>plus</span> <span class='ocrx_word' id='word_1_129' title='bbox 537 1106 755 1160; x_wconf 85' lang='lat' dir='ltr'>quadrante</span> <span class='ocrx_word' id='word_1_130' title='bbox 784 1115 981 1146; x_wconf 87' lang='lat' dir='ltr'>resectum</span> <span class='ocrx_word' id='word_1_131' title='bbox 1008 1109 1098 1145; x_wconf 89' lang='lat' dir='ltr'>fuit.</span> <span class='ocrx_word' id='word_1_132' title='bbox 1157 1109 1390 1146; x_wconf 87' lang='lat' dir='ltr'>membrana</span> <span class='ocrx_word' id='word_1_133' title='bbox 1416 1115 1550 1147; x_wconf 90' lang='lat' dir='ltr'>tener-</span> 
     </span>
     <span class='ocr_line' id='line_1_16' title="bbox 79 1176 1550 1228; baseline 0 -12"><span class='ocrx_word' id='word_1_134' title='bbox 79 1180 181 1216; x_wconf 85' lang='lat' dir='ltr'>rima</span> <span class='ocrx_word' id='word_1_135' title='bbox 209 1183 292 1215; x_wconf 89' lang='lat' dir='ltr'>est:</span> <span class='ocrx_word' id='word_1_136' title='bbox 330 1177 508 1224; x_wconf 84' lang='lat' dir='ltr'>litterae,</span> <span class='ocrx_word' id='word_1_137' title='bbox 540 1182 696 1227; x_wconf 85' lang='lat' dir='ltr'>praeter</span> <span class='ocrx_word' id='word_1_138' title='bbox 725 1176 1055 1227; x_wconf 87' lang='lat' dir='ltr'>subscriptionem</span> <span class='ocrx_word' id='word_1_139' title='bbox 1083 1178 1362 1228; x_wconf 84' lang='lat' dir='ltr'>praefationis,</span> <span class='ocrx_word' id='word_1_140' title='bbox 1394 1191 1447 1216; x_wconf 87' lang='lat' dir='ltr'>ex</span> <span class='ocrx_word' id='word_1_141' title='bbox 1481 1192 1550 1216; x_wconf 89' lang='lat' dir='ltr'>ea-</span> 
     </span>
     <span class='ocr_line' id='line_1_17' title="bbox 79 1245 1550 1299; baseline 0.001 -16"><span class='ocrx_word' id='word_1_142' title='bbox 79 1259 170 1283; x_wconf 85' lang='lat' dir='ltr'>rmn</span> <span class='ocrx_word' id='word_1_143' title='bbox 195 1258 338 1297; x_wconf 88' lang='lat' dir='ltr'>genere</span> <span class='ocrx_word' id='word_1_144' title='bbox 363 1251 454 1283; x_wconf 85' lang='lat' dir='ltr'>sunt</span> <span class='ocrx_word' id='word_1_145' title='bbox 480 1257 580 1297; x_wconf 91' lang='lat' dir='ltr'>quas</span> <span class='ocrx_word' id='word_1_146' title='bbox 607 1245 728 1295; x_wconf 80' lang='lat' dir='ltr'>vulgo</span> <span class='ocrx_word' id='word_1_147' title='bbox 755 1246 931 1282; x_wconf 80' lang='lat' dir='ltr'>unciales</span> <span class='ocrx_word' id='word_1_148' title='bbox 962 1252 1127 1294; x_wconf 83' lang='lat' dir='ltr'>vocant3</span> <span class='ocrx_word' id='word_1_149' title='bbox 1157 1246 1206 1283; x_wconf 92' lang='lat' dir='ltr'>iis</span> <span class='ocrx_word' id='word_1_150' title='bbox 1232 1247 1382 1284; x_wconf 84' lang='lat' dir='ltr'>similes</span> <span class='ocrx_word' id='word_1_151' title='bbox 1405 1247 1550 1299; x_wconf 88' lang='lat' dir='ltr'>quibus</span> 
     </span>
     <span class='ocr_line' id='line_1_18' title="bbox 80 1312 1550 1366; baseline 0.001 -15"><span class='ocrx_word' id='word_1_152' title='bbox 80 1315 170 1351; x_wconf 82' lang='lat' dir='ltr'>Gaii</span> <span class='ocrx_word' id='word_1_153' title='bbox 194 1314 461 1351; x_wconf 88' lang='lat' dir='ltr'>institutiones</span> <span class='ocrx_word' id='word_1_154' title='bbox 490 1314 658 1364; x_wconf 84' lang='lat' dir='ltr'>scriptae</span> <span class='ocrx_word' id='word_1_155' title='bbox 680 1319 794 1361; x_wconf 84' lang='lat' dir='ltr'>suut,</span> <span class='ocrx_word' id='word_1_156' title='bbox 825 1314 879 1350; x_wconf 86' lang='lat' dir='ltr'>ita</span> <span class='ocrx_word' id='word_1_157' title='bbox 905 1312 1070 1351; x_wconf 88' lang='lat' dir='ltr'>decorae</span> <span class='ocrx_word' id='word_1_158' title='bbox 1091 1320 1135 1351; x_wconf 92' lang='lat' dir='ltr'>ut</span> <span class='ocrx_word' id='word_1_159' title='bbox 1155 1312 1258 1359; x_wconf 88' lang='lat' dir='ltr'>nihil</span> <span class='ocrx_word' id='word_1_160' title='bbox 1277 1316 1403 1366; x_wconf 85' lang='lat' dir='ltr'>possit</span> <span class='ocrx_word' id='word_1_161' title='bbox 1421 1314 1550 1353; x_wconf 76' lang='lat' dir='ltr'>videri</span> 
     </span>
     <span class='ocr_line' id='line_1_19' title="bbox 78 1379 1548 1433; baseline 0.002 -14"><span class='ocrx_word' id='word_1_162' title='bbox 78 1382 313 1433; x_wconf 84' lang='lat' dir='ltr'>elegantius.</span> <span class='ocrx_word' id='word_1_163' title='bbox 370 1382 453 1418; x_wconf 89' lang='lat' dir='ltr'>iam</span> <span class='ocrx_word' id='word_1_164' title='bbox 469 1394 563 1419; x_wconf 85' lang='lat' dir='ltr'>vero</span> <span class='ocrx_word' id='word_1_165' title='bbox 577 1410 586 1428; x_wconf 91' lang='lat'>,</span> <span class='ocrx_word' id='word_1_166' title='bbox 616 1387 661 1417; x_wconf 88' lang='lat' dir='ltr'>ut</span> <span class='ocrx_word' id='word_1_167' title='bbox 683 1379 749 1418; x_wconf 89' lang='lat' dir='ltr'>hic</span> <span class='ocrx_word' id='word_1_168' title='bbox 769 1380 898 1419; x_wconf 85' lang='lat' dir='ltr'>codex</span> <span class='ocrx_word' id='word_1_169' title='bbox 914 1395 1013 1419; x_wconf 87' lang='lat' dir='ltr'>mox</span> <span class='ocrx_word' id='word_1_170' title='bbox 1034 1388 1124 1433; x_wconf 89' lang='lat' dir='ltr'>post</span> <span class='ocrx_word' id='word_1_171' title='bbox 1146 1381 1298 1420; x_wconf 90' lang='lat' dir='ltr'>editum</span> <span class='ocrx_word' id='word_1_172' title='bbox 1319 1384 1367 1421; x_wconf 88' lang='lat' dir='ltr'>ab</span> <span class='ocrx_word' id='word_1_173' title='bbox 1389 1391 1548 1422; x_wconf 89' lang='lat' dir='ltr'>auctore</span> 
     </span>
     <span class='ocr_line' id='line_1_20' title="bbox 75 1450 1461 1503; baseline 0 -15"><span class='ocrx_word' id='word_1_174' title='bbox 75 1452 362 1503; x_wconf 83' lang='lat' dir='ltr'>panegyricum</span> <span class='ocrx_word' id='word_1_175' title='bbox 381 1451 548 1501; x_wconf 89' lang='lat' dir='ltr'>scriptus</span> <span class='ocrx_word' id='word_1_176' title='bbox 569 1450 712 1497; x_wconf 86' lang='lat' dir='ltr'>fuerit,</span> <span class='ocrx_word' id='word_1_177' title='bbox 742 1456 878 1486; x_wconf 84' lang='lat' dir='ltr'>tamen</span> <span class='ocrx_word' id='word_1_178' title='bbox 900 1463 1004 1486; x_wconf 88' lang='lat' dir='ltr'>anno</span> <span class='ocrx_word' id='word_1_179' title='bbox 1026 1450 1108 1490; x_wconf 83' lang='lat'>446</span> <span class='ocrx_word' id='word_1_180' title='bbox 1131 1452 1324 1488; x_wconf 84' lang='lat' dir='ltr'>recentior</span> <span class='ocrx_word' id='word_1_181' title='bbox 1345 1452 1461 1490; x_wconf 88' lang='lat' dir='ltr'>foret.</span> 
     </span>
    </p>

    <p class='ocr_par' dir='ltr' id='par_1_3' title="bbox 69 1514 1650 2803">
     <span class='ocr_line' id='line_1_21' title="bbox 187 1514 1547 1570; baseline 0 -14"><span class='ocrx_word' id='word_1_182' title='bbox 187 1519 369 1556; x_wconf 81' lang='lat' dir='ltr'>Auctoris</span> <span class='ocrx_word' id='word_1_183' title='bbox 387 1530 557 1564; x_wconf 88' lang='lat' dir='ltr'>nomen,</span> <span class='ocrx_word' id='word_1_184' title='bbox 591 1518 625 1553; x_wconf 89' lang='lat' dir='ltr'>si</span> <span class='ocrx_word' id='word_1_185' title='bbox 648 1514 812 1567; x_wconf 90' lang='lat' dir='ltr'>quidem</span> <span class='ocrx_word' id='word_1_186' title='bbox 833 1516 948 1552; x_wconf 88' lang='lat' dir='ltr'>solito</span> <span class='ocrx_word' id='word_1_187' title='bbox 967 1529 1079 1553; x_wconf 90' lang='lat' dir='ltr'>more</span> <span class='ocrx_word' id='word_1_188' title='bbox 1097 1518 1139 1553; x_wconf 90' lang='lat' dir='ltr'>in</span> <span class='ocrx_word' id='word_1_189' title='bbox 1160 1518 1361 1567; x_wconf 85' lang='lat' dir='ltr'>superiore</span> <span class='ocrx_word' id='word_1_190' title='bbox 1378 1520 1547 1570; x_wconf 84' lang='lat' dir='ltr'>pagina-</span> 
     </span>
     <span class='ocr_line' id='line_1_22' title="bbox 75 1583 1548 1636; baseline -0.001 -11"><span class='ocrx_word' id='word_1_191' title='bbox 75 1600 166 1625; x_wconf 85' lang='lat' dir='ltr'>rmn</span> <span class='ocrx_word' id='word_1_192' title='bbox 183 1598 251 1623; x_wconf 88' lang='lat' dir='ltr'>ora</span> <span class='ocrx_word' id='word_1_193' title='bbox 265 1585 500 1635; x_wconf 86' lang='lat' dir='ltr'>inscriptum</span> <span class='ocrx_word' id='word_1_194' title='bbox 518 1583 712 1631; x_wconf 85' lang='lat' dir='ltr'>exstabat,</span> <span class='ocrx_word' id='word_1_195' title='bbox 745 1583 964 1621; x_wconf 86' lang='lat' dir='ltr'>abscissum</span> <span class='ocrx_word' id='word_1_196' title='bbox 982 1586 1113 1634; x_wconf 89' lang='lat' dir='ltr'>periit.</span> <span class='ocrx_word' id='word_1_197' title='bbox 1174 1586 1243 1636; x_wconf 92' lang='lat' dir='ltr'>qui</span> <span class='ocrx_word' id='word_1_198' title='bbox 1262 1586 1296 1621; x_wconf 88' lang='lat' dir='ltr'>si</span> <span class='ocrx_word' id='word_1_199' title='bbox 1314 1584 1366 1622; x_wconf 87' lang='lat' dir='ltr'>ad</span> <span class='ocrx_word' id='word_1_200' title='bbox 1384 1599 1548 1624; x_wconf 86' lang='lat' dir='ltr'>auream</span> 
     </span>
     <span class='ocr_line' id='line_1_23' title="bbox 76 1652 1546 1703; baseline -0.001 -11"><span class='ocrx_word' id='word_1_201' title='bbox 76 1660 246 1692; x_wconf 85' lang='lat' dir='ltr'>aetatem</span> <span class='ocrx_word' id='word_1_202' title='bbox 286 1653 523 1703; x_wconf 87' lang='lat' dir='ltr'>pertineret,</span> <span class='ocrx_word' id='word_1_203' title='bbox 569 1652 650 1689; x_wconf 79' lang='lat' dir='ltr'>levi</span> <span class='ocrx_word' id='word_1_204' title='bbox 683 1652 844 1702; x_wconf 87' lang='lat' dir='ltr'>negotio</span> <span class='ocrx_word' id='word_1_205' title='bbox 875 1657 914 1688; x_wconf 89' lang='lat' dir='ltr'>et</span> <span class='ocrx_word' id='word_1_206' title='bbox 945 1653 1111 1689; x_wconf 88' lang='lat' dir='ltr'>minime</span> <span class='ocrx_word' id='word_1_207' title='bbox 1147 1652 1357 1690; x_wconf 81' lang='lat' dir='ltr'>fallacibus</span> <span class='ocrx_word' id='word_1_208' title='bbox 1388 1653 1546 1692; x_wconf 89' lang='lat' dir='ltr'>indiciis</span> 
     </span>
     <span class='ocr_line' id='line_1_24' title="bbox 74 1720 1544 1775; baseline -0.001 -14"><span class='ocrx_word' id='word_1_209' title='bbox 74 1727 375 1775; x_wconf 81' lang='lat' dir='ltr'>agnosceretur:</span> <span class='ocrx_word' id='word_1_210' title='bbox 406 1720 448 1756; x_wconf 90' lang='lat' dir='ltr'>in</span> <span class='ocrx_word' id='word_1_211' title='bbox 470 1720 588 1756; x_wconf 86' lang='lat' dir='ltr'>ferrei</span> <span class='ocrx_word' id='word_1_212' title='bbox 607 1720 694 1756; x_wconf 87' lang='lat' dir='ltr'>aevi</span> <span class='ocrx_word' id='word_1_213' title='bbox 710 1721 860 1767; x_wconf 87' lang='lat' dir='ltr'>limine,</span> <span class='ocrx_word' id='word_1_214' title='bbox 883 1720 1206 1772; x_wconf 89' lang='lat' dir='ltr'>temporibusque</span> <span class='ocrx_word' id='word_1_215' title='bbox 1228 1734 1398 1773; x_wconf 89' lang='lat' dir='ltr'>quorum</span> <span class='ocrx_word' id='word_1_216' title='bbox 1414 1724 1544 1762; x_wconf 88' lang='lat' dir='ltr'>omnis</span> 
     </span>
     <span class='ocr_line' id='line_1_25' title="bbox 74 1785 1544 1838; baseline 0 -9"><span class='ocrx_word' id='word_1_217' title='bbox 74 1791 291 1829; x_wconf 79' lang='lat' dir='ltr'>accuratior</span> <span class='ocrx_word' id='word_1_218' title='bbox 306 1789 447 1827; x_wconf 86' lang='lat' dir='ltr'>notitia</span> <span class='ocrx_word' id='word_1_219' title='bbox 464 1787 665 1825; x_wconf 86' lang='lat' dir='ltr'>intercidit</span> <span class='ocrx_word' id='word_1_220' title='bbox 676 1818 685 1836; x_wconf 97' lang='lat'>,</span> <span class='ocrx_word' id='word_1_221' title='bbox 719 1785 822 1825; x_wconf 86' lang='lat' dir='ltr'>nihil</span> <span class='ocrx_word' id='word_1_222' title='bbox 841 1789 935 1825; x_wconf 88' lang='lat' dir='ltr'>certi</span> <span class='ocrx_word' id='word_1_223' title='bbox 951 1795 1123 1827; x_wconf 86' lang='lat' dir='ltr'>statuere</span> <span class='ocrx_word' id='word_1_224' title='bbox 1145 1790 1280 1827; x_wconf 89' lang='lat' dir='ltr'>liceret</span> <span class='ocrx_word' id='word_1_225' title='bbox 1292 1820 1302 1838; x_wconf 97' lang='lat'>,</span> <span class='ocrx_word' id='word_1_226' title='bbox 1332 1792 1411 1828; x_wconf 87' lang='lat' dir='ltr'>nisi</span> <span class='ocrx_word' id='word_1_227' title='bbox 1428 1792 1544 1830; x_wconf 90' lang='lat' dir='ltr'>unico</span> 
     </span>
     <span class='ocr_line' id='line_1_26' title="bbox 73 1857 1544 1911; baseline 0 -13"><span class='ocrx_word' id='word_1_228' title='bbox 73 1862 256 1898; x_wconf 86' lang='lat' dir='ltr'>fortunae</span> <span class='ocrx_word' id='word_1_229' title='bbox 286 1870 451 1895; x_wconf 83' lang='lat' dir='ltr'>munere</span> <span class='ocrx_word' id='word_1_230' title='bbox 480 1863 784 1895; x_wconf 90' lang='lat' dir='ltr'>monumentum</span> <span class='ocrx_word' id='word_1_231' title='bbox 810 1858 853 1894; x_wconf 91' lang='lat' dir='ltr'>in</span> <span class='ocrx_word' id='word_1_232' title='bbox 877 1858 1010 1895; x_wconf 89' lang='lat' dir='ltr'>lucem</span> <span class='ocrx_word' id='word_1_233' title='bbox 1033 1857 1230 1909; x_wconf 81' lang='lat' dir='ltr'>prodisset</span> <span class='ocrx_word' id='word_1_234' title='bbox 1252 1858 1360 1911; x_wconf 89' lang='lat' dir='ltr'>quod</span> <span class='ocrx_word' id='word_1_235' title='bbox 1381 1873 1544 1898; x_wconf 88' lang='lat' dir='ltr'>omnem</span> 
     </span>
     <span class='ocr_line' id='line_1_27' title="bbox 75 1925 1542 1978; baseline 0.001 -12"><span class='ocrx_word' id='word_1_236' title='bbox 75 1928 361 1966; x_wconf 88' lang='lat' dir='ltr'>dubitationem</span> <span class='ocrx_word' id='word_1_237' title='bbox 379 1926 520 1964; x_wconf 88' lang='lat' dir='ltr'>tollere</span> <span class='ocrx_word' id='word_1_238' title='bbox 542 1925 711 1964; x_wconf 82' lang='lat' dir='ltr'>videtur.</span> <span class='ocrx_word' id='word_1_239' title='bbox 758 1930 898 1977; x_wconf 70' lang='lat' dir='ltr'>poetas</span> <span class='ocrx_word' id='word_1_240' title='bbox 921 1928 990 1978; x_wconf 91' lang='lat' dir='ltr'>qui</span> <span class='ocrx_word' id='word_1_241' title='bbox 1011 1933 1101 1978; x_wconf 93' lang='lat' dir='ltr'>post</span> <span class='ocrx_word' id='word_1_242' title='bbox 1121 1925 1402 1977; x_wconf 88' lang='lat' dir='ltr'>Claudianum,</span> <span class='ocrx_word' id='word_1_243' title='bbox 1426 1930 1542 1968; x_wconf 63' lang='lat' dir='ltr'>Aetio</span> 
     </span>
     <span class='ocr_line' id='line_1_28' title="bbox 72 1994 1650 2050; baseline 0 -16"><span class='ocrx_word' id='word_1_244' title='bbox 72 2010 158 2036; x_wconf 85' lang='lat' dir='ltr'>rem</span> <span class='ocrx_word' id='word_1_245' title='bbox 186 1996 388 2048; x_wconf 88' lang='lat' dir='ltr'>publicam</span> <span class='ocrx_word' id='word_1_246' title='bbox 416 2001 597 2043; x_wconf 88' lang='lat' dir='ltr'>tenente,</span> <span class='ocrx_word' id='word_1_247' title='bbox 637 1996 679 2032; x_wconf 89' lang='lat' dir='ltr'>in</span> <span class='ocrx_word' id='word_1_248' title='bbox 715 1996 927 2046; x_wconf 86' lang='lat' dir='ltr'>praecipuo</span> <span class='ocrx_word' id='word_1_249' title='bbox 959 1994 1110 2034; x_wconf 89' lang='lat' dir='ltr'>honore</span> <span class='ocrx_word' id='word_1_250' title='bbox 1143 1996 1314 2044; x_wconf 87' lang='lat' dir='ltr'>fuerint,</span> <span class='ocrx_word' id='word_1_251' title='bbox 1354 1996 1542 2036; x_wconf 89' lang='lat' dir='ltr'>Sidonius</span> <span class='ocrx_word' id='word_1_252' title='bbox 1566 2015 1602 2050; x_wconf 84' lang='lat' dir='ltr'>p.</span> <span class='ocrx_word' id='word_1_253' title='bbox 1627 2002 1650 2037; x_wconf 56' lang='lat' dir='ltr'><strong>W</strong></span> 
     </span>
     <span class='ocr_line' id='line_1_29' title="bbox 74 2061 1541 2119; baseline -0.001 -16"><span class='ocrx_word' id='word_1_254' title='bbox 74 2064 153 2119; x_wconf 87' lang='lat' dir='ltr'>(ad</span> <span class='ocrx_word' id='word_1_255' title='bbox 171 2065 368 2113; x_wconf 88' lang='lat' dir='ltr'>Felicem,</span> <span class='ocrx_word' id='word_1_256' title='bbox 400 2066 426 2106; x_wconf 86' lang='lat'><strong>9</strong></span> <span class='ocrx_word' id='word_1_257' title='bbox 452 2066 534 2106; x_wconf 79' lang='lat'>278</span> <span class='ocrx_word' id='word_1_258' title='bbox 548 2087 599 2092; x_wconf 91' lang='lat'><strong>—</strong></span> <span class='ocrx_word' id='word_1_259' title='bbox 612 2061 721 2114; x_wconf 77' lang='lat'>302)</span> <span class='ocrx_word' id='word_1_260' title='bbox 752 2069 832 2100; x_wconf 87' lang='lat' dir='ltr'>tres</span> <span class='ocrx_word' id='word_1_261' title='bbox 850 2070 1078 2112; x_wconf 77' lang='lat' dir='ltr'>enumerat3</span> <span class='ocrx_word' id='word_1_262' title='bbox 1110 2078 1155 2101; x_wconf 89' lang='lat' dir='ltr'>ac</span> <span class='ocrx_word' id='word_1_263' title='bbox 1171 2065 1264 2101; x_wconf 91' lang='lat' dir='ltr'>licet</span> <span class='ocrx_word' id='word_1_264' title='bbox 1282 2065 1448 2101; x_wconf 89' lang='lat' dir='ltr'>minime</span> <span class='ocrx_word' id='word_1_265' title='bbox 1464 2062 1541 2101; x_wconf 90' lang='lat' dir='ltr'>du-</span> 
     </span>
     <span class='ocr_line' id='line_1_30' title="bbox 71 2131 1541 2184; baseline -0.002 -11"><span class='ocrx_word' id='word_1_266' title='bbox 71 2135 185 2173; x_wconf 90' lang='lat' dir='ltr'>bium</span> <span class='ocrx_word' id='word_1_267' title='bbox 206 2135 256 2171; x_wconf 89' lang='lat' dir='ltr'>sit</span> <span class='ocrx_word' id='word_1_268' title='bbox 273 2133 391 2184; x_wconf 89' lang='lat' dir='ltr'>longe</span> <span class='ocrx_word' id='word_1_269' title='bbox 410 2133 543 2184; x_wconf 87' lang='lat' dir='ltr'>plures</span> <span class='ocrx_word' id='word_1_270' title='bbox 562 2131 704 2170; x_wconf 88' lang='lat' dir='ltr'>eodem</span> <span class='ocrx_word' id='word_1_271' title='bbox 724 2145 821 2170; x_wconf 78' lang='lat' dir='ltr'>aevo</span> <span class='ocrx_word' id='word_1_272' title='bbox 841 2145 883 2170; x_wconf 92' lang='lat' dir='ltr'>se</span> <span class='ocrx_word' id='word_1_273' title='bbox 902 2134 1142 2170; x_wconf 83' lang='lat' dir='ltr'>carminibus</span> <span class='ocrx_word' id='word_1_274' title='bbox 1166 2132 1402 2181; x_wconf 87' lang='lat' dir='ltr'>delectasse,</span> <span class='ocrx_word' id='word_1_275' title='bbox 1432 2134 1541 2170; x_wconf 89' lang='lat' dir='ltr'>iniu-</span> 
     </span>
     <span class='ocr_line' id='line_1_31' title="bbox 72 2199 1541 2252; baseline -0.002 -11"><span class='ocrx_word' id='word_1_276' title='bbox 72 2204 175 2241; x_wconf 89' lang='lat' dir='ltr'>riam</span> <span class='ocrx_word' id='word_1_277' title='bbox 198 2208 334 2239; x_wconf 90' lang='lat' dir='ltr'>tamen</span> <span class='ocrx_word' id='word_1_278' title='bbox 362 2202 510 2240; x_wconf 88' lang='lat' dir='ltr'>faceret</span> <span class='ocrx_word' id='word_1_279' title='bbox 528 2204 705 2240; x_wconf 81' lang='lat' dir='ltr'>Arverno</span> <span class='ocrx_word' id='word_1_280' title='bbox 720 2232 730 2250; x_wconf 93' lang='lat'>,</span> <span class='ocrx_word' id='word_1_281' title='bbox 762 2199 914 2238; x_wconf 88' lang='lat' dir='ltr'>erudito</span> <span class='ocrx_word' id='word_1_282' title='bbox 940 2214 1034 2238; x_wconf 87' lang='lat' dir='ltr'>sane</span> <span class='ocrx_word' id='word_1_283' title='bbox 1059 2202 1142 2238; x_wconf 79' lang='lat' dir='ltr'>viro</span> <span class='ocrx_word' id='word_1_284' title='bbox 1157 2231 1166 2249; x_wconf 94' lang='lat'>,</span> <span class='ocrx_word' id='word_1_285' title='bbox 1198 2202 1232 2238; x_wconf 90' lang='lat' dir='ltr'>si</span> <span class='ocrx_word' id='word_1_286' title='bbox 1256 2201 1344 2252; x_wconf 89' lang='lat' dir='ltr'>quis</span> <span class='ocrx_word' id='word_1_287' title='bbox 1365 2199 1541 2238; x_wconf 87' lang='lat' dir='ltr'>crederet</span> 
     </span>
     <span class='ocr_line' id='line_1_32' title="bbox 73 2268 1540 2323; baseline -0.003 -14"><span class='ocrx_word' id='word_1_288' title='bbox 73 2269 270 2309; x_wconf 89' lang='lat' dir='ltr'>eiusmodi</span> <span class='ocrx_word' id='word_1_289' title='bbox 287 2274 471 2322; x_wconf 63' lang='lat' dir='ltr'>poemata</span> <span class='ocrx_word' id='word_1_290' title='bbox 484 2300 494 2319; x_wconf 97' lang='lat'>,</span> <span class='ocrx_word' id='word_1_291' title='bbox 525 2271 656 2323; x_wconf 90' lang='lat' dir='ltr'>qualia</span> <span class='ocrx_word' id='word_1_292' title='bbox 676 2277 767 2308; x_wconf 91' lang='lat' dir='ltr'>sunt</span> <span class='ocrx_word' id='word_1_293' title='bbox 787 2282 957 2321; x_wconf 73' lang='lat' dir='ltr'>quortun</span> <span class='ocrx_word' id='word_1_294' title='bbox 974 2270 1160 2321; x_wconf 83' lang='lat' dir='ltr'>reliquias</span> <span class='ocrx_word' id='word_1_295' title='bbox 1180 2268 1246 2306; x_wconf 87' lang='lat' dir='ltr'>hic</span> <span class='ocrx_word' id='word_1_296' title='bbox 1266 2269 1458 2319; x_wconf 85' lang='lat' dir='ltr'>legimus,</span> <span class='ocrx_word' id='word_1_297' title='bbox 1490 2268 1540 2305; x_wconf 89' lang='lat' dir='ltr'>ab</span> 
     </span>
     <span class='ocr_line' id='line_1_33' title="bbox 69 2336 1540 2391; baseline -0.003 -13"><span class='ocrx_word' id='word_1_298' title='bbox 69 2341 142 2379; x_wconf 90' lang='lat' dir='ltr'>illo</span> <span class='ocrx_word' id='word_1_299' title='bbox 170 2340 303 2377; x_wconf 86' lang='lat' dir='ltr'>nescio</span> <span class='ocrx_word' id='word_1_300' title='bbox 331 2339 474 2391; x_wconf 91' lang='lat' dir='ltr'>quibus</span> <span class='ocrx_word' id='word_1_301' title='bbox 501 2339 588 2376; x_wconf 90' lang='lat' dir='ltr'>aliis</span> <span class='ocrx_word' id='word_1_302' title='bbox 609 2336 834 2389; x_wconf 86' lang='lat' dir='ltr'>posthabita</span> <span class='ocrx_word' id='word_1_303' title='bbox 857 2350 956 2374; x_wconf 88' lang='lat' dir='ltr'>esse.</span> <span class='ocrx_word' id='word_1_304' title='bbox 1018 2336 1114 2374; x_wconf 81' lang='lat' dir='ltr'>(hun</span> <span class='ocrx_word' id='word_1_305' title='bbox 1138 2350 1230 2375; x_wconf 84' lang='lat' dir='ltr'>vero</span> <span class='ocrx_word' id='word_1_306' title='bbox 1247 2338 1351 2374; x_wconf 86' lang='lat' dir='ltr'>inter</span> <span class='ocrx_word' id='word_1_307' title='bbox 1369 2336 1443 2375; x_wconf 89' lang='lat' dir='ltr'>hos</span> <span class='ocrx_word' id='word_1_308' title='bbox 1464 2350 1540 2374; x_wconf 89' lang='lat' dir='ltr'>no-</span> 
     </span>
     <span class='ocr_line' id='line_1_34' title="bbox 70 2404 1538 2458; baseline -0.003 -13"><span class='ocrx_word' id='word_1_309' title='bbox 70 2414 244 2445; x_wconf 84' lang='lat' dir='ltr'>strorum</span> <span class='ocrx_word' id='word_1_310' title='bbox 269 2408 490 2445; x_wconf 85' lang='lat' dir='ltr'>carmimnn</span> <span class='ocrx_word' id='word_1_311' title='bbox 521 2414 721 2444; x_wconf 87' lang='lat' dir='ltr'>auctorem</span> <span class='ocrx_word' id='word_1_312' title='bbox 754 2408 980 2458; x_wconf 89' lang='lat' dir='ltr'>quaerimus</span> <span class='ocrx_word' id='word_1_313' title='bbox 995 2436 1004 2454; x_wconf 97' lang='lat'>,</span> <span class='ocrx_word' id='word_1_314' title='bbox 1036 2404 1311 2443; x_wconf 85' lang='lat' dir='ltr'>excludendus</span> <span class='ocrx_word' id='word_1_315' title='bbox 1334 2412 1392 2444; x_wconf 82' lang='lat' dir='ltr'>est</span> <span class='ocrx_word' id='word_1_316' title='bbox 1413 2406 1538 2443; x_wconf 83' lang='lat' dir='ltr'>Boni-</span> 
     </span>
     <span class='ocr_line' id='line_1_35' title="bbox 71 2474 1538 2527; baseline -0.003 -14"><span class='ocrx_word' id='word_1_317' title='bbox 71 2475 165 2514; x_wconf 83' lang='lat' dir='ltr'>facii</span> <span class='ocrx_word' id='word_1_318' title='bbox 184 2476 306 2513; x_wconf 87' lang='lat' dir='ltr'>cliens</span> <span class='ocrx_word' id='word_1_319' title='bbox 326 2476 574 2513; x_wconf 80' lang='lat' dir='ltr'>Gallicanus:</span> <span class='ocrx_word' id='word_1_320' title='bbox 604 2476 708 2512; x_wconf 90' lang='lat' dir='ltr'>inter</span> <span class='ocrx_word' id='word_1_321' title='bbox 730 2474 828 2512; x_wconf 90' lang='lat' dir='ltr'>duos</span> <span class='ocrx_word' id='word_1_322' title='bbox 848 2476 916 2527; x_wconf 88' lang='lat' dir='ltr'>qui</span> <span class='ocrx_word' id='word_1_323' title='bbox 932 2481 1100 2523; x_wconf 86' lang='lat' dir='ltr'>restant,</span> <span class='ocrx_word' id='word_1_324' title='bbox 1132 2476 1390 2522; x_wconf 82' lang='lat' dir='ltr'>Quintianum</span> <span class='ocrx_word' id='word_1_325' title='bbox 1407 2482 1446 2512; x_wconf 90' lang='lat' dir='ltr'>et</span> <span class='ocrx_word' id='word_1_326' title='bbox 1464 2475 1538 2510; x_wconf 92' lang='lat' dir='ltr'>Hi-</span> 
     </span>
     <span class='ocr_line' id='line_1_36' title="bbox 71 2542 1536 2596; baseline -0.001 -15"><span class='ocrx_word' id='word_1_327' title='bbox 71 2556 242 2595; x_wconf 88' lang='lat' dir='ltr'>spanum</span> <span class='ocrx_word' id='word_1_328' title='bbox 271 2543 388 2581; x_wconf 90' lang='lat' dir='ltr'>illum</span> <span class='ocrx_word' id='word_1_329' title='bbox 418 2557 540 2596; x_wconf 89' lang='lat' dir='ltr'>quem</span> <span class='ocrx_word' id='word_1_330' title='bbox 569 2542 805 2582; x_wconf 65' lang='lat' dir='ltr'>Sit-mondus</span> <span class='ocrx_word' id='word_1_331' title='bbox 829 2542 1114 2581; x_wconf 86' lang='lat' dir='ltr'>Merobaudem</span> <span class='ocrx_word' id='word_1_332' title='bbox 1135 2556 1220 2580; x_wconf 90' lang='lat' dir='ltr'>esse</span> <span class='ocrx_word' id='word_1_333' title='bbox 1243 2550 1355 2580; x_wconf 88' lang='lat' dir='ltr'>acute</span> <span class='ocrx_word' id='word_1_334' title='bbox 1375 2543 1536 2579; x_wconf 83' lang='lat' dir='ltr'>intelle-</span> 
     </span>
     <span class='ocr_line' id='line_1_37' title="bbox 71 2610 1536 2662; baseline -0.001 -14"><span class='ocrx_word' id='word_1_335' title='bbox 71 2613 152 2661; x_wconf 83' lang='lat' dir='ltr'>xit,</span> <span class='ocrx_word' id='word_1_336' title='bbox 201 2612 341 2649; x_wconf 87' lang='lat' dir='ltr'>incerti</span> <span class='ocrx_word' id='word_1_337' title='bbox 373 2611 683 2661; x_wconf 88' lang='lat' dir='ltr'>haesitaremus,</span> <span class='ocrx_word' id='word_1_338' title='bbox 728 2614 807 2650; x_wconf 88' lang='lat' dir='ltr'>nisi</span> <span class='ocrx_word' id='word_1_339' title='bbox 839 2610 949 2649; x_wconf 85' lang='lat' dir='ltr'>aliud</span> <span class='ocrx_word' id='word_1_340' title='bbox 983 2618 1263 2662; x_wconf 78' lang='lat' dir='ltr'>argumentlun</span> <span class='ocrx_word' id='word_1_341' title='bbox 1293 2611 1536 2648; x_wconf 80' lang='lat' dir='ltr'>accessisset.</span> 
     </span>
     <span class='ocr_line' id='line_1_38' title="bbox 73 2669 1535 2732; baseline -0.001 -17"><span class='ocrx_word' id='word_1_342' title='bbox 73 2691 168 2717; x_wconf 86' lang='lat' dir='ltr'>nam</span> <span class='ocrx_word' id='word_1_343' title='bbox 191 2681 260 2718; x_wconf 91' lang='lat' dir='ltr'>ille</span> <span class='ocrx_word' id='word_1_344' title='bbox 291 2680 456 2732; x_wconf 90' lang='lat' dir='ltr'>quidem</span> <span class='ocrx_word' id='word_1_345' title='bbox 485 2683 591 2720; x_wconf 80' lang='lat' dir='ltr'>A&#39;e&#39;tii</span> <span class='ocrx_word' id='word_1_346' title='bbox 620 2680 760 2719; x_wconf 90' lang='lat' dir='ltr'>laudes</span> <span class='ocrx_word' id='word_1_347' title='bbox 785 2669 994 2728; x_wconf 82' lang='lat' dir='ltr'>cecinisse,</span> <span class='ocrx_word' id='word_1_348' title='bbox 1025 2678 1092 2717; x_wconf 86' lang='lat' dir='ltr'>hic</span> <span class='ocrx_word' id='word_1_349' title='bbox 1115 2686 1265 2717; x_wconf 86' lang='lat' dir='ltr'>statuae</span> <span class='ocrx_word' id='word_1_350' title='bbox 1288 2678 1439 2716; x_wconf 88' lang='lat' dir='ltr'>honore</span> <span class='ocrx_word' id='word_1_351' title='bbox 1463 2691 1535 2714; x_wconf 90' lang='lat' dir='ltr'>au-</span> 
     </span>
     <span class='ocr_line' id='line_1_39' title="bbox 75 2748 1538 2803; baseline 0 -20"><span class='ocrx_word' id='word_1_352' title='bbox 75 2752 160 2785; x_wconf 88' lang='lat' dir='ltr'>ctus</span> <span class='ocrx_word' id='word_1_353' title='bbox 182 2759 266 2786; x_wconf 85' lang='lat' dir='ltr'>esse</span> <span class='ocrx_word' id='word_1_354' title='bbox 286 2748 453 2801; x_wconf 78' lang='lat' dir='ltr'>dicitur3</span> <span class='ocrx_word' id='word_1_355' title='bbox 483 2749 526 2788; x_wconf 90' lang='lat' dir='ltr'>id</span> <span class='ocrx_word' id='word_1_356' title='bbox 551 2749 660 2803; x_wconf 88' lang='lat' dir='ltr'>quod</span> <span class='ocrx_word' id='word_1_357' title='bbox 681 2757 892 2803; x_wconf 86' lang='lat' dir='ltr'>utrumque</span> <span class='ocrx_word' id='word_1_358' title='bbox 910 2750 951 2787; x_wconf 90' lang='lat' dir='ltr'>in</span> <span class='ocrx_word' id='word_1_359' title='bbox 970 2749 1202 2801; x_wconf 84' lang='lat' dir='ltr'>panegyrici</span> <span class='ocrx_word' id='word_1_360' title='bbox 1222 2754 1423 2800; x_wconf 82' lang='lat' dir='ltr'>auctorem</span> <span class='ocrx_word' id='word_1_361' title='bbox 1443 2759 1538 2784; x_wconf 90' lang='lat' dir='ltr'>con—</span> 
     </span>
    </p>
   </div>
  </div>
 </body>
</html>
