<?xml version="1.0" encoding="UTF-8"?>
<!DOCTYPE html PUBLIC "-//W3C//DTD XHTML 1.0 Transitional//EN"
    "http://www.w3.org/TR/xhtml1/DTD/xhtml1-transitional.dtd">
<html xmlns="http://www.w3.org/1999/xhtml" xml:lang="en" lang="en">
 <head>
  <title>
</title>
<meta http-equiv="Content-Type" content="text/html;charset=utf-8" />
  <meta name='ocr-system' content='tesseract 3.04.00' />
  <meta name='ocr-capabilities' content='ocr_page ocr_carea ocr_par ocr_line ocrx_word'/>
</head>
<body>
  <div class='ocr_page' id='page_1' title='image "./corpusscriptorum35niebuoft_0338.png"; bbox 0 0 1702 3060; ppageno 0'>
   <div class='ocr_carea' id='block_1_1' title="bbox 260 0 1691 156">
    <p class='ocr_par' dir='ltr' id='par_1_1' title="bbox 260 0 1691 169">
     <span class='ocr_line' id='line_1_1' title="bbox 260 0 1691 156; baseline -0.008 0"><span class='ocrx_word' id='word_1_1' title='bbox 260 110 356 156; x_wconf 77' lang='lat'><em>262</em></span> <span class='ocrx_word' id='word_1_2' title='bbox 522 103 526 106; x_wconf 51' lang='lat'>*</span> <span class='ocrx_word' id='word_1_3' title='bbox 750 107 1191 151; x_wconf 74' lang='lat' dir='ltr'><strong>MAzznccHELLn</strong></span> <span class='ocrx_word' id='word_1_4' title='bbox 1645 0 1691 149; x_wconf 53' lang='grc'><em>1</em></span> 
     </span>
    </p>
   </div>
   <div class='ocr_carea' id='block_1_2' title="bbox 256 147 1694 1806">
    <p class='ocr_par' dir='ltr' id='par_1_2' title="bbox 260 147 1692 377">
     <span class='ocr_line' id='line_1_2' title="bbox 261 147 1692 274; baseline 0.003 -23"><span class='ocrx_word' id='word_1_5' title='bbox 261 215 444 259; x_wconf 81' lang='lat'><strong>565—6:</strong></span> <span class='ocrx_word' id='word_1_6' title='bbox 473 228 586 266; x_wconf 87' lang='lat' dir='ltr'><em>quem</em></span> <span class='ocrx_word' id='word_1_7' title='bbox 612 213 800 252; x_wconf 80' lang='lat' dir='ltr'><em>Thracius</em></span> <span class='ocrx_word' id='word_1_8' title='bbox 826 214 928 252; x_wconf 83' lang='lat' dir='ltr'><em>albis</em></span> <span class='ocrx_word' id='word_1_9' title='bbox 947 221 1083 265; x_wconf 76' lang='lat' dir='ltr'><em>portat</em></span> <span class='ocrx_word' id='word_1_10' title='bbox 1111 228 1233 266; x_wconf 86' lang='lat' dir='ltr'><em>equus</em></span> <span class='ocrx_word' id='word_1_11' title='bbox 1252 214 1395 253; x_wconf 74' lang='lat' dir='ltr'><em>bicolor</em></span> <span class='ocrx_word' id='word_1_12' title='bbox 1412 216 1604 264; x_wconf 58' lang='lat' dir='ltr'><em>maculae,</em></span> <span class='ocrx_word' id='word_1_13' title='bbox 1641 147 1692 274; x_wconf 55' lang='grc' dir='ltr'><em>αέ1</em></span> 
     </span>
     <span class='ocr_line' id='line_1_3' title="bbox 256 269 1678 323; baseline 0.005 -19.02"><span class='ocrx_word' id='word_1_14' title='bbox 256 274 288 313; x_wconf 99' lang='lat'><strong>9</strong></span> <span class='ocrx_word' id='word_1_15' title='bbox 307 271 493 313; x_wconf 77' lang='lat'><strong>49—50·</strong></span> <span class='ocrx_word' id='word_1_16' title='bbox 523 270 688 306; x_wconf 85' lang='lat' dir='ltr'><em>maculis</em></span> <span class='ocrx_word' id='word_1_17' title='bbox 708 283 821 320; x_wconf 82' lang='lat' dir='ltr'><em>quem</em></span> <span class='ocrx_word' id='word_1_18' title='bbox 846 270 1037 307; x_wconf 79' lang='lat' dir='ltr'><em>Thracius</em></span> <span class='ocrx_word' id='word_1_19' title='bbox 1051 269 1154 307; x_wconf 76' lang='lat' dir='ltr'><em>albis</em></span> <span class='ocrx_word' id='word_1_20' title='bbox 1164 277 1302 320; x_wconf 70' lang='lat' dir='ltr'><em>portat</em></span> <span class='ocrx_word' id='word_1_21' title='bbox 1319 285 1451 323; x_wconf 81' lang='lat' dir='ltr'><em>equus.</em></span> <span class='ocrx_word' id='word_1_22' title='bbox 1655 282 1678 315; x_wconf 51' lang='lat' dir='ltr'><em>*t</em></span> 
     </span>
     <span class='ocr_line' id='line_1_4' title="bbox 371 323 1677 377; baseline 0.005 -16"><span class='ocrx_word' id='word_1_23' title='bbox 371 325 463 366; x_wconf 87' lang='grc'>524.</span> <span class='ocrx_word' id='word_1_24' title='bbox 522 326 629 375; x_wconf 86' lang='lat' dir='ltr'><strong>Virg.</strong></span> <span class='ocrx_word' id='word_1_25' title='bbox 655 323 760 362; x_wconf 86' lang='lat' dir='ltr'><em>Aen.</em></span> <span class='ocrx_word' id='word_1_26' title='bbox 789 329 814 366; x_wconf 91' lang='lat'><strong>6</strong></span> <span class='ocrx_word' id='word_1_27' title='bbox 835 328 936 368; x_wconf 80' lang='lat'><strong>122·</strong></span> <span class='ocrx_word' id='word_1_28' title='bbox 966 327 1072 377; x_wconf 81' lang='lat' dir='ltr'><em>itque</em></span> <span class='ocrx_word' id='word_1_29' title='bbox 1091 326 1264 376; x_wconf 86' lang='lat' dir='ltr'><em>reditque</em></span> <span class='ocrx_word' id='word_1_30' title='bbox 1282 327 1401 366; x_wconf 64' lang='lat' dir='ltr'><em>vimus.</em></span> <span class='ocrx_word' id='word_1_31' title='bbox 1645 350 1677 367; x_wconf 64' lang='grc' dir='ltr'>ι</span> 
     </span>
    </p>

    <p class='ocr_par' dir='ltr' id='par_1_3' title="bbox 258 354 1694 802">
     <span class='ocr_line' id='line_1_5' title="bbox 371 354 1637 431; baseline 0.002 -11"><span class='ocrx_word' id='word_1_32' title='bbox 371 379 466 420; x_wconf 82' lang='lat'><em>525</em></span> <span class='ocrx_word' id='word_1_33' title='bbox 525 390 587 416; x_wconf 88' lang='lat' dir='ltr'><em>ms</em></span> <span class='ocrx_word' id='word_1_34' title='bbox 590 354 845 418; x_wconf 53' lang='lat' dir='ltr'><em>‘’Frominietlz</em></span> <span class='ocrx_word' id='word_1_35' title='bbox 866 389 904 418; x_wconf 78' lang='lat' dir='ltr'><em>et</em></span> <span class='ocrx_word' id='word_1_36' title='bbox 923 383 965 418; x_wconf 87' lang='lat' dir='ltr'><em>in</em></span> <span class='ocrx_word' id='word_1_37' title='bbox 979 383 1154 431; x_wconf 79' lang='lat' dir='ltr'><em>margine</em></span> <span class='ocrx_word' id='word_1_38' title='bbox 1172 382 1408 420; x_wconf 64' lang='lat' dir='ltr'><em>ffiominich.</em></span> <span class='ocrx_word' id='word_1_39' title='bbox 1453 381 1553 421; x_wconf 78' lang='lat' dir='ltr'><em>mihi</em></span> <span class='ocrx_word' id='word_1_40' title='bbox 1570 382 1637 422; x_wconf 75' lang='lat' dir='ltr'><em>vid</em></span> 
     </span>
     <span class='ocr_line' id='line_1_6' title="bbox 262 432 1680 487; baseline 0.003 -15"><span class='ocrx_word' id='word_1_41' title='bbox 262 442 326 472; x_wconf 88' lang='lat' dir='ltr'><em>tur</em></span> <span class='ocrx_word' id='word_1_42' title='bbox 342 435 483 471; x_wconf 88' lang='lat' dir='ltr'><em>rectius</em></span> <span class='ocrx_word' id='word_1_43' title='bbox 500 432 576 471; x_wconf 83' lang='lat' dir='ltr'><em>hoc</em></span> <span class='ocrx_word' id='word_1_44' title='bbox 593 448 738 472; x_wconf 86' lang='lat' dir='ltr'><em>nomen</em></span> <span class='ocrx_word' id='word_1_45' title='bbox 753 436 1010 474; x_wconf 84' lang='lat' dir='ltr'><em>vandalicum</em></span> <span class='ocrx_word' id='word_1_46' title='bbox 1039 439 1225 487; x_wconf 81' lang='lat' dir='ltr'><em>scriptum</em></span> <span class='ocrx_word' id='word_1_47' title='bbox 1246 437 1368 475; x_wconf 77' lang='lat' dir='ltr'><em>fuisse</em></span> <span class='ocrx_word' id='word_1_48' title='bbox 1389 436 1414 479; x_wconf 85' lang='lat'><strong>5</strong></span> <span class='ocrx_word' id='word_1_49' title='bbox 1439 439 1519 479; x_wconf 69' lang='lat'><em>518</em></span> <span class='ocrx_word' id='word_1_50' title='bbox 1543 440 1680 483; x_wconf 50' lang='grc' dir='ltr'><strong><em>Ῑῆυηις</em></strong></span> 
     </span>
     <span class='ocr_line' id='line_1_7' title="bbox 261 488 1680 541; baseline 0.005 -16"><span class='ocrx_word' id='word_1_51' title='bbox 261 488 384 525; x_wconf 77' lang='lat' dir='ltr'><em>muth.</em></span> <span class='ocrx_word' id='word_1_52' title='bbox 445 491 590 526; x_wconf 82' lang='lat' dir='ltr'>etenim</span> <span class='ocrx_word' id='word_1_53' title='bbox 606 491 708 541; x_wconf 76' lang='lat' dir='ltr'><em>fron</em></span> <span class='ocrx_word' id='word_1_54' title='bbox 739 499 796 528; x_wconf 88' lang='lat' dir='ltr'><em>est</em></span> <span class='ocrx_word' id='word_1_55' title='bbox 821 491 930 530; x_wconf 85' lang='lat' dir='ltr'><em>idem</em></span> <span class='ocrx_word' id='word_1_56' title='bbox 960 505 1004 529; x_wconf 83' lang='lat' dir='ltr'><em>ac</em></span> <span class='ocrx_word' id='word_1_57' title='bbox 1031 506 1141 529; x_wconf 70' lang='lat' dir='ltr'><em>sacer</em></span> <span class='ocrx_word' id='word_1_58' title='bbox 1147 520 1164 537; x_wconf 79' lang='lat'><em>,</em></span> <span class='ocrx_word' id='word_1_59' title='bbox 1192 499 1350 530; x_wconf 84' lang='lat' dir='ltr'><em>sanctus</em></span> <span class='ocrx_word' id='word_1_60' title='bbox 1362 519 1379 538; x_wconf 86' lang='lat'><em>,</em></span> <span class='ocrx_word' id='word_1_61' title='bbox 1416 494 1459 530; x_wconf 84' lang='grc'><em>111</em></span> <span class='ocrx_word' id='word_1_62' title='bbox 1485 494 1680 536; x_wconf 73' lang='lat' dir='ltr'><em>Glossann</em></span> 
     </span>
     <span class='ocr_line' id='line_1_8' title="bbox 260 542 1578 599; baseline 0.003 -18"><span class='ocrx_word' id='word_1_63' title='bbox 260 542 445 581; x_wconf 80' lang='lat' dir='ltr'>schilteri</span> <span class='ocrx_word' id='word_1_64' title='bbox 468 546 511 581; x_wconf 88' lang='grc'><em>111</em></span> <span class='ocrx_word' id='word_1_65' title='bbox 539 552 568 581; x_wconf 91' lang='lat' dir='ltr'><strong>t.</strong></span> <span class='ocrx_word' id='word_1_66' title='bbox 592 548 618 587; x_wconf 87' lang='lat'><strong>3</strong></span> <span class='ocrx_word' id='word_1_67' title='bbox 644 545 819 584; x_wconf 79' lang='lat' dir='ltr'><em>eiusdem</em></span> <span class='ocrx_word' id='word_1_68' title='bbox 847 548 1037 585; x_wconf 77' lang='lat' dir='ltr'><em>Thesauri</em></span> <span class='ocrx_word' id='word_1_69' title='bbox 1054 547 1195 598; x_wconf 81' lang='lat' dir='ltr'><em>Antiq.</em></span> <span class='ocrx_word' id='word_1_70' title='bbox 1229 548 1386 585; x_wconf 75' lang='lat' dir='ltr'><em>Teuton.</em></span> <span class='ocrx_word' id='word_1_71' title='bbox 1409 561 1449 599; x_wconf 85' lang='lat' dir='ltr'><strong>p.</strong></span> <span class='ocrx_word' id='word_1_72' title='bbox 1473 551 1578 598; x_wconf 79' lang='lat'><em>3313</em></span> 
     </span>
     <span class='ocr_line' id='line_1_9' title="bbox 264 599 1683 655; baseline 0.005 -20"><span class='ocrx_word' id='word_1_73' title='bbox 264 600 383 636; x_wconf 84' lang='lat' dir='ltr'><em>etiam</em></span> <span class='ocrx_word' id='word_1_74' title='bbox 397 599 582 650; x_wconf 78' lang='lat' dir='ltr'><em>pulcher,</em></span> <span class='ocrx_word' id='word_1_75' title='bbox 611 609 812 647; x_wconf 71' lang='lat' dir='ltr'><em>venustus,</em></span> <span class='ocrx_word' id='word_1_76' title='bbox 838 603 1070 648; x_wconf 82' lang='lat' dir='ltr'><em>dominicus,</em></span> <span class='ocrx_word' id='word_1_77' title='bbox 1090 603 1271 648; x_wconf 81' lang='lat' dir='ltr'><em>illustris,</em></span> <span class='ocrx_word' id='word_1_78' title='bbox 1287 604 1541 654; x_wconf 70' lang='lat' dir='ltr'><em>magnific-us,</em></span> <span class='ocrx_word' id='word_1_79' title='bbox 1562 619 1619 655; x_wconf 80' lang='lat' dir='ltr'><em>pr</em></span> <span class='ocrx_word' id='word_1_80' title='bbox 1669 615 1683 651; x_wconf 60' lang='lat' dir='ltr'><em>J</em></span> 
     </span>
     <span class='ocr_line' id='line_1_10' title="bbox 261 656 1684 701; baseline 0.005 -11"><span class='ocrx_word' id='word_1_81' title='bbox 261 660 397 700; x_wconf 79' lang='lat' dir='ltr'><em>stans,</em></span> <span class='ocrx_word' id='word_1_82' title='bbox 434 656 624 701; x_wconf 82' lang='lat' dir='ltr'><em>eximius,</em></span> <span class='ocrx_word' id='word_1_83' title='bbox 662 658 705 694; x_wconf 86' lang='lat' dir='ltr'><em>in</em></span> <span class='ocrx_word' id='word_1_84' title='bbox 737 658 934 696; x_wconf 86' lang='lat' dir='ltr'><em>Glossario</em></span> <span class='ocrx_word' id='word_1_85' title='bbox 957 659 1188 696; x_wconf 76' lang='lat' dir='ltr'><em>Germanico</em></span> <span class='ocrx_word' id='word_1_86' title='bbox 1211 657 1417 696; x_wconf 74' lang='lat' dir='ltr'><em>Wachteni</em></span> <span class='ocrx_word' id='word_1_87' title='bbox 1446 660 1519 697; x_wconf 83' lang='grc'>001.</span> <span class='ocrx_word' id='word_1_88' title='bbox 1545 660 1625 701; x_wconf 80' lang='grc'><em>496</em></span> <span class='ocrx_word' id='word_1_89' title='bbox 1646 659 1684 701; x_wconf 65' lang='lat' dir='ltr'><em>e&#39;t</em></span> 
     </span>
     <span class='ocr_line' id='line_1_11' title="bbox 262 709 1694 797; baseline 0.006 -52"><span class='ocrx_word' id='word_1_90' title='bbox 262 721 370 759; x_wconf 91' lang='lat' dir='ltr'><em>seq.,</em></span> <span class='ocrx_word' id='word_1_91' title='bbox 411 709 516 760; x_wconf 84' lang='lat' dir='ltr'><em>apud</em></span> <span class='ocrx_word' id='word_1_92' title='bbox 545 723 664 762; x_wconf 87' lang='lat' dir='ltr'><em>quem</em></span> <span class='ocrx_word' id='word_1_93' title='bbox 685 713 886 755; x_wconf 78' lang='lat' dir='ltr'><em>col-1107</em></span> <span class='ocrx_word' id='word_1_94' title='bbox 909 715 1005 751; x_wconf 83' lang='lat' dir='ltr'><em>Mut</em></span> <span class='ocrx_word' id='word_1_95' title='bbox 1022 721 1080 752; x_wconf 85' lang='lat' dir='ltr'><em>est</em></span> <span class='ocrx_word' id='word_1_96' title='bbox 1097 727 1233 759; x_wconf 18' lang='lat' dir='ltr'><em>»mens</em></span> <span class='ocrx_word' id='word_1_97' title='bbox 1268 715 1428 761; x_wconf 79' lang='lat' dir='ltr'><em>anima,</em></span> <span class='ocrx_word' id='word_1_98' title='bbox 1463 716 1623 797; x_wconf 66' lang='lat' dir='ltr'><em>spu-itm</em></span> <span class='ocrx_word' id='word_1_99' title='bbox 1644 721 1694 754; x_wconf 64' lang='lat' dir='ltr'><em>et*</em></span> 
     </span>
     <span class='ocr_line' id='line_1_12' title="bbox 258 765 428 802; baseline 0.013 -2"><span class='ocrx_word' id='word_1_100' title='bbox 258 765 428 802; x_wconf 82' lang='lat' dir='ltr'><em>animus.</em></span> 
     </span>
    </p>

    <p class='ocr_par' dir='ltr' id='par_1_4' title="bbox 260 818 1687 980">
     <span class='ocr_line' id='line_1_13' title="bbox 370 818 1687 878; baseline 0.006 -23"><span class='ocrx_word' id='word_1_101' title='bbox 370 821 464 861; x_wconf 86' lang='grc'>526.</span> <span class='ocrx_word' id='word_1_102' title='bbox 523 818 645 857; x_wconf 85' lang='lat' dir='ltr'><em>habes</em></span> <span class='ocrx_word' id='word_1_103' title='bbox 659 818 724 857; x_wconf 86' lang='grc'>1110</span> <span class='ocrx_word' id='word_1_104' title='bbox 742 821 908 859; x_wconf 84' lang='lat' dir='ltr'>alterum</span> <span class='ocrx_word' id='word_1_105' title='bbox 927 824 1155 873; x_wconf 82' lang='lat' dir='ltr'><em>exemplum</em></span> <span class='ocrx_word' id='word_1_106' title='bbox 1171 824 1365 874; x_wconf 78' lang='lat' dir='ltr'><em>participii</em></span> <span class='ocrx_word' id='word_1_107' title='bbox 1382 825 1550 871; x_wconf 73' lang='lat' dir='ltr'><em>socians,</em></span> <span class='ocrx_word' id='word_1_108' title='bbox 1582 824 1687 878; x_wconf 66' lang='lat' dir='ltr'><em>quod</em></span> 
     </span>
     <span class='ocr_line' id='line_1_14' title="bbox 260 872 1686 930; baseline 0.008 -20"><span class='ocrx_word' id='word_1_109' title='bbox 260 872 403 911; x_wconf 78' lang='lat' dir='ltr'><em>addere</em></span> <span class='ocrx_word' id='word_1_110' title='bbox 419 876 563 925; x_wconf 83' lang='lat' dir='ltr'><em>poteris</em></span> <span class='ocrx_word' id='word_1_111' title='bbox 581 875 700 912; x_wconf 79' lang='lat' dir='ltr'><em>lexico</em></span> <span class='ocrx_word' id='word_1_112' title='bbox 717 876 971 916; x_wconf 77' lang='lat' dir='ltr'><strong>Forceffiano.</strong></span> <span class='ocrx_word' id='word_1_113' title='bbox 1003 880 1110 928; x_wconf 85' lang='lat' dir='ltr'><strong>Virg.</strong></span> <span class='ocrx_word' id='word_1_114' title='bbox 1133 878 1241 915; x_wconf 86' lang='lat' dir='ltr'><em>Aen</em></span> <span class='ocrx_word' id='word_1_115' title='bbox 1263 881 1288 918; x_wconf 88' lang='lat'><strong>9</strong></span> <span class='ocrx_word' id='word_1_116' title='bbox 1306 878 1384 919; x_wconf 82' lang='lat'><em>25:</em></span> <span class='ocrx_word' id='word_1_117' title='bbox 1414 882 1562 930; x_wconf 72' lang='lat' dir='ltr'><em>campis</em></span> <span class='ocrx_word' id='word_1_118' title='bbox 1581 895 1686 919; x_wconf 84' lang='lat' dir='ltr'><em>exer-</em></span> 
     </span>
     <span class='ocr_line' id='line_1_15' title="bbox 260 930 1672 980; baseline 0.005 -15"><span class='ocrx_word' id='word_1_119' title='bbox 260 931 359 966; x_wconf 80' lang='lat' dir='ltr'><em>citus</em></span> <span class='ocrx_word' id='word_1_120' title='bbox 375 930 457 966; x_wconf 81' lang='lat' dir='ltr'><em>ibat</em></span> <span class='ocrx_word' id='word_1_121' title='bbox 473 932 628 980; x_wconf 80' lang='lat' dir='ltr'><em>apertis.</em></span> <span class='ocrx_word' id='word_1_122' title='bbox 1670 951 1672 954; x_wconf 61' lang='lat'><strong><em>¹</em></strong></span> 
     </span>
    </p>

    <p class='ocr_par' dir='ltr' id='par_1_5' title="bbox 262 983 1687 1146">
     <span class='ocr_line' id='line_1_16' title="bbox 370 983 1687 1040; baseline 0.002 -12"><span class='ocrx_word' id='word_1_123' title='bbox 370 983 466 1028; x_wconf 82' lang='grc'><em>532</em></span> <span class='ocrx_word' id='word_1_124' title='bbox 525 986 784 1036; x_wconf 77' lang='lat' dir='ltr'><em>Marcentius]</em></span> <span class='ocrx_word' id='word_1_125' title='bbox 814 985 880 1023; x_wconf 82' lang='lat' dir='ltr'><em>hic</em></span> <span class='ocrx_word' id='word_1_126' title='bbox 898 993 956 1024; x_wconf 86' lang='lat' dir='ltr'><em>est</em></span> <span class='ocrx_word' id='word_1_127' title='bbox 974 987 1136 1024; x_wconf 85' lang='lat' dir='ltr'><em>fortasse</em></span> <span class='ocrx_word' id='word_1_128' title='bbox 1158 988 1227 1024; x_wconf 78' lang='lat' dir='ltr'><em>ifle</em></span> <span class='ocrx_word' id='word_1_129' title='bbox 1247 1000 1366 1040; x_wconf 84' lang='lat' dir='ltr'><em>quem</em></span> <span class='ocrx_word' id='word_1_130' title='bbox 1382 998 1572 1028; x_wconf 81' lang='lat' dir='ltr'><em>memorat</em></span> <span class='ocrx_word' id='word_1_131' title='bbox 1588 993 1687 1030; x_wconf 81' lang='lat' dir='ltr'><em>Pro-</em></span> 
     </span>
     <span class='ocr_line' id='line_1_17' title="bbox 262 1039 1687 1092; baseline 0.006 -16"><span class='ocrx_word' id='word_1_132' title='bbox 262 1040 395 1089; x_wconf 87' lang='lat' dir='ltr'><em>copius</em></span> <span class='ocrx_word' id='word_1_133' title='bbox 414 1041 462 1077; x_wconf 82' lang='lat' dir='ltr'><em>de</em></span> <span class='ocrx_word' id='word_1_134' title='bbox 482 1039 581 1077; x_wconf 86' lang='lat' dir='ltr'><em>bello</em></span> <span class='ocrx_word' id='word_1_135' title='bbox 609 1041 654 1078; x_wconf 88' lang='lat' dir='ltr'><em>V</em></span> <span class='ocrx_word' id='word_1_136' title='bbox 645 1040 739 1077; x_wconf 88' lang='lat' dir='ltr'><em>and</em></span> <span class='ocrx_word' id='word_1_137' title='bbox 763 1044 790 1081; x_wconf 97' lang='grc'>2</span> <span class='ocrx_word' id='word_1_138' title='bbox 809 1045 862 1083; x_wconf 88' lang='grc'>27</span> <span class='ocrx_word' id='word_1_139' title='bbox 888 1048 931 1078; x_wconf 90' lang='lat' dir='ltr'><em>ut</em></span> <span class='ocrx_word' id='word_1_140' title='bbox 950 1043 1144 1092; x_wconf 85' lang='lat' dir='ltr'><em>Byzaceni</em></span> <span class='ocrx_word' id='word_1_141' title='bbox 1161 1044 1351 1092; x_wconf 80' lang='lat' dir='ltr'><em>praesidii</em></span> <span class='ocrx_word' id='word_1_142' title='bbox 1371 1044 1535 1092; x_wconf 80' lang='lat' dir='ltr'><em>ducem,</em></span> <span class='ocrx_word' id='word_1_143' title='bbox 1575 1053 1614 1085; x_wconf 84' lang='lat' dir='ltr'><em>et</em></span> <span class='ocrx_word' id='word_1_144' title='bbox 1639 1047 1687 1085; x_wconf 76' lang='lat' dir='ltr'><em>de</em></span> 
     </span>
     <span class='ocr_line' id='line_1_18' title="bbox 262 1093 1305 1146; baseline 0.003 -15"><span class='ocrx_word' id='word_1_145' title='bbox 262 1093 360 1132; x_wconf 81' lang='lat' dir='ltr'><em>bello</em></span> <span class='ocrx_word' id='word_1_146' title='bbox 387 1095 504 1133; x_wconf 75' lang='lat' dir='ltr'><em>Goth.</em></span> <span class='ocrx_word' id='word_1_147' title='bbox 526 1099 552 1135; x_wconf 83' lang='lat'><strong>2</strong></span> <span class='ocrx_word' id='word_1_148' title='bbox 574 1096 599 1137; x_wconf 88' lang='grc'><em>5</em></span> <span class='ocrx_word' id='word_1_149' title='bbox 616 1097 786 1132; x_wconf 82' lang='lat' dir='ltr'><em>numeris</em></span> <span class='ocrx_word' id='word_1_150' title='bbox 802 1103 942 1146; x_wconf 76' lang='lat' dir='ltr'><em>equestt</em></span> <span class='ocrx_word' id='word_1_151' title='bbox 944 1096 1037 1132; x_wconf 84' lang='lat' dir='ltr'><em>ibus</em></span> <span class='ocrx_word' id='word_1_152' title='bbox 1052 1098 1305 1145; x_wconf 83' lang='lat' dir='ltr'>praefectum</span> 
     </span>
    </p>

    <p class='ocr_par' dir='ltr' id='par_1_6' title="bbox 370 1150 1427 1200">
     <span class='ocr_line' id='line_1_19' title="bbox 370 1150 1427 1200; baseline 0.006 -16"><span class='ocrx_word' id='word_1_153' title='bbox 370 1150 465 1192; x_wconf 83' lang='grc'>534.</span> <span class='ocrx_word' id='word_1_154' title='bbox 525 1151 631 1199; x_wconf 79' lang='lat' dir='ltr'><strong>Virg.</strong></span> <span class='ocrx_word' id='word_1_155' title='bbox 654 1150 760 1186; x_wconf 87' lang='lat' dir='ltr'><em>Aen.</em></span> <span class='ocrx_word' id='word_1_156' title='bbox 783 1150 811 1191; x_wconf 85' lang='grc'>4</span> <span class='ocrx_word' id='word_1_157' title='bbox 831 1150 929 1190; x_wconf 79' lang='lat'><strong>148:</strong></span> <span class='ocrx_word' id='word_1_158' title='bbox 945 1151 1095 1200; x_wconf 82' lang='lat' dir='ltr'><em>fronde</em></span> <span class='ocrx_word' id='word_1_159' title='bbox 1110 1153 1253 1200; x_wconf 80' lang='lat' dir='ltr'><em>premit</em></span> <span class='ocrx_word' id='word_1_160' title='bbox 1272 1154 1427 1190; x_wconf 77' lang='lat' dir='ltr'><em>crimen.</em></span> 
     </span>
    </p>

    <p class='ocr_par' dir='ltr' id='par_1_7' title="bbox 370 1205 1367 1256">
     <span class='ocr_line' id='line_1_20' title="bbox 370 1205 1367 1256; baseline -0.002 -10"><span class='ocrx_word' id='word_1_161' title='bbox 370 1206 463 1246; x_wconf 88' lang='grc'><strong>538.</strong></span> <span class='ocrx_word' id='word_1_162' title='bbox 521 1217 733 1254; x_wconf 70' lang='lat' dir='ltr'><em>atcumque</em></span> <span class='ocrx_word' id='word_1_163' title='bbox 750 1211 950 1241; x_wconf 78' lang='lat' dir='ltr'><em>sonantem</em></span> <span class='ocrx_word' id='word_1_164' title='bbox 968 1207 1076 1256; x_wconf 85' lang='lat' dir='ltr'><strong>Virg.</strong></span> <span class='ocrx_word' id='word_1_165' title='bbox 1097 1205 1203 1244; x_wconf 87' lang='lat' dir='ltr'><em>Aen.</em></span> <span class='ocrx_word' id='word_1_166' title='bbox 1229 1206 1255 1249; x_wconf 90' lang='lat'><em>5</em></span> <span class='ocrx_word' id='word_1_167' title='bbox 1273 1207 1367 1248; x_wconf 82' lang='grc'>521.</span> 
     </span>
    </p>

    <p class='ocr_par' dir='ltr' id='par_1_8' title="bbox 257 1258 1689 1631">
     <span class='ocr_line' id='line_1_21' title="bbox 370 1258 1688 1315; baseline 0.003 -16"><span class='ocrx_word' id='word_1_168' title='bbox 370 1258 465 1299; x_wconf 74' lang='lat'><strong>542.</strong></span> <span class='ocrx_word' id='word_1_169' title='bbox 533 1258 670 1295; x_wconf 76' lang='lat' dir='ltr'><em>Ulitan</em></span> <span class='ocrx_word' id='word_1_170' title='bbox 694 1260 737 1295; x_wconf 88' lang='grc'><em>111</em></span> <span class='ocrx_word' id='word_1_171' title='bbox 759 1266 892 1306; x_wconf 77' lang='lat' dir='ltr'>textu,</span> <span class='ocrx_word' id='word_1_172' title='bbox 932 1267 971 1297; x_wconf 89' lang='lat' dir='ltr'><em>et</em></span> <span class='ocrx_word' id='word_1_173' title='bbox 988 1262 1030 1296; x_wconf 87' lang='grc'><em>111</em></span> <span class='ocrx_word' id='word_1_174' title='bbox 1048 1263 1224 1311; x_wconf 71' lang='lat' dir='ltr'><em>margine</em></span> <span class='ocrx_word' id='word_1_175' title='bbox 1248 1263 1440 1308; x_wconf 70' lang='lat' dir='ltr'><em>Utilitan,</em></span> <span class='ocrx_word' id='word_1_176' title='bbox 1479 1263 1587 1315; x_wconf 83' lang='lat' dir='ltr'><em>quod</em></span> <span class='ocrx_word' id='word_1_177' title='bbox 1607 1276 1688 1304; x_wconf 74' lang='lat' dir='ltr'><em>non</em></span> 
     </span>
     <span class='ocr_line' id='line_1_22' title="bbox 259 1289 1690 1364; baseline 0.005 -14"><span class='ocrx_word' id='word_1_178' title='bbox 259 1313 364 1364; x_wconf 82' lang='lat' dir='ltr'><strong>capit</strong></span> <span class='ocrx_word' id='word_1_179' title='bbox 394 1326 577 1351; x_wconf 85' lang='lat' dir='ltr'><em>mensura</em></span> <span class='ocrx_word' id='word_1_180' title='bbox 603 1326 752 1351; x_wconf 87' lang='lat' dir='ltr'><em>versus.</em></span> <span class='ocrx_word' id='word_1_181' title='bbox 810 1314 972 1352; x_wconf 82' lang='lat' dir='ltr'><em>fortasse</em></span> <span class='ocrx_word' id='word_1_182' title='bbox 997 1289 1157 1352; x_wconf 53' lang='grc' dir='ltr'><strong><em>Πίἰιαηδ</em></strong></span> <span class='ocrx_word' id='word_1_183' title='bbox 1159 1324 1218 1354; x_wconf 83' lang='lat' dir='ltr'><em>est</em></span> <span class='ocrx_word' id='word_1_184' title='bbox 1241 1317 1350 1354; x_wconf 84' lang='lat' dir='ltr'><em>idem</em></span> <span class='ocrx_word' id='word_1_185' title='bbox 1380 1330 1524 1355; x_wconf 74' lang='lat' dir='ltr'><em>nomen</em></span> <span class='ocrx_word' id='word_1_186' title='bbox 1544 1319 1690 1358; x_wconf 77' lang='lat' dir='ltr'>Gothi-</span> 
     </span>
     <span class='ocr_line' id='line_1_23' title="bbox 261 1366 1688 1424; baseline 0.005 -18"><span class='ocrx_word' id='word_1_187' title='bbox 261 1382 370 1416; x_wconf 87' lang='lat' dir='ltr'><em>cum,</em></span> <span class='ocrx_word' id='word_1_188' title='bbox 402 1382 453 1405; x_wconf 85' lang='lat' dir='ltr'><em>ex</em></span> <span class='ocrx_word' id='word_1_189' title='bbox 476 1382 551 1419; x_wconf 92' lang='lat' dir='ltr'><em>quo</em></span> <span class='ocrx_word' id='word_1_190' title='bbox 570 1369 664 1405; x_wconf 84' lang='lat' dir='ltr'>fecit</span> <span class='ocrx_word' id='word_1_191' title='bbox 682 1370 891 1418; x_wconf 86' lang='lat' dir='ltr'>Procopius</span> <span class='ocrx_word' id='word_1_192' title='bbox 915 1366 1109 1416; x_wconf 81' lang='grc' dir='ltr'><em>Ουλίθεος</em></span> <span class='ocrx_word' id='word_1_193' title='bbox 1127 1371 1362 1424; x_wconf 75' lang='lat' dir='ltr'><em>(Ulitheus).</em></span> <span class='ocrx_word' id='word_1_194' title='bbox 1395 1373 1464 1409; x_wconf 75' lang='lat' dir='ltr'><em>ille</em></span> <span class='ocrx_word' id='word_1_195' title='bbox 1476 1376 1586 1412; x_wconf 79' lang='lat' dir='ltr'><em>enim</em></span> <span class='ocrx_word' id='word_1_196' title='bbox 1600 1389 1688 1413; x_wconf 82' lang='lat' dir='ltr'><em>me·-</em></span> 
     </span>
     <span class='ocr_line' id='line_1_24' title="bbox 257 1424 1688 1476; baseline 0.006 -17"><span class='ocrx_word' id='word_1_197' title='bbox 257 1425 371 1460; x_wconf 87' lang='lat' dir='ltr'><em>minit</em></span> <span class='ocrx_word' id='word_1_198' title='bbox 396 1424 542 1460; x_wconf 76' lang='lat' dir='ltr'><em>Ulitlzei</em></span> <span class='ocrx_word' id='word_1_199' title='bbox 561 1425 688 1473; x_wconf 86' lang='lat' dir='ltr'><strong>patrui</strong></span> <span class='ocrx_word' id='word_1_200' title='bbox 707 1425 847 1473; x_wconf 79' lang='lat' dir='ltr'><em>vitigis</em></span> <span class='ocrx_word' id='word_1_201' title='bbox 870 1424 917 1461; x_wconf 81' lang='lat' dir='ltr'><em>de</em></span> <span class='ocrx_word' id='word_1_202' title='bbox 938 1424 1035 1462; x_wconf 81' lang='lat' dir='ltr'><em>bello</em></span> <span class='ocrx_word' id='word_1_203' title='bbox 1060 1426 1178 1463; x_wconf 72' lang='lat' dir='ltr'><strong>Goth.</strong></span> <span class='ocrx_word' id='word_1_204' title='bbox 1201 1431 1228 1468; x_wconf 88' lang='grc'>2</span> <span class='ocrx_word' id='word_1_205' title='bbox 1254 1429 1328 1476; x_wconf 82' lang='grc'><em>10,</em></span> <span class='ocrx_word' id='word_1_206' title='bbox 1358 1434 1398 1465; x_wconf 85' lang='lat' dir='ltr'><em>et</em></span> <span class='ocrx_word' id='word_1_207' title='bbox 1417 1429 1574 1467; x_wconf 81' lang='lat' dir='ltr'><em>alterius</em></span> <span class='ocrx_word' id='word_1_208' title='bbox 1600 1431 1688 1468; x_wconf 83' lang='lat' dir='ltr'><em>Uli—</em></span> 
     </span>
     <span class='ocr_line' id='line_1_25' title="bbox 260 1477 1689 1535; baseline 0.007 -21"><span class='ocrx_word' id='word_1_209' title='bbox 260 1479 338 1515; x_wconf 73' lang='lat' dir='ltr'><em>thei</em></span> <span class='ocrx_word' id='word_1_210' title='bbox 356 1477 588 1516; x_wconf 80' lang='lat' dir='ltr'><em>Gontharidj</em></span> <span class='ocrx_word' id='word_1_211' title='bbox 606 1485 772 1529; x_wconf 82' lang='lat' dir='ltr'><strong>tyranno</strong></span> <span class='ocrx_word' id='word_1_212' title='bbox 793 1478 972 1517; x_wconf 80' lang='lat' dir='ltr'><em>fidissimi</em></span> <span class='ocrx_word' id='word_1_213' title='bbox 990 1481 1037 1517; x_wconf 79' lang='lat' dir='ltr'><em>de</em></span> <span class='ocrx_word' id='word_1_214' title='bbox 1055 1480 1154 1518; x_wconf 87' lang='lat' dir='ltr'><em>bello</em></span> <span class='ocrx_word' id='word_1_215' title='bbox 1179 1482 1308 1519; x_wconf 81' lang='lat' dir='ltr'><em>Vand.</em></span> <span class='ocrx_word' id='word_1_216' title='bbox 1333 1486 1360 1525; x_wconf 83' lang='grc'>2</span> <span class='ocrx_word' id='word_1_217' title='bbox 1377 1482 1451 1531; x_wconf 76' lang='grc'>25,</span> <span class='ocrx_word' id='word_1_218' title='bbox 1496 1486 1564 1535; x_wconf 81' lang='lat' dir='ltr'><em>qui</em></span> <span class='ocrx_word' id='word_1_219' title='bbox 1580 1487 1689 1525; x_wconf 63' lang='lat' dir='ltr'>illius</span> 
     </span>
     <span class='ocr_line' id='line_1_26' title="bbox 258 1532 1688 1588; baseline 0.006 -17"><span class='ocrx_word' id='word_1_220' title='bbox 258 1536 367 1571; x_wconf 86' lang='lat' dir='ltr'><em>iussu</em></span> <span class='ocrx_word' id='word_1_221' title='bbox 385 1532 655 1572; x_wconf 78' lang='lat' dir='ltr'><em>Areobindum</em></span> <span class='ocrx_word' id='word_1_222' title='bbox 675 1533 816 1572; x_wconf 64' lang='lat' dir='ltr'><em>occidit</em></span> <span class='ocrx_word' id='word_1_223' title='bbox 837 1547 869 1572; x_wconf 86' lang='lat' dir='ltr'><strong>c.</strong></span> <span class='ocrx_word' id='word_1_224' title='bbox 892 1538 966 1584; x_wconf 85' lang='lat'><strong>26,</strong></span> <span class='ocrx_word' id='word_1_225' title='bbox 1010 1543 1048 1573; x_wconf 87' lang='lat' dir='ltr'><em>et</em></span> <span class='ocrx_word' id='word_1_226' title='bbox 1069 1549 1159 1573; x_wconf 87' lang='lat' dir='ltr'><em>cum</em></span> <span class='ocrx_word' id='word_1_227' title='bbox 1177 1538 1264 1588; x_wconf 84' lang='lat' dir='ltr'><em>ipso</em></span> <span class='ocrx_word' id='word_1_228' title='bbox 1281 1536 1523 1576; x_wconf 65' lang='lat' dir='ltr'><em>Gontharide</em></span> <span class='ocrx_word' id='word_1_229' title='bbox 1541 1543 1688 1580; x_wconf 72' lang='lat' dir='ltr'><em>occisus</em></span> 
     </span>
     <span class='ocr_line' id='line_1_27' title="bbox 258 1590 478 1631; baseline 0 -5"><span class='ocrx_word' id='word_1_230' title='bbox 258 1590 334 1627; x_wconf 86' lang='lat' dir='ltr'><em>suit</em></span> <span class='ocrx_word' id='word_1_231' title='bbox 356 1603 390 1626; x_wconf 90' lang='lat' dir='ltr'><strong>c.</strong></span> <span class='ocrx_word' id='word_1_232' title='bbox 412 1593 478 1631; x_wconf 85' lang='lat'><strong>28.</strong></span> 
     </span>
    </p>

    <p class='ocr_par' dir='ltr' id='par_1_9' title="bbox 257 1645 1683 1742">
     <span class='ocr_line' id='line_1_28' title="bbox 370 1645 1683 1697; baseline 0.005 -16"><span class='ocrx_word' id='word_1_233' title='bbox 370 1645 465 1687; x_wconf 83' lang='lat'><strong>545.</strong></span> <span class='ocrx_word' id='word_1_234' title='bbox 524 1647 566 1682; x_wconf 88' lang='lat' dir='ltr'><em>in</em></span> <span class='ocrx_word' id='word_1_235' title='bbox 590 1650 705 1682; x_wconf 66' lang='lat' dir='ltr'><em>textu</em></span> <span class='ocrx_word' id='word_1_236' title='bbox 732 1651 790 1682; x_wconf 85' lang='lat' dir='ltr'><em>est</em></span> <span class='ocrx_word' id='word_1_237' title='bbox 822 1645 1036 1693; x_wconf 69' lang='lat' dir='ltr'><em>fise-laius,</em></span> <span class='ocrx_word' id='word_1_238' title='bbox 1079 1653 1117 1684; x_wconf 90' lang='lat' dir='ltr'><em>et</em></span> <span class='ocrx_word' id='word_1_239' title='bbox 1133 1647 1176 1684; x_wconf 89' lang='grc'><em>111</em></span> <span class='ocrx_word' id='word_1_240' title='bbox 1195 1648 1371 1697; x_wconf 67' lang='grc'>1111113100</span> <span class='ocrx_word' id='word_1_241' title='bbox 1390 1647 1584 1696; x_wconf 65' lang='lat' dir='ltr'><em>[fisoaias.</em></span> <span class='ocrx_word' id='word_1_242' title='bbox 1643 1665 1683 1690; x_wconf 74' lang='lat' dir='ltr'><strong>v.</strong></span> 
     </span>
     <span class='ocr_line' id='line_1_29' title="bbox 257 1699 559 1742; baseline 0.017 -7"><span class='ocrx_word' id='word_1_243' title='bbox 257 1699 358 1736; x_wconf 84' lang='lat' dir='ltr'><strong>iufra</strong></span> <span class='ocrx_word' id='word_1_244' title='bbox 375 1713 413 1737; x_wconf 83' lang='lat' dir='ltr'><strong>v.</strong></span> <span class='ocrx_word' id='word_1_245' title='bbox 440 1699 559 1742; x_wconf 85' lang='lat'><strong>1104.</strong></span> 
     </span>
    </p>

    <p class='ocr_par' dir='ltr' id='par_1_10' title="bbox 368 1753 1450 1806">
     <span class='ocr_line' id='line_1_30' title="bbox 368 1753 1450 1806; baseline -0.003 -10"><span class='ocrx_word' id='word_1_246' title='bbox 368 1753 461 1796; x_wconf 83' lang='lat'><strong>547.</strong></span> <span class='ocrx_word' id='word_1_247' title='bbox 521 1755 656 1792; x_wconf 69' lang='lat' dir='ltr'><em>vivida</em></span> <span class='ocrx_word' id='word_1_248' title='bbox 675 1756 799 1792; x_wconf 67' lang='lat' dir='ltr'><em>virtus</em></span> <span class='ocrx_word' id='word_1_249' title='bbox 818 1757 923 1806; x_wconf 86' lang='lat' dir='ltr'><strong>Virg.</strong></span> <span class='ocrx_word' id='word_1_250' title='bbox 951 1755 1057 1793; x_wconf 88' lang='lat' dir='ltr'><em>Aen.</em></span> <span class='ocrx_word' id='word_1_251' title='bbox 1079 1756 1104 1797; x_wconf 88' lang='lat'><strong><em>5</em></strong></span> <span class='ocrx_word' id='word_1_252' title='bbox 1124 1755 1205 1799; x_wconf 79' lang='grc'><em>754</em></span> <span class='ocrx_word' id='word_1_253' title='bbox 1225 1762 1264 1794; x_wconf 82' lang='lat' dir='ltr'><em>et</em></span> <span class='ocrx_word' id='word_1_254' title='bbox 1286 1759 1337 1801; x_wconf 88' lang='lat'><em>11</em></span> <span class='ocrx_word' id='word_1_255' title='bbox 1355 1759 1450 1799; x_wconf 84' lang='lat'><strong>386.</strong></span> 
     </span>
    </p>
   </div>
   <div class='ocr_carea' id='block_1_3' title="bbox 259 1809 1689 1914">
    <p class='ocr_par' dir='ltr' id='par_1_11' title="bbox 259 1809 1689 1914">
     <span class='ocr_line' id='line_1_31' title="bbox 368 1809 1689 1861; baseline 0.006 -15"><span class='ocrx_word' id='word_1_256' title='bbox 368 1809 462 1850; x_wconf 86' lang='lat'><strong>550.</strong></span> <span class='ocrx_word' id='word_1_257' title='bbox 515 1811 817 1859; x_wconf 72' lang='lat' dir='ltr'><em>praesumptior.</em></span> <span class='ocrx_word' id='word_1_258' title='bbox 889 1818 982 1847; x_wconf 82' lang='lat' dir='ltr'><em>nota</em></span> <span class='ocrx_word' id='word_1_259' title='bbox 1017 1814 1342 1861; x_wconf 81' lang='lat' dir='ltr'><em>comparativum,</em></span> <span class='ocrx_word' id='word_1_260' title='bbox 1396 1814 1505 1852; x_wconf 67' lang='lat' dir='ltr'><em>cuim</em></span> <span class='ocrx_word' id='word_1_261' title='bbox 1533 1814 1689 1854; x_wconf 64' lang='lat' dir='ltr'><em>nullum</em></span> 
     </span>
     <span class='ocr_line' id='line_1_32' title="bbox 259 1862 1178 1914; baseline 0 -12"><span class='ocrx_word' id='word_1_262' title='bbox 259 1862 388 1902; x_wconf 80' lang='lat' dir='ltr'><strong>adhuc</strong></span> <span class='ocrx_word' id='word_1_263' title='bbox 407 1872 535 1903; x_wconf 86' lang='lat' dir='ltr'><em>exstat</em></span> <span class='ocrx_word' id='word_1_264' title='bbox 555 1865 782 1914; x_wconf 85' lang='lat' dir='ltr'><em>exemplum</em></span> <span class='ocrx_word' id='word_1_265' title='bbox 795 1866 838 1901; x_wconf 92' lang='lat' dir='ltr'><em>in</em></span> <span class='ocrx_word' id='word_1_266' title='bbox 856 1866 995 1902; x_wconf 82' lang='lat' dir='ltr'><strong>lexicis</strong></span> <span class='ocrx_word' id='word_1_267' title='bbox 1014 1868 1178 1904; x_wconf 83' lang='lat' dir='ltr'><em>Latinis.</em></span> 
     </span>
    </p>
   </div>
   <div class='ocr_carea' id='block_1_4' title="bbox 260 1920 1701 2305">
    <p class='ocr_par' dir='ltr' id='par_1_12' title="bbox 367 1920 1369 1971">
     <span class='ocr_line' id='line_1_33' title="bbox 367 1920 1369 1971; baseline 0.001 -14"><span class='ocrx_word' id='word_1_268' title='bbox 367 1920 462 1962; x_wconf 89' lang='lat'><strong>551.</strong></span> <span class='ocrx_word' id='word_1_269' title='bbox 523 1934 592 1957; x_wconf 84' lang='lat' dir='ltr'><em>nec</em></span> <span class='ocrx_word' id='word_1_270' title='bbox 606 1921 778 1970; x_wconf 79' lang='lat' dir='ltr'><em>genitore</em></span> <span class='ocrx_word' id='word_1_271' title='bbox 800 1921 927 1957; x_wconf 82' lang='lat' dir='ltr'><em>minor</em></span> <span class='ocrx_word' id='word_1_272' title='bbox 944 1922 1051 1971; x_wconf 85' lang='lat' dir='ltr'><strong>Virg.</strong></span> <span class='ocrx_word' id='word_1_273' title='bbox 1071 1921 1178 1958; x_wconf 83' lang='lat' dir='ltr'><em>Aen.</em></span> <span class='ocrx_word' id='word_1_274' title='bbox 1205 1923 1258 1961; x_wconf 91' lang='lat'><em>10</em></span> <span class='ocrx_word' id='word_1_275' title='bbox 1276 1923 1369 1962; x_wconf 81' lang='grc'>129.</span> 
     </span>
    </p>

    <p class='ocr_par' dir='ltr' id='par_1_13' title="bbox 260 1974 1689 2194">
     <span class='ocr_line' id='line_1_34' title="bbox 369 1974 1689 2028; baseline 0.004 -15"><span class='ocrx_word' id='word_1_276' title='bbox 369 1974 463 2016; x_wconf 84' lang='grc'>552.</span> <span class='ocrx_word' id='word_1_277' title='bbox 524 1989 591 2013; x_wconf 87' lang='lat' dir='ltr'><em>cur</em></span> <span class='ocrx_word' id='word_1_278' title='bbox 609 1982 759 2012; x_wconf 84' lang='lat' dir='ltr'><em>teneras</em></span> <span class='ocrx_word' id='word_1_279' title='bbox 782 1982 895 2013; x_wconf 85' lang='lat' dir='ltr'><em>vocet</em></span> <span class='ocrx_word' id='word_1_280' title='bbox 919 1983 1051 2013; x_wconf 83' lang='lat' dir='ltr'>auctor</span> <span class='ocrx_word' id='word_1_281' title='bbox 1069 1978 1235 2027; x_wconf 77' lang='lat' dir='ltr'><em>sagittas</em></span> <span class='ocrx_word' id='word_1_282' title='bbox 1254 1977 1495 2023; x_wconf 76' lang='lat' dir='ltr'><em>Persarum,</em></span> <span class='ocrx_word' id='word_1_283' title='bbox 1530 1990 1689 2028; x_wconf 71' lang='lat' dir='ltr'><em>promus</em></span> 
     </span>
     <span class='ocr_line' id='line_1_35' title="bbox 260 2029 1701 2084; baseline 0.004 -17"><span class='ocrx_word' id='word_1_284' title='bbox 260 2031 417 2080; x_wconf 80' lang='grc' dir='ltr'>131101·ος</span> <span class='ocrx_word' id='word_1_285' title='bbox 449 2030 554 2068; x_wconf 86' lang='lat' dir='ltr'><em>unde</em></span> <span class='ocrx_word' id='word_1_286' title='bbox 570 2033 744 2081; x_wconf 83' lang='lat' dir='ltr'><em>suspicor</em></span> <span class='ocrx_word' id='word_1_287' title='bbox 758 2030 894 2069; x_wconf 85' lang='lat' dir='ltr'><em>adesse</em></span> <span class='ocrx_word' id='word_1_288' title='bbox 910 2031 1099 2068; x_wconf 85' lang='lat' dir='ltr'><em>mendum</em></span> <span class='ocrx_word' id='word_1_289' title='bbox 1117 2039 1155 2069; x_wconf 84' lang='lat' dir='ltr'><em>et</em></span> <span class='ocrx_word' id='word_1_290' title='bbox 1168 2045 1237 2082; x_wconf 87' lang='lat' dir='ltr'><em>pro</em></span> <span class='ocrx_word' id='word_1_291' title='bbox 1254 2039 1403 2068; x_wconf 76' lang='lat' dir='ltr'><em>teneras</em></span> <span class='ocrx_word' id='word_1_292' title='bbox 1416 2029 1701 2084; x_wconf 77' lang='lat' dir='ltr'><em>corrigendum‘</em></span> 
     </span>
     <span class='ocr_line' id='line_1_36' title="bbox 261 2085 1689 2139; baseline 0.004 -17"><span class='ocrx_word' id='word_1_293' title='bbox 261 2099 344 2123; x_wconf 89' lang='lat' dir='ltr'><em>esse</em></span> <span class='ocrx_word' id='word_1_294' title='bbox 366 2085 517 2124; x_wconf 81' lang='lat' dir='ltr'><em>celeres.</em></span> <span class='ocrx_word' id='word_1_295' title='bbox 576 2087 684 2136; x_wconf 84' lang='lat' dir='ltr'><strong>Virg.</strong></span> <span class='ocrx_word' id='word_1_296' title='bbox 719 2086 861 2137; x_wconf 83' lang='lat' dir='ltr'><em>Georg.</em></span> <span class='ocrx_word' id='word_1_297' title='bbox 891 2086 917 2127; x_wconf 84' lang='lat'>4</span> <span class='ocrx_word' id='word_1_298' title='bbox 946 2090 1048 2128; x_wconf 81' lang='lat'>313:</span> <span class='ocrx_word' id='word_1_299' title='bbox 1092 2101 1160 2124; x_wconf 83' lang='lat' dir='ltr'><em>ner</em></span> <span class='ocrx_word' id='word_1_300' title='bbox 1163 2101 1207 2125; x_wconf 84' lang='grc' dir='ltr'><em>νο</em></span> <span class='ocrx_word' id='word_1_301' title='bbox 1232 2087 1417 2136; x_wconf 77' lang='lat' dir='ltr'><em>pulsante</em></span> <span class='ocrx_word' id='word_1_302' title='bbox 1436 2091 1611 2139; x_wconf 77' lang='lat' dir='ltr'><em>sagitta,</em></span> <span class='ocrx_word' id='word_1_303' title='bbox 1647 2097 1689 2129; x_wconf 84' lang='lat' dir='ltr'><em>et</em></span> 
     </span>
     <span class='ocr_line' id='line_1_37' title="bbox 260 2140 1325 2194; baseline 0.004 -18"><span class='ocrx_word' id='word_1_304' title='bbox 260 2140 365 2177; x_wconf 85' lang='lat' dir='ltr'><em>Aen.</em></span> <span class='ocrx_word' id='word_1_305' title='bbox 392 2144 445 2182; x_wconf 85' lang='grc'><em>12</em></span> <span class='ocrx_word' id='word_1_306' title='bbox 465 2141 570 2183; x_wconf 87' lang='lat'><strong>856:</strong></span> <span class='ocrx_word' id='word_1_307' title='bbox 599 2155 714 2179; x_wconf 72' lang='lat' dir='ltr'><em>nervo</em></span> <span class='ocrx_word' id='word_1_308' title='bbox 727 2155 799 2192; x_wconf 81' lang='lat' dir='ltr'><em>per</em></span> <span class='ocrx_word' id='word_1_309' title='bbox 818 2141 959 2179; x_wconf 86' lang='lat' dir='ltr'><em>nubem</em></span> <span class='ocrx_word' id='word_1_310' title='bbox 976 2143 1148 2192; x_wconf 80' lang='lat' dir='ltr'><em>impulsa</em></span> <span class='ocrx_word' id='word_1_311' title='bbox 1165 2143 1325 2194; x_wconf 76' lang='lat' dir='ltr'><em>sagitta</em></span> 
     </span>
    </p>

    <p class='ocr_par' dir='ltr' id='par_1_14' title="bbox 370 2195 1218 2248">
     <span class='ocr_line' id='line_1_38' title="bbox 370 2195 1218 2248; baseline -0.002 -12"><span class='ocrx_word' id='word_1_312' title='bbox 370 2195 464 2236; x_wconf 87' lang='lat'><strong>556.</strong></span> <span class='ocrx_word' id='word_1_313' title='bbox 524 2204 654 2234; x_wconf 69' lang='lat' dir='ltr'><em>vectus</em></span> <span class='ocrx_word' id='word_1_314' title='bbox 680 2210 775 2247; x_wconf 86' lang='lat' dir='ltr'><em>equo</em></span> <span class='ocrx_word' id='word_1_315' title='bbox 793 2199 902 2248; x_wconf 85' lang='lat' dir='ltr'><strong>Virg.</strong></span> <span class='ocrx_word' id='word_1_316' title='bbox 923 2197 1029 2234; x_wconf 86' lang='lat' dir='ltr'><em>Aen.</em></span> <span class='ocrx_word' id='word_1_317' title='bbox 1055 2201 1106 2239; x_wconf 86' lang='grc'><em>12</em></span> <span class='ocrx_word' id='word_1_318' title='bbox 1124 2199 1218 2240; x_wconf 77' lang='lat'><strong>651.</strong></span> 
     </span>
    </p>

    <p class='ocr_par' dir='ltr' id='par_1_15' title="bbox 370 2250 1687 2305">
     <span class='ocr_line' id='line_1_39' title="bbox 370 2250 1687 2305; baseline 0 -13"><span class='ocrx_word' id='word_1_319' title='bbox 370 2250 464 2292; x_wconf 85' lang='lat'><strong>561.</strong></span> <span class='ocrx_word' id='word_1_320' title='bbox 526 2253 633 2303; x_wconf 88' lang='lat' dir='ltr'><strong>Virg.</strong></span> <span class='ocrx_word' id='word_1_321' title='bbox 656 2252 763 2290; x_wconf 84' lang='lat' dir='ltr'><em>Aen.</em></span> <span class='ocrx_word' id='word_1_322' title='bbox 789 2255 815 2294; x_wconf 82' lang='lat'><strong>3</strong></span> <span class='ocrx_word' id='word_1_323' title='bbox 835 2252 941 2296; x_wconf 82' lang='lat'><strong>468:</strong></span> <span class='ocrx_word' id='word_1_324' title='bbox 972 2260 1007 2290; x_wconf 83' lang='lat' dir='ltr'><em>et</em></span> <span class='ocrx_word' id='word_1_325' title='bbox 1024 2267 1163 2290; x_wconf 85' lang='lat' dir='ltr'><em>conum</em></span> <span class='ocrx_word' id='word_1_326' title='bbox 1183 2254 1350 2305; x_wconf 71' lang='lat' dir='ltr'><em>insignis</em></span> <span class='ocrx_word' id='word_1_327' title='bbox 1366 2253 1508 2305; x_wconf 80' lang='lat' dir='ltr'><em>galeae</em></span> <span class='ocrx_word' id='word_1_328' title='bbox 1528 2255 1687 2292; x_wconf 78' lang='lat' dir='ltr'><em>cristas-</em></span> 
     </span>
    </p>
   </div>
   <div class='ocr_carea' id='block_1_5' title="bbox 257 2312 1692 2749">
    <p class='ocr_par' dir='ltr' id='par_1_16' title="bbox 260 2312 560 2358">
     <span class='ocr_line' id='line_1_40' title="bbox 260 2312 560 2358; baseline 0.003 -16"><span class='ocrx_word' id='word_1_329' title='bbox 260 2317 334 2358; x_wconf 83' lang='lat' dir='ltr'><em>que</em></span> <span class='ocrx_word' id='word_1_330' title='bbox 354 2312 560 2344; x_wconf 84' lang='lat' dir='ltr'><em>comantes.</em></span> 
     </span>
    </p>

    <p class='ocr_par' dir='ltr' id='par_1_17' title="bbox 372 2361 1636 2415">
     <span class='ocr_line' id='line_1_41' title="bbox 372 2361 1636 2415; baseline 0.002 -15"><span class='ocrx_word' id='word_1_331' title='bbox 372 2361 548 2402; x_wconf 78' lang='lat'><strong>562-3.</strong></span> <span class='ocrx_word' id='word_1_332' title='bbox 608 2363 715 2413; x_wconf 86' lang='lat' dir='ltr'><strong>Virg.</strong></span> <span class='ocrx_word' id='word_1_333' title='bbox 738 2363 844 2400; x_wconf 81' lang='lat' dir='ltr'><em>Aen.</em></span> <span class='ocrx_word' id='word_1_334' title='bbox 871 2366 918 2404; x_wconf 94' lang='lat'><em>11</em></span> <span class='ocrx_word' id='word_1_335' title='bbox 939 2366 1015 2405; x_wconf 87' lang='lat'><em>601</em></span> <span class='ocrx_word' id='word_1_336' title='bbox 1032 2376 1042 2401; x_wconf 89' lang='lat'>:</span> <span class='ocrx_word' id='word_1_337' title='bbox 1061 2364 1222 2415; x_wconf 83' lang='lat' dir='ltr'><em>ferreus</em></span> <span class='ocrx_word' id='word_1_338' title='bbox 1241 2363 1365 2400; x_wconf 70' lang='lat' dir='ltr'><em>baetis</em></span> <span class='ocrx_word' id='word_1_339' title='bbox 1383 2363 1512 2400; x_wconf 75' lang='lat' dir='ltr'><em>horret</em></span> <span class='ocrx_word' id='word_1_340' title='bbox 1527 2377 1636 2415; x_wconf 79' lang='lat' dir='ltr'><em>ager.</em></span> 
     </span>
    </p>

    <p class='ocr_par' dir='ltr' id='par_1_18' title="bbox 257 2415 1692 2749">
     <span class='ocr_line' id='line_1_42' title="bbox 367 2415 1686 2470; baseline 0.002 -17"><span class='ocrx_word' id='word_1_341' title='bbox 367 2415 462 2458; x_wconf 84' lang='lat'><strong>569.</strong></span> <span class='ocrx_word' id='word_1_342' title='bbox 523 2419 759 2467; x_wconf 83' lang='lat' dir='ltr'><em>comparatio</em></span> <span class='ocrx_word' id='word_1_343' title='bbox 777 2418 932 2456; x_wconf 82' lang='lat' dir='ltr'><em>videtur</em></span> <span class='ocrx_word' id='word_1_344' title='bbox 949 2421 1072 2470; x_wconf 84' lang='lat' dir='ltr'>petita</span> <span class='ocrx_word' id='word_1_345' title='bbox 1100 2433 1123 2456; x_wconf 87' lang='lat' dir='ltr'>a</span> <span class='ocrx_word' id='word_1_346' title='bbox 1148 2419 1367 2469; x_wconf 79' lang='lat' dir='ltr'><em>spectaculo</em></span> <span class='ocrx_word' id='word_1_347' title='bbox 1397 2419 1467 2456; x_wconf 84' lang='lat' dir='ltr'>illo</span> <span class='ocrx_word' id='word_1_348' title='bbox 1489 2418 1616 2456; x_wconf 78' lang='lat' dir='ltr'><em>adhuc</em></span> <span class='ocrx_word' id='word_1_349' title='bbox 1643 2420 1686 2456; x_wconf 86' lang='lat' dir='ltr'><em>in</em></span> 
     </span>
     <span class='ocr_line' id='line_1_43' title="bbox 259 2472 1692 2524; baseline 0.001 -15"><span class='ocrx_word' id='word_1_350' title='bbox 259 2472 448 2522; x_wconf 83' lang='lat' dir='ltr'><em>Hispania</em></span> <span class='ocrx_word' id='word_1_351' title='bbox 466 2472 635 2522; x_wconf 80' lang='lat' dir='ltr'><em>vigenti,</em></span> <span class='ocrx_word' id='word_1_352' title='bbox 671 2486 803 2523; x_wconf 81' lang='lat' dir='ltr'>pugna</span> <span class='ocrx_word' id='word_1_353' title='bbox 829 2488 918 2511; x_wconf 89' lang='lat' dir='ltr'><em>cum</em></span> <span class='ocrx_word' id='word_1_354' title='bbox 939 2477 1062 2512; x_wconf 82' lang='lat' dir='ltr'><em>tauris</em></span> <span class='ocrx_word' id='word_1_355' title='bbox 1075 2503 1085 2522; x_wconf 91' lang='lat'>,</span> <span class='ocrx_word' id='word_1_356' title='bbox 1128 2486 1228 2524; x_wconf 87' lang='lat' dir='ltr'><em>quae</em></span> <span class='ocrx_word' id='word_1_357' title='bbox 1244 2474 1362 2523; x_wconf 81' lang='lat' dir='ltr'><em>vulgo</em></span> <span class='ocrx_word' id='word_1_358' title='bbox 1380 2476 1535 2512; x_wconf 71' lang='lat' dir='ltr'>venatio</span> <span class='ocrx_word' id='word_1_359' title='bbox 1552 2482 1692 2512; x_wconf 57' lang='lat' dir='ltr'><em>tauro-</em></span> 
     </span>
     <span class='ocr_line' id='line_1_44' title="bbox 260 2526 1679 2580; baseline 0.001 -17"><span class='ocrx_word' id='word_1_360' title='bbox 260 2539 348 2563; x_wconf 82' lang='lat' dir='ltr'><em>rum</em></span> <span class='ocrx_word' id='word_1_361' title='bbox 366 2526 428 2576; x_wconf 86' lang='lat' dir='ltr'><em>(la</em></span> <span class='ocrx_word' id='word_1_362' title='bbox 447 2528 582 2564; x_wconf 77' lang='grc' dir='ltr'><strong><em>σαι-οἱα</em></strong></span> <span class='ocrx_word' id='word_1_363' title='bbox 600 2527 665 2563; x_wconf 83' lang='lat' dir='ltr'><em>del</em></span> <span class='ocrx_word' id='word_1_364' title='bbox 679 2529 776 2577; x_wconf 78' lang='lat' dir='ltr'><em>toro)</em></span> <span class='ocrx_word' id='word_1_365' title='bbox 799 2537 969 2567; x_wconf 79' lang='lat' dir='ltr'><em>vocatur.</em></span> <span class='ocrx_word' id='word_1_366' title='bbox 1029 2532 1109 2566; x_wconf 84' lang='lat' dir='ltr'><em>imo</em></span> <span class='ocrx_word' id='word_1_367' title='bbox 1126 2530 1359 2566; x_wconf 84' lang='lat' dir='ltr'><strong>Muratorius</strong></span> <span class='ocrx_word' id='word_1_368' title='bbox 1389 2529 1459 2580; x_wconf 83' lang='lat' dir='ltr'><em>(in</em></span> <span class='ocrx_word' id='word_1_369' title='bbox 1478 2529 1679 2580; x_wconf 80' lang='lat' dir='ltr'><em>Antiquit.</em></span> 
     </span>
     <span class='ocr_line' id='line_1_45' title="bbox 259 2581 1687 2635; baseline 0.002 -16"><span class='ocrx_word' id='word_1_370' title='bbox 259 2582 390 2619; x_wconf 87' lang='lat' dir='ltr'><em>Medii</em></span> <span class='ocrx_word' id='word_1_371' title='bbox 417 2583 526 2621; x_wconf 71' lang='lat' dir='ltr'><em>Aevi</em></span> <span class='ocrx_word' id='word_1_372' title='bbox 558 2581 709 2620; x_wconf 84' lang='lat' dir='ltr'><em>dissert.</em></span> <span class='ocrx_word' id='word_1_373' title='bbox 738 2586 791 2624; x_wconf 83' lang='lat'><em>29</em></span> <span class='ocrx_word' id='word_1_374' title='bbox 819 2591 848 2620; x_wconf 87' lang='lat' dir='ltr'><strong>t.</strong></span> <span class='ocrx_word' id='word_1_375' title='bbox 880 2588 907 2624; x_wconf 89' lang='grc'>2</span> <span class='ocrx_word' id='word_1_376' title='bbox 935 2585 1007 2621; x_wconf 88' lang='grc'>001.</span> <span class='ocrx_word' id='word_1_377' title='bbox 1043 2585 1123 2625; x_wconf 81' lang='grc'><em>858</em></span> <span class='ocrx_word' id='word_1_378' title='bbox 1154 2591 1192 2620; x_wconf 89' lang='lat' dir='ltr'><em>et</em></span> <span class='ocrx_word' id='word_1_379' title='bbox 1213 2583 1318 2635; x_wconf 85' lang='lat' dir='ltr'><em>seq.)</em></span> <span class='ocrx_word' id='word_1_380' title='bbox 1344 2591 1506 2622; x_wconf 82' lang='lat' dir='ltr'><em>testatur</em></span> <span class='ocrx_word' id='word_1_381' title='bbox 1529 2585 1687 2622; x_wconf 78' lang='lat' dir='ltr'><em>saeculo</em></span> 
     </span>
     <span class='ocr_line' id='line_1_46' title="bbox 260 2637 1684 2684; baseline 0.001 -10"><span class='ocrx_word' id='word_1_382' title='bbox 260 2638 379 2674; x_wconf 79' lang='lat' dir='ltr'><em>etiam</em></span> <span class='ocrx_word' id='word_1_383' title='bbox 398 2637 449 2678; x_wconf 86' lang='lat'><em>14</em></span> <span class='ocrx_word' id='word_1_384' title='bbox 471 2640 515 2675; x_wconf 81' lang='lat' dir='ltr'><em>in</em></span> <span class='ocrx_word' id='word_1_385' title='bbox 531 2638 685 2674; x_wconf 74' lang='lat' dir='ltr'><em>civitate</em></span> <span class='ocrx_word' id='word_1_386' title='bbox 701 2638 886 2676; x_wconf 82' lang='lat' dir='ltr'><em>Romana</em></span> <span class='ocrx_word' id='word_1_387' title='bbox 904 2639 1043 2676; x_wconf 85' lang='lat' dir='ltr'><em>ludum</em></span> <span class='ocrx_word' id='word_1_388' title='bbox 1061 2647 1289 2684; x_wconf 85' lang='lat' dir='ltr'><em>taurorum,</em></span> <span class='ocrx_word' id='word_1_389' title='bbox 1317 2641 1398 2677; x_wconf 79' lang='lat' dir='ltr'><em>sive</em></span> <span class='ocrx_word' id='word_1_390' title='bbox 1415 2639 1604 2677; x_wconf 80' lang='lat' dir='ltr'><em>nobilium</em></span> <span class='ocrx_word' id='word_1_391' title='bbox 1621 2641 1684 2675; x_wconf 85' lang='lat' dir='ltr'><em>iu-</em></span> 
     </span>
     <span class='ocr_line' id='line_1_47' title="bbox 257 2693 1684 2749; baseline -0.001 -18"><span class='ocrx_word' id='word_1_392' title='bbox 257 2706 403 2731; x_wconf 75' lang='lat' dir='ltr'><em>venum</em></span> <span class='ocrx_word' id='word_1_393' title='bbox 419 2707 511 2732; x_wconf 86' lang='lat' dir='ltr'><em>cum</em></span> <span class='ocrx_word' id='word_1_394' title='bbox 532 2694 655 2730; x_wconf 80' lang='lat' dir='ltr'><em>tauris</em></span> <span class='ocrx_word' id='word_1_395' title='bbox 672 2693 869 2731; x_wconf 78' lang='lat' dir='ltr'><em>indomitis</em></span> <span class='ocrx_word' id='word_1_396' title='bbox 887 2702 1104 2741; x_wconf 70' lang='lat' dir='ltr'><em>certamen,</em></span> <span class='ocrx_word' id='word_1_397' title='bbox 1150 2696 1192 2731; x_wconf 87' lang='lat' dir='ltr'><em>in</em></span> <span class='ocrx_word' id='word_1_398' title='bbox 1214 2693 1498 2749; x_wconf 68' lang='lat' dir='ltr'><em>qmphitheatro</em></span> <span class='ocrx_word' id='word_1_399' title='bbox 1525 2695 1604 2733; x_wconf 68' lang='lat' dir='ltr'><em>Titi</em></span> <span class='ocrx_word' id='word_1_400' title='bbox 1622 2708 1684 2731; x_wconf 84' lang='lat' dir='ltr'><em>ce-</em></span> 
     </span>
    </p>
   </div>
   <div class='ocr_carea' id='block_1_6' title="bbox 1614 282 1701 683">
    <p class='ocr_par' dir='ltr' id='par_1_19' title="bbox 1614 282 1701 683">
     <span class='ocr_line' id='line_1_48' title="bbox 1639 282 1698 443; baseline 0 -38"><span class='ocrx_word' id='word_1_401' title='bbox 1639 282 1698 443; x_wconf 95' lang='lat' dir='ltr'><em>    </em></span> 
     </span>
     <span class='ocr_line' id='line_1_49' title="bbox 1614 464 1701 571; baseline 0 0"><span class='ocrx_word' id='word_1_402' title='bbox 1614 464 1701 571; x_wconf 95' lang='lat' dir='ltr'><em>   </em></span> 
     </span>
     <span class='ocr_line' id='line_1_50' title="bbox 1619 571 1701 683; baseline 0 0"><span class='ocrx_word' id='word_1_403' title='bbox 1619 571 1701 683; x_wconf 95' lang='lat' dir='ltr'><em>  </em></span> 
     </span>
    </p>
   </div>
  </div>
 </body>
</html>
