1702 3060
1054 18 1071 29 υ

482 83 835 128 IOHANNIDOS
867 84 971 126 LIB.
1004 85 1083 127 VI.
1409 83 1499 129 131

164 193 250 246 ipse
270 199 357 232 tuos
370 223 380 243 ‚
410 195 556 246 pietate
575 202 708 236 tamen
726 194 832 232 celer
850 194 968 245 erigis
990 193 1113 238 idem.

61 262 138 311 100
164 261 351 312 appropia
365 291 376 310 ‚
406 262 596 314 fessisque
615 263 693 300 tuis
713 262 854 302 solatia
875 269 1046 314 praesta.

62 321 64 326 ⁸
164 331 270 380 erige
288 331 485 368 Romanas
501 332 605 368 acies
617 360 627 379 ,
657 337 858 380 prosterne
876 329 1066 380 superbas

163 398 355 450 Massylas
369 427 379 446 ,
409 411 510 450 quae
527 398 632 435 bella
650 397 808 445 voluut3
836 403 1072 450 nostraeque
1092 399 1228 442 ruinae

162 465 329 503 festinus
348 478 528 503 succurre
541 494 551 513 ,
581 478 740 517 precor,
771 471 810 502 et
831 464 991 502 consule
1003 493 1014 512 ,
1046 471 1182 516 rector.
1194 460 1216 477 ”

218 535 324 570 Haec
341 546 456 575 orans
473 533 605 571 vultus
625 534 798 570 lacrimis
820 532 1012 583 implebat
1030 531 1228 571 inundans
1242 563 1251 580 ‚

54 599 131 645 105
159 613 368 639 concussus
388 602 533 652 pietate
551 608 685 652 pater,
714 601 944 652 Libyaeque
962 600 1156 652 periclum

158 669 349 706 sollicitus
368 681 538 726 pensans
558 670 780 722 iterumque
800 670 1024 719 iterumque
1042 668 1239 718 gemebat.

158 733 223 772 hic
243 742 354 787 pater
375 737 624 787 omnipotens
647 737 830 774 lacrimas
857 743 895 774 et
912 736 1032 774 verba
1053 735 1221 774 dolentis

157 805 373 855 suscipiens
387 833 397 851 ,
433 805 567 856 Latias
584 805 710 842 voluit
731 805 972 842 revalescere
989 805 1108 842 vires.

156 871 370 909 adveniunt
393 872 512 919 socii,
541 873 678 910 Martis
702 885 800 924 quos
817 878 1012 923 sparserat
1029 869 1167 908 horror

49 941 127 981 110
154 937 387 991 hostilisque
402 946 546 981 metus.
603 941 750 978 multos
771 946 864 976 tunc
885 951 971 975 esse
987 939 1178 988 magistro

153 1007 370 1044 incolumes
388 1007 561 1044 referunt
578 1007 713 1054 Vinci,
747 1011 924 1057 spectare
945 1012 1191 1057 sequentem.

153 1073 297 1126 gaudia
313 1087 434 1125 parva
455 1075 562 1124 salus
581 1075 779 1111 sociorum
799 1072 932 1111 audita
951 1075 1098 1110 creavit

151 1143 407 1195 solamenque
425 1143 536 1180 mali.
595 1140 732 1178 ductor
749 1148 845 1178 tunc
861 1138 1055 1178 contrahit
1073 1154 1210 1179 omnes

151 1224 239 1247 aere
262 1212 382 1248 ciens.
439 1223 524 1248 rara
541 1208 686 1261 trepidi
710 1210 869 1246 cinxere
890 1222 1047 1246 corona.

42 1277 119 1321 115
149 1279 398 1316 circumstant
414 1280 565 1326 tristes,
595 1277 856 1329 lacrimasque
877 1278 919 1314 in
936 1284 1096 1328 pectora
1116 1275 1299 1314 fundunt.

148 1359 246 1399 quos
266 1346 392 1401 bonus
413 1345 554 1382 affatur
572 1346 661 1382 miti
682 1357 772 1381 cum
793 1358 886 1382 voce
910 1346 1118 1395 magister,

147 1413 361 1452 exhortans
384 1413 643 1464 relevansque
668 1413 795 1460 viros3
827 1418 864 1449 et
883 1413 1027 1450 talibus
1044 1413 1143 1449 infit.

142 1477 257 1519 “non
278 1481 464 1530 lacrimis,
494 1481 676 1528 iuvenes,
708 1481 860 1517 animos
882 1480 1128 1530 confringere
1150 1480 1270 1517 fortes

147 1557 206 1588 est
226 1562 328 1601 opus„
345 1549 387 1585 in
408 1547 529 1585 bello.
586 1561 791 1600 nunquam
812 1549 989 1585 Romana
1010 1549 1194 1584 iuventus

37 1622 116 1663 120
144 1619 339 1668 frangitur
355 1614 543 1654 adversis.
600 1618 770 1653 nimium
790 1629 858 1653 cur
879 1617 980 1653 fletis
993 1644 1003 1663 ‚
1034 1616 1152 1652 amici
1161 1614 1181 1652 ’ἔ

145 1700 194 1724 en
214 1685 309 1723 socii
329 1685 491 1721 veniunt
508 1683 652 1722 mediis
672 1698 725 1722 ex
745 1682 924 1722 hostibus
945 1696 1082 1721 omnes

143 1754 374 1792 incolumes.
433 1752 532 1789 alios
553 1753 662 1790 aiunt
681 1765 886 1804 superesse
907 1750 1107 1788 docentes.

141 1822 176 1860 si
194 1821 331 1857 vivunt
351 1821 468 1868 socii,
498 1818 600 1857 nihil
623 1827 682 1858 est
704 1819 811 1872 quod
830 1819 997 1871 quisque
1018 1819 1091 1856 sub
1110 1816 1224 1856 hoste

141 1890 318 1926 amisisse
339 1895 463 1940 putet.
522 1887 710 1940 praedam
729 1901 849 1940 quam
870 1887 969 1924 forte
991 1885 1133 1924 doletis

31 1957 111 2000 125
138 1970 243 1994 nunc
261 1956 373 1994 vobis
392 1957 567 2008 rapuisse
587 1958 692 1995 viros
704 1985 714 2005 ,
743 1962 898 1994 servata
914 1955 1113 2003 manebit,

139 2031 380 2077 augeturque
399 2026 541 2075 magis.
598 2023 772 2082 tumidos
796 2037 894 2076 quos
919 2024 1076 2060 cernitis
1097 2020 1231 2059 hostes

140 2091 259 2130 caede
282 2093 382 2141 levi,
413 2091 563 2130 discent
582 2094 753 2143 graviter
772 2090 868 2144 quid
886 2092 1036 2142 proelia
1055 2097 1218 2142 possunt

137 2161 416 2214 Romanusque
440 2162 575 2211 vigor:
605 2167 698 2198 tunc
720 2167 871 2198 vestras
888 2159 1027 2196 tollere
1046 2157 1212 2210 praedas

136 2229 441 2280 Maurorumque
460 2229 579 2267 simul
595 2229 708 2266 solita
731 2230 874 2266 virtute
895 2227 1058 2264 iuvabit.

31 2297 108 2339 180
135 2297 275 2334 solvite
293 2304 513 2334 maerentes
531 2298 705 2344 animos,
736 2295 924 2347 expellite
951 2307 1061 2332 curas
1074 2323 1085 2344 ‚

137 2362 398 2417 indiguosque
416 2372 546 2403 metus
563 2365 702 2402 vestris
719 2370 860 2411 arcete,
889 2363 1034 2411 Latini,

136 2431 373 2481 pectoribus.
429 2435 562 2474 veniet
580 2433 695 2470 rebus
715 2433 876 2470 victoria
897 2425 1084 2485 uostris.”

26 2573 93 2607 102
113 2572 190 2606 tella
209 2573 242 2607 Τ
351 2552 416 2612 108
438 2577 620 2623 suspiciens
638 2579 669 2612 Τ
780 2575 862 2613 ibid.
886 2577 1093 2610 recalescere
1110 2575 1147 2607 M
1153 2574 1184 2607 ‘1'
1274 2572 1335 2605 111
1362 2568 1471 2600 victos

23 2629 164 2671 sperare
178 2619 372 2656 satutemM
466 2625 529 2660 115
544 2631 682 2670 pectore
698 2625 791 2669 apud
808 2625 845 2656 Μ
931 2624 993 2657 117
1011 2634 1077 2666 que
1092 2621 1175 2654 add.
1194 2618 1233 2651 Μ
1309 2617 1372 2667 11ζ5
1389 2625 1469 2645 ⁶⁰¹¹-

22 2666 162 2708 *nugltss
178 2665 211 2699 T
346 2669 410 2703 122
428 2670 540 2717 aiunt]
563 2676 674 2705 autem
691 2671 739 2705 M.
763 2682 832 2715 qua
853 2670 1028 2727 particula
1058 2679 1124 2702 uon
1149 2665 1258 2700 utitur
1283 2664 1462 2706 conppus.

23 2710 91 2745 132
112 2709 234 2745 uestris
246 2710 328 2749 ΜΤ.
