1702 3060
458 119 810 166 10HANNmos
841 107 949 163 Lm.
980 119 1061 164 Ἢ.
1387 113 1486 161 137

15 232 112 281 2815
137 232 242 286 finge
259 233 359 272 vias.
416 233 596 287 sequitur
610 239 763 272 nostras
784 231 980 271 exercitus
999 230 1141 282 ingens

141 303 289 356 quippe
308 303 449 355 fugas3
480 315 737 356 quaecunque
755 302 906 349 virent,
937 301 1158 338 attrivimus
1179 309 1289 336 arva.

141 445 211 475 aut
235 439 341 477 fame
365 438 532 477 deficiet.
591 439 676 476 fera
698 444 792 474 tunc
814 438 847 473 si
866 437 1016 487 proelia
1036 441 1178 482 tentes,

143 507 268 546 victor
285 508 360 546 eris
371 502 394 557 ‚‘
410 508 614 559 victosque
634 506 761 543 fames
779 504 1009 556 ferrumque
1022 495 1221 539 necabit?

30 573 118 620 810
198 576 417 614 Consilium
433 575 579 612 infelix
597 575 766 626 placuit,
796 573 1001 624 fossasque
1020 570 1184 607 levavit.

143 643 365 696 insequitur
382 645 494 682 fortis
512 644 704 695 fugientia
724 648 848 680 castra
867 641 1073 691 magister,

144 711 393 762 ingeminans
414 713 490 749 iter
512 726 628 750 01m1e
650 724 780 749 suum.
836 711 916 746 iam
936 707 1144 760 proximus
1164 702 1272 742 hosti

143 779 294 830 proelia
313 775 490 817 tentabat
509 781 653 817 iunctis
674 779 918 816 committere
937 776 1086 826 signis:

145 845 218 884 sed
237 848 331 900 quia
352 845 502 885 ductori
519 845 690 884 necdum
709 851 953 884 concesserat
970 842 1124 891 horam,

33 913 117 958 315
148 913 300 952 distulit
318 927 427 952 arma
446 913 562 964 deus,
590 915 822 953 melioribus
840 921 931 966 apta
949 909 1178 962 triumphis.

145 995 319 1035 namque
335 996 408 1034 per
426 989 610 1021 extensos
628 983 846 1034 pergebant
867 981 1028 1033 agmina
1049 990 1224 1029 campos,

147 1051 281 1102 pulvis
303 1057 342 1088 et
366 1049 520 1089 adversi
542 1050 755 1102 apparebat
773 1050 916 1087 certius
934 1045 1061 1085 hostis

146 1117 245 1156 haut
261 1119 400 1170 procul
417 1132 503 1157 esse
521 1120 630 1157 viris.
687 1121 810 1156 virtus
829 1116 1026 1155 crescebat
1043 1114 1195 1152 acerbis

146 1186 367 1235 mentibus,
399 1193 437 1224 et
455 1199 634 1238 pugnam
653 1187 734 1224 iam
755 1187 837 1224 iam
853 1192 1005 1224 tentare
1022 1183 1228 1235 parabant,

35 1257 120 1300 320
147 1267 238 1293 cum
259 1255 388 1293 subito
409 1255 596 1293 calefacta
618 1253 717 1292 dies.
773 1267 867 1292 nam
883 1252 1070 1292 Phoebus
1090 1249 1248 1289 anhelis

149 1323 265 1360 altior
284 1323 367 1360 ibat
389 1325 500 1375 equis
513 1353 523 1373 ‚
553 1322 686 1361 medio
703 1323 868 1360 libratus
888 1323 931 1359 in
951 1334 1042 1370 axe,

145 1389 321 1428 vindicat
336 1392 477 1429 umbra
499 1391 596 1430 duas
614 1392 772 1429 brevior
794 1404 871 1443 quo
892 1397 1070 1440 tempore
1091 1387 1264 1438 plantas.

150 1460 310 1498 Africus
328 1460 553 1510 ignivomus
573 1466 775 1511 terrasque
798 1471 964 1496 exurere
983 1457 1118 1494 flabris

148 1527 308 1579 incipit,
339 1534 378 1564 et
400 1528 538 1579 populi
558 1529 661 1566 vires
678 1528 880 1580 furlasque
901 1525 1076 1564 resolvit.

36 1595 121 1639 325
150 1596 310 1632 flamine
335 1602 472 1632 cuncta
492 1597 620 1647 rigent
639 1598 755 1647 igniti
776 1608 937 1648 corpora
957 1594 1090 1631 venti:

151 1669 237 1702 aret
254 1663 391 1715 lingua
410 1664 526 1713 viris,
555 1665 676 1703 facies
696 1665 830 1714 rubet,
860 1665 963 1702 altus
983 1661 1144 1700 anhelat

151 1739 310 1784 pectora
327 1733 463 1784 pulmo
485 1735 611 1783 ciens,
640 1734 841 1785 mittitque
859 1746 880 1770 e
900 1732 1061 1770 naribus
1079 1732 1234 1782 ignem.

148 1813 290 1852 aspera
306 1801 501 1838 subtracta
522 1801 745 1839 fervescunt
764 1814 831 1839 ora
852 1802 991 1849 saliva,

153 1875 192 1906 et
210 1869 305 1906 furit
326 1876 488 1907 exustus
507 1871 619 1907 siccis
640 1871 684 1907 in
702 1870 883 1907 faucibus
904 1869 1032 1907 ardor.

40 1938 124 1980 830
153 1938 282 1974 omnis
303 1937 352 1974 ab
375 1939 539 1976 internis
559 1936 703 1976 humor
727 1939 813 1976 fluit
833 1940 975 1976 anxius
1000 1935 1118 1984 extis,

152 2003 433 2058 perfunditque
451 2013 601 2056 cutem,
633 2019 753 2059 quem
769 2020 868 2044 mox
887 2008 1059 2045 exsiccat
1077 2006 1237 2056 iniquus

153 2075 255 2112 aeris
274 2075 358 2124 ipse
378 2074 505 2123 calor,
535 2074 793 2128 tepidumque
814 2090 836 2113 a
855 2090 1015 2128 corpore
1037 2075 1172 2112 sumit.

211 2141 320 2181 Vidit
338 2148 381 2178 ut
397 2140 474 2180 hoc
495 2141 651 2194 ductor,
681 2143 801 2182 dilato
820 2147 944 2182 Marte
957 2173 967 2193 ‚
997 2141 1208 2190 Iohannes,

155 2216 282 2248 castra
300 2223 418 2261 super
436 2209 570 2249 dulces
587 2214 719 2262 posuit
739 2214 909 2250 sitientIa
929 2213 1075 2249 sontes.

46 2278 129 2322 335
157 2279 318 2316 confluit
340 2277 391 2315 ad
412 2278 564 2329 gelidas
589 2279 731 2319 ardens
757 2283 953 2318 exercitus
972 2279 1113 2328 tmdas‚

156 2346 468 2400 incumbuntque
491 2348 571 2385 siti.
629 2361 707 2401 quo
729 2362 838 2386 more
863 2349 1062 2386 canalibus
1083 2346 1188 2385 horti

158 2414 389 2453 innumerae
413 2414 627 2454 densantur
645 2430 760 2469 apes,
792 2431 882 2454 cum
902 2417 984 2455 sole
1004 2416 1075 2453 sub
1097 2415 1176 2452 alto

159 2481 240 2519 iam
262 2496 347 2520 sese
368 2498 389 2521 e
412 2491 527 2535 pastu
552 2485 750 2533 referunt,
781 2486 942 2537 rivoque
963 2479 1100 2522 fluenti

161 2550 390 2589 mellificum
405 2553 505 2590 bibit
523 2566 666 2605 agmen
682 2566 824 2607 aquas,
855 2555 910 2591 sic
930 2555 1021 2605 igne
1042 2560 1245 2606 perustum

50 2670 119 2706 307
144 2674 180 2705 at
195 2669 244 2716 si]
266 2677 319 2707 ast
336 2674 382 2716 Τ,
404 2679 462 2710 aut
475 2676 517 2710 M
648 2678 716 2712 308
739 2676 942 2723 deficietque
956 2679 1045 2713 fame
1060 2677 1102 2711 M
1235 2679 1303 2713 313
1325 2677 1499 2712 tentabant

51 2717 245 2799 {addubites
264 2764 311 2799 Tr
337 2719 406 2756 315
430 2726 508 2756 acta
527 2723 559 2758 Τ
689 2723 757 2759 352
780 2723 873 2758 aiere
889 2725 920 2759 Τ
1057 2724 1140 2759 ibid.
1166 2735 1212 2757 an
1228 2724 1437 2770 tepidoque?
1460 2725 1502 2760 Μ
