<?xml version="1.0" encoding="UTF-8"?>
<!DOCTYPE html PUBLIC "-//W3C//DTD XHTML 1.0 Transitional//EN"
    "http://www.w3.org/TR/xhtml1/DTD/xhtml1-transitional.dtd">
<html xmlns="http://www.w3.org/1999/xhtml" xml:lang="en" lang="en">
 <head>
  <title>
</title>
<meta http-equiv="Content-Type" content="text/html;charset=utf-8" />
  <meta name='ocr-system' content='tesseract 3.04.00' />
  <meta name='ocr-capabilities' content='ocr_page ocr_carea ocr_par ocr_line ocrx_word'/>
</head>
<body>
  <div class='ocr_page' id='page_1' title='image "./corpusscriptorum35niebuoft_0112.png"; bbox 0 0 1702 3060; ppageno 0'>
   <div class='ocr_carea' id='block_1_1' title="bbox 258 144 1075 191">
    <p class='ocr_par' dir='ltr' id='par_1_1' title="bbox 258 144 1075 191">
     <span class='ocr_line' id='line_1_1' title="bbox 258 144 1075 191; baseline -0.002 -2"><span class='ocrx_word' id='word_1_1' title='bbox 258 144 321 191; x_wconf 89' lang='grc'><strong>36</strong></span> <span class='ocrx_word' id='word_1_2' title='bbox 858 145 1075 188; x_wconf 87' lang='lat' dir='ltr'>CORIPPI</span> 
     </span>
    </p>
   </div>
   <div class='ocr_carea' id='block_1_2' title="bbox 256 250 1611 2558">
    <p class='ocr_par' dir='ltr' id='par_1_2' title="bbox 366 250 1368 368">
     <span class='ocr_line' id='line_1_2' title="bbox 366 250 1248 303; baseline 0 -12"><span class='ocrx_word' id='word_1_3' title='bbox 366 265 443 292; x_wconf 88' lang='lat' dir='ltr'><strong>non</strong></span> <span class='ocrx_word' id='word_1_4' title='bbox 463 252 545 290; x_wconf 89' lang='lat' dir='ltr'><strong>auri</strong></span> <span class='ocrx_word' id='word_1_5' title='bbox 561 250 746 303; x_wconf 87' lang='lat' dir='ltr'><strong>cupidus,</strong></span> <span class='ocrx_word' id='word_1_6' title='bbox 775 264 855 290; x_wconf 88' lang='lat' dir='ltr'><strong>non</strong></span> <span class='ocrx_word' id='word_1_7' title='bbox 874 252 954 289; x_wconf 88' lang='lat' dir='ltr'><strong>ullo</strong></span> <span class='ocrx_word' id='word_1_8' title='bbox 972 265 1133 290; x_wconf 89' lang='lat' dir='ltr'><strong>munere</strong></span> <span class='ocrx_word' id='word_1_9' title='bbox 1150 253 1248 291; x_wconf 85' lang='lat' dir='ltr'><strong>lucri</strong></span> 
     </span>
     <span class='ocr_line' id='line_1_3' title="bbox 366 317 1368 368; baseline 0.001 -12"><span class='ocrx_word' id='word_1_10' title='bbox 366 320 408 356; x_wconf 87' lang='lat' dir='ltr'><strong>in</strong></span> <span class='ocrx_word' id='word_1_11' title='bbox 422 320 588 368; x_wconf 81' lang='lat' dir='ltr'>Libyam</span> <span class='ocrx_word' id='word_1_12' title='bbox 603 318 823 368; x_wconf 84' lang='lat' dir='ltr'><strong>compulsus</strong></span> <span class='ocrx_word' id='word_1_13' title='bbox 843 329 910 355; x_wconf 84' lang='lat' dir='ltr'><strong>eo:</strong></span> <span class='ocrx_word' id='word_1_14' title='bbox 939 317 1010 356; x_wconf 83' lang='lat' dir='ltr'><strong>sed</strong></span> <span class='ocrx_word' id='word_1_15' title='bbox 1027 317 1201 357; x_wconf 83' lang='lat' dir='ltr'><strong>scindere</strong></span> <span class='ocrx_word' id='word_1_16' title='bbox 1219 319 1368 358; x_wconf 86' lang='lat' dir='ltr'><strong>bellum</strong></span> 
     </span>
    </p>

    <p class='ocr_par' dir='ltr' id='par_1_3' title="bbox 257 384 1510 689">
     <span class='ocr_line' id='line_1_4' title="bbox 257 384 1341 436; baseline 0.001 -14"><span class='ocrx_word' id='word_1_17' title='bbox 257 385 338 427; x_wconf 81' lang='lat'><strong>295</strong></span> <span class='ocrx_word' id='word_1_18' title='bbox 367 393 404 422; x_wconf 91' lang='lat' dir='ltr'><strong>et</strong></span> <span class='ocrx_word' id='word_1_19' title='bbox 423 387 583 422; x_wconf 80' lang='lat' dir='ltr'><strong>miseras</strong></span> <span class='ocrx_word' id='word_1_20' title='bbox 602 384 752 421; x_wconf 77' lang='lat' dir='ltr'><strong>salvare</strong></span> <span class='ocrx_word' id='word_1_21' title='bbox 775 385 943 432; x_wconf 84' lang='lat' dir='ltr'><strong>animas,</strong></span> <span class='ocrx_word' id='word_1_22' title='bbox 973 384 1070 422; x_wconf 85' lang='lat' dir='ltr'><strong>haec</strong></span> <span class='ocrx_word' id='word_1_23' title='bbox 1087 387 1169 423; x_wconf 84' lang='lat' dir='ltr'><strong>sola</strong></span> <span class='ocrx_word' id='word_1_24' title='bbox 1188 385 1341 436; x_wconf 86' lang='lat' dir='ltr'><strong>cupido,</strong></span> 
     </span>
     <span class='ocr_line' id='line_1_5' title="bbox 365 451 1453 490; baseline 0.002 -2"><span class='ocrx_word' id='word_1_25' title='bbox 365 451 430 488; x_wconf 87' lang='lat' dir='ltr'><strong>hic</strong></span> <span class='ocrx_word' id='word_1_26' title='bbox 446 451 586 487; x_wconf 90' lang='lat' dir='ltr'><strong>animis</strong></span> <span class='ocrx_word' id='word_1_27' title='bbox 606 462 715 487; x_wconf 87' lang='lat' dir='ltr'><strong>amor</strong></span> <span class='ocrx_word' id='word_1_28' title='bbox 734 452 859 488; x_wconf 87' lang='lat' dir='ltr'><strong>omnis</strong></span> <span class='ocrx_word' id='word_1_29' title='bbox 880 452 995 488; x_wconf 87' lang='lat' dir='ltr'><strong>inest.</strong></span> <span class='ocrx_word' id='word_1_30' title='bbox 1050 451 1129 489; x_wconf 87' lang='lat' dir='ltr'><strong>huc</strong></span> <span class='ocrx_word' id='word_1_31' title='bbox 1148 454 1268 490; x_wconf 87' lang='lat' dir='ltr'><strong>iussio</strong></span> <span class='ocrx_word' id='word_1_32' title='bbox 1285 458 1453 490; x_wconf 71' lang='lat' dir='ltr'><strong>tantmn</strong></span> 
     </span>
     <span class='ocr_line' id='line_1_6' title="bbox 365 515 1510 570; baseline 0.003 -17"><span class='ocrx_word' id='word_1_33' title='bbox 365 517 551 567; x_wconf 87' lang='lat' dir='ltr'><strong>principis</strong></span> <span class='ocrx_word' id='word_1_34' title='bbox 570 516 673 552; x_wconf 86' lang='lat' dir='ltr'><strong>alma</strong></span> <span class='ocrx_word' id='word_1_35' title='bbox 689 515 822 553; x_wconf 85' lang='lat' dir='ltr'><strong>trahit.</strong></span> <span class='ocrx_word' id='word_1_36' title='bbox 877 524 1009 555; x_wconf 86' lang='lat' dir='ltr'><strong>noster</strong></span> <span class='ocrx_word' id='word_1_37' title='bbox 1029 525 1067 555; x_wconf 85' lang='lat' dir='ltr'><strong>te</strong></span> <span class='ocrx_word' id='word_1_38' title='bbox 1085 521 1259 570; x_wconf 80' lang='lat' dir='ltr'><strong>principe</strong></span> <span class='ocrx_word' id='word_1_39' title='bbox 1274 521 1455 570; x_wconf 82' lang='lat' dir='ltr'><strong>princeps</strong></span> <span class='ocrx_word' id='word_1_40' title='bbox 1507 566 1510 569; x_wconf 16' lang='lat' dir='ltr'>y</span> 
     </span>
     <span class='ocr_line' id='line_1_7' title="bbox 364 583 1305 635; baseline 0.001 -14"><span class='ocrx_word' id='word_1_41' title='bbox 364 585 544 635; x_wconf 86' lang='lat' dir='ltr'><strong>imperat.</strong></span> <span class='ocrx_word' id='word_1_42' title='bbox 599 583 683 632; x_wconf 85' lang='lat' dir='ltr'><strong>ipse</strong></span> <span class='ocrx_word' id='word_1_43' title='bbox 707 583 780 621; x_wconf 86' lang='lat' dir='ltr'><strong>tibi</strong></span> <span class='ocrx_word' id='word_1_44' title='bbox 800 586 984 622; x_wconf 79' lang='lat' dir='ltr'><strong>meritum</strong></span> <span class='ocrx_word' id='word_1_45' title='bbox 1003 584 1142 622; x_wconf 88' lang='lat' dir='ltr'><strong>debere</strong></span> <span class='ocrx_word' id='word_1_46' title='bbox 1161 586 1305 622; x_wconf 84' lang='lat' dir='ltr'><strong>fatetur</strong></span> 
     </span>
     <span class='ocr_line' id='line_1_8' title="bbox 365 649 1332 689; baseline 0.001 -1"><span class='ocrx_word' id='word_1_47' title='bbox 365 649 500 688; x_wconf 85' lang='lat' dir='ltr'><strong>ordine</strong></span> <span class='ocrx_word' id='word_1_48' title='bbox 521 650 737 687; x_wconf 81' lang='lat' dir='ltr'><strong>servitium.</strong></span> <span class='ocrx_word' id='word_1_49' title='bbox 791 656 836 687; x_wconf 88' lang='lat' dir='ltr'><strong>tu</strong></span> <span class='ocrx_word' id='word_1_50' title='bbox 855 651 915 688; x_wconf 89' lang='lat' dir='ltr'><strong>illi</strong></span> <span class='ocrx_word' id='word_1_51' title='bbox 931 652 1175 689; x_wconf 72' lang='lat' dir='ltr'><strong>nos‘subiicis</strong></span> <span class='ocrx_word' id='word_1_52' title='bbox 1195 665 1332 689; x_wconf 85' lang='lat' dir='ltr'><strong>omnes</strong></span> 
     </span>
    </p>

    <p class='ocr_par' dir='ltr' id='par_1_4' title="bbox 256 716 1422 1032">
     <span class='ocr_line' id='line_1_9' title="bbox 256 716 1320 768; baseline 0.004 -16"><span class='ocrx_word' id='word_1_53' title='bbox 256 718 337 758; x_wconf 83' lang='lat'><strong>300</strong></span> <span class='ocrx_word' id='word_1_54' title='bbox 363 722 400 752; x_wconf 88' lang='lat' dir='ltr'><strong>et</strong></span> <span class='ocrx_word' id='word_1_55' title='bbox 418 716 560 753; x_wconf 80' lang='lat' dir='ltr'><strong>servire</strong></span> <span class='ocrx_word' id='word_1_56' title='bbox 578 716 710 752; x_wconf 86' lang='lat' dir='ltr'><strong>iubes:</strong></span> <span class='ocrx_word' id='word_1_57' title='bbox 738 722 806 751; x_wconf 83' lang='lat' dir='ltr'><strong>tua</strong></span> <span class='ocrx_word' id='word_1_58' title='bbox 824 728 911 752; x_wconf 89' lang='lat' dir='ltr'><strong>sum</strong></span> <span class='ocrx_word' id='word_1_59' title='bbox 928 725 1133 768; x_wconf 83' lang='lat' dir='ltr'><strong>praecepta</strong></span> <span class='ocrx_word' id='word_1_60' title='bbox 1153 725 1320 756; x_wconf 77' lang='lat' dir='ltr'><strong>secutus.</strong></span> 
     </span>
     <span class='ocr_line' id='line_1_10' title="bbox 367 781 1422 832; baseline 0.003 -13"><span class='ocrx_word' id='word_1_61' title='bbox 367 783 517 832; x_wconf 85' lang='lat' dir='ltr'><strong>aspice,</strong></span> <span class='ocrx_word' id='word_1_62' title='bbox 546 787 700 828; x_wconf 75' lang='lat' dir='ltr'><strong>sancte,</strong></span> <span class='ocrx_word' id='word_1_63' title='bbox 730 781 888 828; x_wconf 81' lang='lat' dir='ltr'><strong>favens,</strong></span> <span class='ocrx_word' id='word_1_64' title='bbox 919 788 957 818; x_wconf 85' lang='lat' dir='ltr'><strong>et</strong></span> <span class='ocrx_word' id='word_1_65' title='bbox 973 790 1123 822; x_wconf 84' lang='lat' dir='ltr'><strong>nostros</strong></span> <span class='ocrx_word' id='word_1_66' title='bbox 1142 799 1254 822; x_wconf 81' lang='lat' dir='ltr'><strong>cerne</strong></span> <span class='ocrx_word' id='word_1_67' title='bbox 1269 785 1422 823; x_wconf 82' lang='lat' dir='ltr'><strong>labores</strong></span> 
     </span>
     <span class='ocr_line' id='line_1_11' title="bbox 367 845 1389 898; baseline 0.007 -16"><span class='ocrx_word' id='word_1_68' title='bbox 367 849 447 883; x_wconf 83' lang='lat' dir='ltr'><strong>iam</strong></span> <span class='ocrx_word' id='word_1_69' title='bbox 469 845 646 897; x_wconf 88' lang='lat' dir='ltr'><strong>placidus</strong></span> <span class='ocrx_word' id='word_1_70' title='bbox 660 875 671 894; x_wconf 92' lang='lat'>‚</span> <span class='ocrx_word' id='word_1_71' title='bbox 699 852 908 898; x_wconf 79' lang='lat' dir='ltr'><strong>tantaeque</strong></span> <span class='ocrx_word' id='word_1_72' title='bbox 930 850 1020 898; x_wconf 86' lang='lat' dir='ltr'><strong>pius</strong></span> <span class='ocrx_word' id='word_1_73' title='bbox 1040 863 1217 888; x_wconf 84' lang='lat' dir='ltr'><strong>succurre</strong></span> <span class='ocrx_word' id='word_1_74' title='bbox 1238 853 1389 889; x_wconf 85' lang='lat' dir='ltr'><strong>ruinae.</strong></span> 
     </span>
     <span class='ocr_line' id='line_1_12' title="bbox 369 911 1362 963; baseline 0.003 -14"><span class='ocrx_word' id='word_1_75' title='bbox 369 915 431 950; x_wconf 85' lang='lat' dir='ltr'><strong>sin</strong></span> <span class='ocrx_word' id='word_1_76' title='bbox 451 926 519 950; x_wconf 79' lang='lat' dir='ltr'><strong>sua</strong></span> <span class='ocrx_word' id='word_1_77' title='bbox 538 919 766 963; x_wconf 78' lang='lat' dir='ltr'><strong>peccantem</strong></span> <span class='ocrx_word' id='word_1_78' title='bbox 785 911 971 950; x_wconf 76' lang='lat' dir='ltr'><strong>damnant</strong></span> <span class='ocrx_word' id='word_1_79' title='bbox 991 913 1129 951; x_wconf 82' lang='lat' dir='ltr'><strong>delicta</strong></span> <span class='ocrx_word' id='word_1_80' title='bbox 1147 914 1362 953; x_wconf 85' lang='lat' dir='ltr'><strong>Iohannem</strong></span> 
     </span>
     <span class='ocr_line' id='line_1_13' title="bbox 366 978 1359 1032; baseline 0.002 -16"><span class='ocrx_word' id='word_1_81' title='bbox 366 978 495 1016; x_wconf 84' lang='lat' dir='ltr'><strong>iudice</strong></span> <span class='ocrx_word' id='word_1_82' title='bbox 515 985 575 1027; x_wconf 87' lang='lat' dir='ltr'><strong>te,</strong></span> <span class='ocrx_word' id='word_1_83' title='bbox 605 992 838 1030; x_wconf 87' lang='lat' dir='ltr'><strong>quocunque</strong></span> <span class='ocrx_word' id='word_1_84' title='bbox 859 979 935 1016; x_wconf 83' lang='lat' dir='ltr'><strong>alio</strong></span> <span class='ocrx_word' id='word_1_85' title='bbox 954 993 1019 1016; x_wconf 89' lang='lat' dir='ltr'><strong>me</strong></span> <span class='ocrx_word' id='word_1_86' title='bbox 1039 983 1250 1032; x_wconf 82' lang='lat' dir='ltr'><strong>comprime</strong></span> <span class='ocrx_word' id='word_1_87' title='bbox 1267 982 1359 1029; x_wconf 83' lang='lat' dir='ltr'><strong>leto,</strong></span> 
     </span>
    </p>

    <p class='ocr_par' dir='ltr' id='par_1_5' title="bbox 258 1041 1611 1361">
     <span class='ocr_line' id='line_1_14' title="bbox 258 1041 1416 1098; baseline 0.001 -16"><span class='ocrx_word' id='word_1_88' title='bbox 258 1048 339 1088; x_wconf 83' lang='lat'><strong>305</strong></span> <span class='ocrx_word' id='word_1_89' title='bbox 363 1059 438 1097; x_wconf 73' lang='lat' dir='ltr'><strong>pro</strong></span> <span class='ocrx_word' id='word_1_90' title='bbox 459 1047 573 1083; x_wconf 88' lang='lat' dir='ltr'><strong>Petro</strong></span> <span class='ocrx_word' id='word_1_91' title='bbox 593 1058 697 1082; x_wconf 85' lang='lat' dir='ltr'><strong>nun-c</strong></span> <span class='ocrx_word' id='word_1_92' title='bbox 718 1058 832 1095; x_wconf 85' lang='lat' dir='ltr'><strong>parce</strong></span> <span class='ocrx_word' id='word_1_93' title='bbox 849 1041 980 1083; x_wconf 86' lang='lat' dir='ltr'><strong>meo.”</strong></span> <span class='ocrx_word' id='word_1_94' title='bbox 1035 1059 1111 1098; x_wconf 85' lang='lat' dir='ltr'><strong>quo</strong></span> <span class='ocrx_word' id='word_1_95' title='bbox 1131 1049 1290 1084; x_wconf 86' lang='lat' dir='ltr'><strong>nomine</strong></span> <span class='ocrx_word' id='word_1_96' title='bbox 1313 1045 1416 1084; x_wconf 87' lang='lat' dir='ltr'><strong>dicto</strong></span> 
     </span>
     <span class='ocr_line' id='line_1_15' title="bbox 369 1111 1383 1164; baseline 0.002 -15"><span class='ocrx_word' id='word_1_97' title='bbox 369 1111 495 1152; x_wconf 78' lang='lat' dir='ltr'><strong>haesit</strong></span> <span class='ocrx_word' id='word_1_98' title='bbox 511 1113 552 1148; x_wconf 89' lang='lat' dir='ltr'><strong>in</strong></span> <span class='ocrx_word' id='word_1_99' title='bbox 570 1125 634 1150; x_wconf 88' lang='lat' dir='ltr'><strong>ore</strong></span> <span class='ocrx_word' id='word_1_100' title='bbox 651 1125 767 1150; x_wconf 86' lang='lat' dir='ltr'><strong>sonus</strong></span> <span class='ocrx_word' id='word_1_101' title='bbox 778 1140 789 1160; x_wconf 89' lang='lat'>,</span> <span class='ocrx_word' id='word_1_102' title='bbox 818 1118 1059 1149; x_wconf 82' lang='lat' dir='ltr'><strong>tremuerunt</strong></span> <span class='ocrx_word' id='word_1_103' title='bbox 1074 1120 1230 1164; x_wconf 80' lang='lat' dir='ltr'><strong>pectora</strong></span> <span class='ocrx_word' id='word_1_104' title='bbox 1247 1114 1383 1164; x_wconf 79' lang='lat' dir='ltr'><strong>patriS,</strong></span> 
     </span>
     <span class='ocr_line' id='line_1_16' title="bbox 367 1177 1290 1231; baseline 0 -15"><span class='ocrx_word' id='word_1_105' title='bbox 367 1177 570 1229; x_wconf 81' lang='lat' dir='ltr'><strong>frigidiora</strong></span> <span class='ocrx_word' id='word_1_106' title='bbox 588 1179 679 1228; x_wconf 85' lang='lat' dir='ltr'><strong>gelu</strong></span> <span class='ocrx_word' id='word_1_107' title='bbox 698 1177 917 1215; x_wconf 83' lang='lat' dir='ltr'><strong>ceciderunt</strong></span> <span class='ocrx_word' id='word_1_108' title='bbox 935 1192 1044 1216; x_wconf 87' lang='lat' dir='ltr'><strong>crura</strong></span> <span class='ocrx_word' id='word_1_109' title='bbox 1058 1193 1290 1231; x_wconf 85' lang='lat' dir='ltr'><strong>manusque,</strong></span> 
     </span>
     <span class='ocr_line' id='line_1_17' title="bbox 368 1243 1611 1297; baseline -0.001 -15"><span class='ocrx_word' id='word_1_110' title='bbox 368 1246 622 1297; x_wconf 85' lang='lat' dir='ltr'><strong>membraque</strong></span> <span class='ocrx_word' id='word_1_111' title='bbox 640 1252 775 1282; x_wconf 78' lang='lat' dir='ltr'><strong>cuncta</strong></span> <span class='ocrx_word' id='word_1_112' title='bbox 795 1245 941 1282; x_wconf 87' lang='lat' dir='ltr'><strong>labant.</strong></span> <span class='ocrx_word' id='word_1_113' title='bbox 997 1246 1177 1282; x_wconf 78' lang='lat' dir='ltr'><strong>lacrimas</strong></span> <span class='ocrx_word' id='word_1_114' title='bbox 1195 1253 1288 1282; x_wconf 86' lang='lat' dir='ltr'><strong>tunc</strong></span> <span class='ocrx_word' id='word_1_115' title='bbox 1305 1243 1475 1284; x_wconf 76' lang='lat' dir='ltr'><strong>fluminis</strong></span> <span class='ocrx_word' id='word_1_116' title='bbox 1495 1243 1611 1282; x_wconf 73' lang='lat' dir='ltr'><strong>instat</strong></span> 
     </span>
     <span class='ocr_line' id='line_1_18' title="bbox 370 1311 1326 1361; baseline 0.003 -14"><span class='ocrx_word' id='word_1_117' title='bbox 370 1311 499 1348; x_wconf 79' lang='lat' dir='ltr'><strong>fundit</strong></span> <span class='ocrx_word' id='word_1_118' title='bbox 511 1340 522 1358; x_wconf 83' lang='lat'>‚</span> <span class='ocrx_word' id='word_1_119' title='bbox 553 1317 590 1348; x_wconf 88' lang='lat' dir='ltr'><strong>et</strong></span> <span class='ocrx_word' id='word_1_120' title='bbox 608 1313 788 1361; x_wconf 84' lang='lat' dir='ltr'><strong>ingentes</strong></span> <span class='ocrx_word' id='word_1_121' title='bbox 806 1313 973 1360; x_wconf 87' lang='lat' dir='ltr'><strong>gemitus</strong></span> <span class='ocrx_word' id='word_1_122' title='bbox 994 1311 1045 1348; x_wconf 85' lang='lat' dir='ltr'><strong>ad</strong></span> <span class='ocrx_word' id='word_1_123' title='bbox 1065 1311 1192 1349; x_wconf 81' lang='lat' dir='ltr'><strong>sidera</strong></span> <span class='ocrx_word' id='word_1_124' title='bbox 1210 1313 1326 1351; x_wconf 79' lang='lat' dir='ltr'><strong>tollit.</strong></span> 
     </span>
    </p>

    <p class='ocr_par' dir='ltr' id='par_1_6' title="bbox 262 1377 1392 1693">
     <span class='ocr_line' id='line_1_19' title="bbox 262 1377 1237 1429; baseline 0.002 -16"><span class='ocrx_word' id='word_1_125' title='bbox 262 1379 343 1420; x_wconf 81' lang='lat'><strong>310</strong></span> <span class='ocrx_word' id='word_1_126' title='bbox 425 1377 590 1414; x_wconf 78' lang='lat' dir='ltr'><strong>Talibus</strong></span> <span class='ocrx_word' id='word_1_127' title='bbox 610 1379 753 1414; x_wconf 81' lang='lat' dir='ltr'><strong>orantis</strong></span> <span class='ocrx_word' id='word_1_128' title='bbox 773 1378 884 1414; x_wconf 89' lang='lat' dir='ltr'><strong>ssetus</strong></span> <span class='ocrx_word' id='word_1_129' title='bbox 905 1383 943 1413; x_wconf 89' lang='lat' dir='ltr'><strong>et</strong></span> <span class='ocrx_word' id='word_1_130' title='bbox 959 1379 1077 1415; x_wconf 87' lang='lat' dir='ltr'><strong>verba</strong></span> <span class='ocrx_word' id='word_1_131' title='bbox 1093 1380 1237 1429; x_wconf 85' lang='lat' dir='ltr'><strong>recepit</strong></span> 
     </span>
     <span class='ocr_line' id='line_1_20' title="bbox 370 1442 1336 1493; baseline 0.002 -13"><span class='ocrx_word' id='word_1_132' title='bbox 370 1444 588 1493; x_wconf 85' lang='lat' dir='ltr'><strong>suspiciens</strong></span> <span class='ocrx_word' id='word_1_133' title='bbox 605 1442 808 1480; x_wconf 80' lang='lat' dir='ltr'><strong>dominus:</strong></span> <span class='ocrx_word' id='word_1_134' title='bbox 839 1442 978 1480; x_wconf 76' lang='lat' dir='ltr'><strong>validis</strong></span> <span class='ocrx_word' id='word_1_135' title='bbox 994 1445 1195 1481; x_wconf 85' lang='lat' dir='ltr'><strong>mitescere</strong></span> <span class='ocrx_word' id='word_1_136' title='bbox 1210 1445 1336 1482; x_wconf 81' lang='lat' dir='ltr'><strong>ventis</strong></span> 
     </span>
     <span class='ocr_line' id='line_1_21' title="bbox 368 1510 1392 1560; baseline 0.005 -16"><span class='ocrx_word' id='word_1_137' title='bbox 368 1510 535 1558; x_wconf 83' lang='lat' dir='ltr'><strong>imperat</strong></span> <span class='ocrx_word' id='word_1_138' title='bbox 548 1539 558 1558; x_wconf 88' lang='lat'>,</span> <span class='ocrx_word' id='word_1_139' title='bbox 589 1516 627 1546; x_wconf 87' lang='lat' dir='ltr'><strong>et</strong></span> <span class='ocrx_word' id='word_1_140' title='bbox 648 1511 778 1546; x_wconf 86' lang='lat' dir='ltr'><strong>clauso</strong></span> <span class='ocrx_word' id='word_1_141' title='bbox 797 1510 926 1558; x_wconf 83' lang='lat' dir='ltr'><strong>frangi</strong></span> <span class='ocrx_word' id='word_1_142' title='bbox 943 1510 1014 1547; x_wconf 81' lang='lat' dir='ltr'><strong>sub</strong></span> <span class='ocrx_word' id='word_1_143' title='bbox 1032 1517 1164 1547; x_wconf 90' lang='lat' dir='ltr'><strong>monte</strong></span> <span class='ocrx_word' id='word_1_144' title='bbox 1185 1511 1392 1560; x_wconf 80' lang='lat' dir='ltr'><strong>procellae.</strong></span> 
     </span>
     <span class='ocr_line' id='line_1_22' title="bbox 371 1574 1233 1625; baseline 0.005 -15"><span class='ocrx_word' id='word_1_145' title='bbox 371 1574 563 1625; x_wconf 67' lang='lat' dir='ltr'><strong>effug-imit</strong></span> <span class='ocrx_word' id='word_1_146' title='bbox 583 1576 727 1612; x_wconf 84' lang='lat' dir='ltr'><strong>celeres</strong></span> <span class='ocrx_word' id='word_1_147' title='bbox 746 1582 901 1612; x_wconf 81' lang='lat' dir='ltr'><strong>tenuato</strong></span> <span class='ocrx_word' id='word_1_148' title='bbox 924 1577 1068 1613; x_wconf 78' lang='lat' dir='ltr'><strong>vellere</strong></span> <span class='ocrx_word' id='word_1_149' title='bbox 1088 1577 1233 1614; x_wconf 79' lang='lat' dir='ltr'><strong>nubes:</strong></span> 
     </span>
     <span class='ocr_line' id='line_1_23' title="bbox 371 1641 1275 1693; baseline 0.003 -15"><span class='ocrx_word' id='word_1_150' title='bbox 371 1642 431 1678; x_wconf 85' lang='lat' dir='ltr'><strong>sol</strong></span> <span class='ocrx_word' id='word_1_151' title='bbox 450 1641 549 1678; x_wconf 80' lang='lat' dir='ltr'><strong>redit</strong></span> <span class='ocrx_word' id='word_1_152' title='bbox 561 1670 571 1689; x_wconf 89' lang='lat'>,</span> <span class='ocrx_word' id='word_1_153' title='bbox 602 1648 640 1677; x_wconf 90' lang='lat' dir='ltr'><strong>et</strong></span> <span class='ocrx_word' id='word_1_154' title='bbox 658 1643 759 1679; x_wconf 85' lang='lat' dir='ltr'><strong>claro</strong></span> <span class='ocrx_word' id='word_1_155' title='bbox 781 1643 954 1679; x_wconf 82' lang='lat' dir='ltr'><strong>rutilanti</strong></span> <span class='ocrx_word' id='word_1_156' title='bbox 967 1643 1148 1693; x_wconf 77' lang='lat' dir='ltr'><strong>lampade</strong></span> <span class='ocrx_word' id='word_1_157' title='bbox 1167 1645 1275 1682; x_wconf 89' lang='lat' dir='ltr'><strong>caelo</strong></span> 
     </span>
    </p>

    <p class='ocr_par' dir='ltr' id='par_1_7' title="bbox 264 1706 1416 2027">
     <span class='ocr_line' id='line_1_24' title="bbox 264 1706 1337 1760; baseline 0.007 -18"><span class='ocrx_word' id='word_1_158' title='bbox 264 1706 344 1748; x_wconf 82' lang='grc'><strong>315</strong></span> <span class='ocrx_word' id='word_1_159' title='bbox 374 1709 514 1744; x_wconf 83' lang='lat' dir='ltr'><strong>emicat</strong></span> <span class='ocrx_word' id='word_1_160' title='bbox 534 1708 612 1746; x_wconf 72' lang='lat' dir='ltr'><strong>alta</strong></span> <span class='ocrx_word' id='word_1_161' title='bbox 630 1707 728 1746; x_wconf 82' lang='lat' dir='ltr'><strong>dies.</strong></span> <span class='ocrx_word' id='word_1_162' title='bbox 784 1710 972 1760; x_wconf 83' lang='lat' dir='ltr'><strong>explanat</strong></span> <span class='ocrx_word' id='word_1_163' title='bbox 989 1712 1193 1748; x_wconf 82' lang='lat' dir='ltr'><strong>marmoris</strong></span> <span class='ocrx_word' id='word_1_164' title='bbox 1211 1709 1337 1749; x_wconf 88' lang='lat' dir='ltr'><strong>undas</strong></span> 
     </span>
     <span class='ocr_line' id='line_1_25' title="bbox 375 1767 1208 1823; baseline 0.007 -15"><span class='ocrx_word' id='word_1_165' title='bbox 375 1772 494 1810; x_wconf 83' lang='lat' dir='ltr'><strong>iussio</strong></span> <span class='ocrx_word' id='word_1_166' title='bbox 516 1782 617 1811; x_wconf 86' lang='lat' dir='ltr'><strong>certa</strong></span> <span class='ocrx_word' id='word_1_167' title='bbox 637 1774 719 1823; x_wconf 81' lang='lat' dir='ltr'><strong>dei3</strong></span> <span class='ocrx_word' id='word_1_168' title='bbox 750 1778 856 1813; x_wconf 82' lang='lat' dir='ltr'><strong>venti</strong></span> <span class='ocrx_word' id='word_1_169' title='bbox 877 1789 1019 1813; x_wconf 80' lang='lat' dir='ltr'><strong>venere</strong></span> <span class='ocrx_word' id='word_1_170' title='bbox 1034 1767 1208 1814; x_wconf 70' lang='lat' dir='ltr'><strong>secundi.</strong></span> 
     </span>
     <span class='ocr_line' id='line_1_26' title="bbox 375 1842 1320 1892; baseline 0.006 -18"><span class='ocrx_word' id='word_1_171' title='bbox 375 1848 610 1890; x_wconf 82' lang='lat' dir='ltr'><strong>consurgunt</strong></span> <span class='ocrx_word' id='word_1_172' title='bbox 630 1842 742 1890; x_wconf 83' lang='lat' dir='ltr'><strong>laeti,</strong></span> <span class='ocrx_word' id='word_1_173' title='bbox 770 1843 968 1879; x_wconf 85' lang='lat' dir='ltr'><strong>turbantes</strong></span> <span class='ocrx_word' id='word_1_174' title='bbox 986 1845 1115 1880; x_wconf 86' lang='lat' dir='ltr'><strong>omnia</strong></span> <span class='ocrx_word' id='word_1_175' title='bbox 1127 1873 1137 1891; x_wconf 89' lang='lat'>‚</span> <span class='ocrx_word' id='word_1_176' title='bbox 1167 1849 1320 1892; x_wconf 84' lang='lat' dir='ltr'><strong>nautae,</strong></span> 
     </span>
     <span class='ocr_line' id='line_1_27' title="bbox 374 1907 1281 1958; baseline 0.006 -16"><span class='ocrx_word' id='word_1_177' title='bbox 374 1907 533 1944; x_wconf 79' lang='lat' dir='ltr'><strong>vocibus</strong></span> <span class='ocrx_word' id='word_1_178' title='bbox 557 1914 595 1943; x_wconf 88' lang='lat' dir='ltr'><strong>et</strong></span> <span class='ocrx_word' id='word_1_179' title='bbox 612 1907 775 1957; x_wconf 80' lang='lat' dir='ltr'><strong>placidis</strong></span> <span class='ocrx_word' id='word_1_180' title='bbox 791 1907 997 1945; x_wconf 83' lang='lat' dir='ltr'><strong>intendunt</strong></span> <span class='ocrx_word' id='word_1_181' title='bbox 1014 1910 1134 1946; x_wconf 80' lang='lat' dir='ltr'><strong>lintea</strong></span> <span class='ocrx_word' id='word_1_182' title='bbox 1152 1911 1281 1958; x_wconf 84' lang='lat' dir='ltr'><strong>malis,</strong></span> 
     </span>
     <span class='ocr_line' id='line_1_28' title="bbox 374 1971 1416 2027; baseline 0.006 -20"><span class='ocrx_word' id='word_1_183' title='bbox 374 1971 662 2025; x_wconf 83' lang='lat' dir='ltr'><strong>implenturque</strong></span> <span class='ocrx_word' id='word_1_184' title='bbox 682 1976 803 2012; x_wconf 82' lang='lat' dir='ltr'><strong>sinus.</strong></span> <span class='ocrx_word' id='word_1_185' title='bbox 860 1977 983 2012; x_wconf 84' lang='lat' dir='ltr'><strong>socias</strong></span> <span class='ocrx_word' id='word_1_186' title='bbox 997 1982 1092 2012; x_wconf 77' lang='lat' dir='ltr'><strong>tunc</strong></span> <span class='ocrx_word' id='word_1_187' title='bbox 1104 1975 1277 2027; x_wconf 85' lang='lat' dir='ltr'><strong>undique</strong></span> <span class='ocrx_word' id='word_1_188' title='bbox 1295 1988 1416 2015; x_wconf 80' lang='lat' dir='ltr'><strong>naves</strong></span> 
     </span>
    </p>

    <p class='ocr_par' dir='ltr' id='par_1_8' title="bbox 267 2039 1458 2224">
     <span class='ocr_line' id='line_1_29' title="bbox 267 2039 1321 2093; baseline 0.007 -20"><span class='ocrx_word' id='word_1_189' title='bbox 267 2039 348 2078; x_wconf 70' lang='lat'><strong>320</strong></span> <span class='ocrx_word' id='word_1_190' title='bbox 377 2040 589 2089; x_wconf 79' lang='lat' dir='ltr'><strong>accipiunt,</strong></span> <span class='ocrx_word' id='word_1_191' title='bbox 619 2046 776 2091; x_wconf 84' lang='lat' dir='ltr'><strong>totoque</strong></span> <span class='ocrx_word' id='word_1_192' title='bbox 797 2041 992 2091; x_wconf 82' lang='lat' dir='ltr'><strong>refulgent</strong></span> <span class='ocrx_word' id='word_1_193' title='bbox 1012 2043 1169 2080; x_wconf 78' lang='lat' dir='ltr'><strong>carbasa</strong></span> <span class='ocrx_word' id='word_1_194' title='bbox 1187 2049 1321 2093; x_wconf 87' lang='lat' dir='ltr'><strong>ponto.</strong></span> 
     </span>
     <span class='ocr_line' id='line_1_30' title="bbox 377 2107 1458 2159; baseline 0.006 -18"><span class='ocrx_word' id='word_1_195' title='bbox 377 2107 458 2142; x_wconf 84' lang='lat' dir='ltr'><strong>iam</strong></span> <span class='ocrx_word' id='word_1_196' title='bbox 470 2108 631 2156; x_wconf 89' lang='lat' dir='ltr'><strong>propius</strong></span> <span class='ocrx_word' id='word_1_197' title='bbox 647 2108 884 2158; x_wconf 85' lang='lat' dir='ltr'><strong>propiusque</strong></span> <span class='ocrx_word' id='word_1_198' title='bbox 903 2110 1058 2156; x_wconf 69' lang='lat' dir='ltr'><strong>volantt,</strong></span> <span class='ocrx_word' id='word_1_199' title='bbox 1089 2116 1126 2146; x_wconf 90' lang='lat' dir='ltr'><strong>et</strong></span> <span class='ocrx_word' id='word_1_200' title='bbox 1142 2121 1326 2159; x_wconf 87' lang='lat' dir='ltr'><strong>prospera</strong></span> <span class='ocrx_word' id='word_1_201' title='bbox 1347 2121 1458 2147; x_wconf 82' lang='lat' dir='ltr'><strong>cursu</strong></span> 
     </span>
     <span class='ocr_line' id='line_1_31' title="bbox 377 2173 1329 2224; baseline 0.003 -16"><span class='ocrx_word' id='word_1_202' title='bbox 377 2174 528 2209; x_wconf 88' lang='lat' dir='ltr'><strong>caerula</strong></span> <span class='ocrx_word' id='word_1_203' title='bbox 549 2173 742 2210; x_wconf 86' lang='lat' dir='ltr'><strong>sulcantes</strong></span> <span class='ocrx_word' id='word_1_204' title='bbox 759 2175 967 2224; x_wconf 83' lang='lat' dir='ltr'><strong>impellunt</strong></span> <span class='ocrx_word' id='word_1_205' title='bbox 986 2176 1143 2212; x_wconf 86' lang='lat' dir='ltr'><strong>flamina</strong></span> <span class='ocrx_word' id='word_1_206' title='bbox 1164 2186 1329 2224; x_wconf 84' lang='lat' dir='ltr'><strong>puppes.</strong></span> 
     </span>
    </p>

    <p class='ocr_par' dir='ltr' id='par_1_9' title="bbox 378 2239 1374 2358">
     <span class='ocr_line' id='line_1_32' title="bbox 431 2239 1311 2289; baseline 0.001 -14"><span class='ocrx_word' id='word_1_207' title='bbox 431 2240 636 2289; x_wconf 80' lang='lat' dir='ltr'><strong>Prospexit</strong></span> <span class='ocrx_word' id='word_1_208' title='bbox 653 2239 813 2277; x_wconf 86' lang='lat' dir='ltr'><strong>tandem</strong></span> <span class='ocrx_word' id='word_1_209' title='bbox 833 2254 1038 2279; x_wconf 82' lang='lat' dir='ltr'><strong>succensae</strong></span> <span class='ocrx_word' id='word_1_210' title='bbox 1054 2242 1167 2278; x_wconf 84' lang='lat' dir='ltr'><strong>litora</strong></span> <span class='ocrx_word' id='word_1_211' title='bbox 1187 2247 1311 2277; x_wconf 87' lang='lat' dir='ltr'><strong>terrae</strong></span> 
     </span>
     <span class='ocr_line' id='line_1_33' title="bbox 378 2302 1374 2358; baseline 0.005 -19"><span class='ocrx_word' id='word_1_212' title='bbox 378 2302 531 2351; x_wconf 83' lang='lat' dir='ltr'><strong>ductor,</strong></span> <span class='ocrx_word' id='word_1_213' title='bbox 563 2313 600 2342; x_wconf 85' lang='lat' dir='ltr'><strong>et</strong></span> <span class='ocrx_word' id='word_1_214' title='bbox 619 2305 828 2344; x_wconf 89' lang='lat' dir='ltr'><strong>indomitas</strong></span> <span class='ocrx_word' id='word_1_215' title='bbox 848 2309 985 2345; x_wconf 85' lang='lat' dir='ltr'><strong>Martis</strong></span> <span class='ocrx_word' id='word_1_216' title='bbox 1003 2309 1183 2358; x_wconf 81' lang='lat' dir='ltr'><strong>cognovit</strong></span> <span class='ocrx_word' id='word_1_217' title='bbox 1202 2306 1374 2344; x_wconf 81' lang='lat' dir='ltr'><strong>habenas</strong></span> 
     </span>
    </p>

    <p class='ocr_par' dir='ltr' id='par_1_10' title="bbox 267 2368 1520 2558">
     <span class='ocr_line' id='line_1_34' title="bbox 267 2368 1520 2423; baseline 0.005 -17"><span class='ocrx_word' id='word_1_218' title='bbox 267 2368 348 2412; x_wconf 83' lang='lat'><strong>325</strong></span> <span class='ocrx_word' id='word_1_219' title='bbox 373 2383 449 2407; x_wconf 81' lang='lat' dir='ltr'><strong>nec</strong></span> <span class='ocrx_word' id='word_1_220' title='bbox 473 2371 634 2408; x_wconf 82' lang='lat' dir='ltr'><strong>dubium</strong></span> <span class='ocrx_word' id='word_1_221' title='bbox 663 2372 782 2423; x_wconf 87' lang='lat' dir='ltr'><strong>(nam</strong></span> <span class='ocrx_word' id='word_1_222' title='bbox 802 2387 892 2411; x_wconf 78' lang='lat' dir='ltr'><strong>vera</strong></span> <span class='ocrx_word' id='word_1_223' title='bbox 909 2375 1038 2411; x_wconf 80' lang='lat' dir='ltr'><strong>ferunt</strong></span> <span class='ocrx_word' id='word_1_224' title='bbox 1055 2371 1260 2423; x_wconf 84' lang='lat' dir='ltr'><strong>incendia)</strong></span> <span class='ocrx_word' id='word_1_225' title='bbox 1288 2378 1520 2412; x_wconf 81' lang='lat' dir='ltr'><strong>monstrum·</strong></span> 
     </span>
     <span class='ocr_line' id='line_1_35' title="bbox 378 2438 1314 2490; baseline 0.002 -17"><span class='ocrx_word' id='word_1_226' title='bbox 378 2438 585 2474; x_wconf 79' lang='lat' dir='ltr'><strong>volvebant</strong></span> <span class='ocrx_word' id='word_1_227' title='bbox 605 2441 711 2475; x_wconf 80' lang='lat' dir='ltr'><strong>venti</strong></span> <span class='ocrx_word' id='word_1_228' title='bbox 733 2443 941 2490; x_wconf 83' lang='lat' dir='ltr'><strong>crispantes</strong></span> <span class='ocrx_word' id='word_1_229' title='bbox 960 2442 1104 2477; x_wconf 74' lang='lat' dir='ltr'><strong>vortice</strong></span> <span class='ocrx_word' id='word_1_230' title='bbox 1126 2442 1314 2486; x_wconf 82' lang='lat' dir='ltr'><strong>stammas,</strong></span> 
     </span>
     <span class='ocr_line' id='line_1_36' title="bbox 378 2504 1332 2558; baseline 0.001 -18"><span class='ocrx_word' id='word_1_231' title='bbox 378 2511 417 2540; x_wconf 88' lang='lat' dir='ltr'><strong>et</strong></span> <span class='ocrx_word' id='word_1_232' title='bbox 436 2504 544 2542; x_wconf 84' lang='lat' dir='ltr'><strong>fumo</strong></span> <span class='ocrx_word' id='word_1_233' title='bbox 568 2507 767 2543; x_wconf 84' lang='lat' dir='ltr'><strong>commista</strong></span> <span class='ocrx_word' id='word_1_234' title='bbox 786 2507 919 2544; x_wconf 78' lang='lat' dir='ltr'><strong>volans</strong></span> <span class='ocrx_word' id='word_1_235' title='bbox 940 2520 1056 2558; x_wconf 86' lang='lat' dir='ltr'><strong>super</strong></span> <span class='ocrx_word' id='word_1_236' title='bbox 1077 2514 1178 2544; x_wconf 81' lang='lat' dir='ltr'><strong>astra</strong></span> <span class='ocrx_word' id='word_1_237' title='bbox 1197 2506 1332 2543; x_wconf 73' lang='lat' dir='ltr'><strong>favilla</strong></span> 
     </span>
    </p>
   </div>
   <div class='ocr_carea' id='block_1_3' title="bbox 268 2622 1693 2748">
    <p class='ocr_par' dir='ltr' id='par_1_11' title="bbox 268 2622 1693 2748">
     <span class='ocr_line' id='line_1_37' title="bbox 269 2622 1690 2670; baseline -0.001 -13"><span class='ocrx_word' id='word_1_238' title='bbox 269 2623 336 2657; x_wconf 74' lang='lat'><strong>302</strong></span> <span class='ocrx_word' id='word_1_239' title='bbox 358 2623 482 2656; x_wconf 70' lang='lat' dir='ltr'><strong>seruire</strong></span> <span class='ocrx_word' id='word_1_240' title='bbox 501 2624 533 2657; x_wconf 86' lang='grc' dir='ltr'><strong>Τ</strong></span> <span class='ocrx_word' id='word_1_241' title='bbox 618 2625 684 2659; x_wconf 80' lang='lat'><strong>305</strong></span> <span class='ocrx_word' id='word_1_242' title='bbox 708 2624 852 2670; x_wconf 79' lang='lat' dir='ltr'><strong>proterio</strong></span> <span class='ocrx_word' id='word_1_243' title='bbox 869 2635 955 2658; x_wconf 90' lang='lat' dir='ltr'><strong>nunc</strong></span> <span class='ocrx_word' id='word_1_244' title='bbox 973 2635 1077 2668; x_wconf 74' lang='lat' dir='ltr'><strong>purge</strong></span> <span class='ocrx_word' id='word_1_245' title='bbox 1094 2625 1125 2658; x_wconf 84' lang='grc' dir='ltr'><strong>Τ</strong></span> <span class='ocrx_word' id='word_1_246' title='bbox 1213 2624 1278 2659; x_wconf 82' lang='lat'><strong>306</strong></span> <span class='ocrx_word' id='word_1_247' title='bbox 1293 2623 1362 2657; x_wconf 80' lang='lat' dir='ltr'><strong>exit</strong></span> <span class='ocrx_word' id='word_1_248' title='bbox 1381 2623 1412 2656; x_wconf 80' lang='grc' dir='ltr'><strong><em>Τ</em></strong></span> <span class='ocrx_word' id='word_1_249' title='bbox 1496 2623 1565 2658; x_wconf 72' lang='lat'><strong>312</strong></span> <span class='ocrx_word' id='word_1_250' title='bbox 1579 2622 1690 2656; x_wconf 78' lang='lat' dir='ltr'><strong>clauso</strong></span> 
     </span>
     <span class='ocr_line' id='line_1_38' title="bbox 268 2667 1693 2748; baseline 0.001 -48"><span class='ocrx_word' id='word_1_251' title='bbox 268 2668 605 2748; x_wconf 46' lang='grc' dir='ltr'><strong>ςέῖηιέἒυιίῇὲττοξςθῃε</strong></span> <span class='ocrx_word' id='word_1_252' title='bbox 623 2671 654 2704; x_wconf 86' lang='grc' dir='ltr'><em>Τ</em></span> <span class='ocrx_word' id='word_1_253' title='bbox 769 2670 834 2704; x_wconf 76' lang='grc'><strong>321</strong></span> <span class='ocrx_word' id='word_1_254' title='bbox 861 2669 1010 2715; x_wconf 81' lang='lat' dir='ltr'><strong>proprius</strong></span> <span class='ocrx_word' id='word_1_255' title='bbox 1027 2668 1246 2714; x_wconf 82' lang='lat' dir='ltr'><strong>propriusque</strong></span> <span class='ocrx_word' id='word_1_256' title='bbox 1263 2670 1294 2703; x_wconf 78' lang='grc' dir='ltr'><strong><em>Τ</em></strong></span> <span class='ocrx_word' id='word_1_257' title='bbox 1409 2667 1476 2702; x_wconf 72' lang='lat'><strong>324</strong></span> <span class='ocrx_word' id='word_1_258' title='bbox 1498 2668 1638 2702; x_wconf 81' lang='lat' dir='ltr'><strong>harenas</strong></span> <span class='ocrx_word' id='word_1_259' title='bbox 1653 2668 1693 2702; x_wconf 82' lang='lat' dir='ltr'><em>M</em></span> 
     </span>
    </p>
   </div>
  </div>
 </body>
</html>
