1702 3060
230 84 325 131 246
723 81 1160 125 MAzthccuELLn
1651 74 1665 150 3

231 200 344 244 patui·
372 194 488 230 etiam
514 189 562 227 tle
594 195 703 241 parte
722 195 845 226 terrae
865 201 934 226 seu
951 188 1130 238 regione,
1159 193 1202 224 ut
1219 193 1327 224 notat
1341 185 1579 226 Forcellinus
1598 175 1669 242 (ηεξΙ
1700 184 1702 186 ’

230 250 332 286 Plin.
353 251 403 287 12
434 249 497 286 12.

341 311 434 352 325.
488 308 741 359 gemmifer-129.
798 306 914 345 huius
950 309 1056 344 vocis
1091 305 1382 345 desiderabatur
1411 310 1650 360 exemplum,
1670 327 1671 330 ¹

233 365 337 419 quod
358 365 408 402 ad
427 377 602 415 gemmas
624 365 805 401 arborum
825 371 1028 414 spectaret.
1642 362 1645 365 ’
1662 354 1673 403 ,⁴

341 434 434 471 827.
491 430 682 475 novellas,
711 429 752 467 id
773 436 830 466 est
850 431 984 465 vineas
1005 429 1064 465 vel
1085 430 1203 474 vites,
1233 435 1275 464 ut
1294 428 1400 477 Virg.
1422 429 1505 464 Ecl.
1522 431 1546 468 8
1580 431 1651 476 11;
1672 431 1674 453 ἶ

234 488 327 523 vites
357 485 526 522 incidere
543 486 659 536 fitlce
685 485 871 522 novellas.
929 487 1005 521 nisi
1026 486 1149 520 mavis
1171 484 1386 532 intelligere
1406 495 1654 535 quascunque

232 542 384 592 plantas
411 549 586 590 teneras,
615 547 658 578 ut
684 541 840 580 Psalmo
870 542 945 580 127
975 543 1020 579 3:
1039 539 1128 588 filli
1157 539 1216 574 tui
1249 540 1351 575 sicut
1377 539 1551 575 novellae
1581 539 1657 576 olb-

231 610 384 633 varum.

343 652 437 691 328.
494 650 552 687 ad
565 658 701 688 aratra
721 652 901 686 iuvencos
919 650 1026 699 Vir-g.
1056 650 1197 698 Geor-g.
1216 650 1239 687 3
1270 647 1336 688 50.
1666 666 1679 683 Q

344 718 438 758 335.
495 730 555 753 ms
579 718 716 761 musi&
747 715 816 752 sed
835 713 919 751 1011.
941 717 986 750 L.
1006 714 1053 750 de
1076 716 1193 750 Bonis
1218 715 1257 750 in
1287 717 1464 763 poemate
1483 714 1544 750 cui
1564 715 1659 751 titu-

233 771 295 808 lus
314 770 526 818 Romulea;
557 775 583 812 2
609 775 708 818 237,
741 769 855 806 habet
877 769 1043 805 eundem
1061 782 1236 815 versum,
1264 769 1332 804 ubi
1353 770 1394 804 in
1417 768 1546 806 codice
1568 771 1660 806 Tri-

235 828 408 863 vultiano
431 829 466 863 A
487 829 568 867 273
591 827 651 863 bis
668 826 808 861 melius
829 826 972 874 legitur
994 826 1108 861 curis.
1166 827 1204 860 in
1227 823 1357 860 codice
1379 831 1506 860 autem
1527 827 1562 861 A
1582 825 1660 866 275

236 889 294 919 est
323 884 456 920 musis.
514 894 607 918 sane
634 888 673 918 et
695 880 799 931 apud
825 881 902 916 Cic.
933 880 1048 916 Catil.
1075 883 1094 919 1
1132 882 1180 920 13
1213 885 1270 915 est
1295 878 1466 915 relevare
1491 880 1662 930 aliquem

234 951 330 974 eura
355 945 392 974 et
411 944 528 973 melu.

347 996 441 1034 837.
499 994 675 1041 Propert.
702 989 728 1030 4
756 993 780 1030 7
811 989 886 1029 51:
904 987 1089 1039 fitiorum
1106 988 1212 1025 malli
1225 987 1442 1025 revocabile
1459 996 1621 1026 slamen.

347 1050 441 1088 339.
498 1060 558 1083 ms
577 1054 694 1091 tenes;
725 1058 793 1095 pro
813 1057 888 1095 quo
906 1043 989 1080 Iob.
1011 1046 1055 1080 L.
1078 1043 1124 1080 de
1142 1046 1262 1081 Bonis
1279 1043 1394 1080 habet
1413 1051 1556 1093 rotatis.
1595 1045 1662 1081 ille

238 1101 343 1139 hunc
371 1116 459 1139 omn
491 1115 603 1138 versu
632 1099 875 1137 antecedenti
906 1101 960 1136 sic
987 1100 1117 1135 intulit
1145 1101 1185 1135 in
1206 1112 1274 1135 sua
1292 1099 1486 1135 Romulea
1508 1102 1532 1138 2
1564 1100 1663 1140 149:

238 1172 309 1194 cur
326 1159 414 1209 quis*
429 1171 467 1194 es
483 1158 684 1194 hominnm
700 1156 807 1191 tenui
823 1155 1032 1202 pendentia
1038 1154 1128 1204 filo¹
1129 1155 1221 1204 filla
1244 1161 1376 1190 rosan-5·
1399 1154 1532 1190 leviter
1546 1154 1666 1204 pellis

241 1226 391 1263 qnoque
409 1213 604 1261 rumpilm·
622 1210 736 1248 orbis.
793 1217 1043 1246 veruntamen
1067 1209 1130 1245 hic
1151 1217 1187 1245 et
1206 1210 1336 1259 plures
1357 1216 1562 1260 sequentes
1579 1223 1667 1246 ver-

241 1281 307 1304 sus
331 1267 509 1317 indigent
531 1265 710 1303 secundis
730 1267 829 1301 curis
848 1266 911 1301 vel
930 1266 1081 1300 meliori
1101 1264 1230 1301 codice
1243 1293 1253 1311 ‚
1284 1271 1327 1301 ut
1347 1266 1596 1302 restituantur
1617 1264 1668 1302 ad

242 1336 375 1361 veram
396 1325 616 1360 lectionem.
674 1322 805 1357 forsan
829 1321 970 1370 aliquis
993 1333 1127 1356 versus
1150 1319 1270 1356 deest.

353 1387 446 1430 343.
503 1401 563 1425 ms
589 1386 798 1429 labentem,
829 1397 946 1435 quam
968 1386 1175 1421 lectionem
1194 1386 1355 1421 fortasse
1372 1386 1471 1421 tueri
1492 1397 1668 1435 possem:

244 1456 335 1480 nam
354 1446 395 1480 in
414 1443 560 1494 hymno
583 1443 623 1479 S.
643 1442 840 1478 Ambrosii
866 1442 931 1490 qui
953 1442 1087 1490 incipit
1114 1436 1290 1476 “aeterne
1310 1453 1438 1476 rerum
1458 1436 1670 1486 conditorss’

246 1507 418 1549 correpta
448 1505 506 1535 est
529 1500 645 1548 prior⁴
666 1497 816 1547 syllaba
843 1498 948 1532 vocis
975 1495 1146 1531 labentes
1168 1498 1207 1531 in
1227 1509 1341 1532 versu
1364 1490 1482 1533 “Ie-cu»
1501 1496 1671 1532 labentes

245 1551 427 1603 1·espice‚'’
455 1556 566 1590 iuxta
595 1565 730 1589 omnes
758 1550 909 1587 codices
927 1564 1015 1587 cum
1037 1564 1117 1587 mss
1138 1557 1222 1586 tuin
1241 1553 1449 1600 impressos
1469 1551 1671 1598 librorum,

247 1610 388 1659 quibus
407 1611 525 1646 utitur
544 1608 848 1644 Mediolanensis
868 1607 991 1643 clerus
1012 1620 1080 1656 pro
1101 1605 1306 1642 recitandis
1328 1605 1562 1656 quotidianis
1580 1620 1673 1656 pre-

248 1665 376 1712 cibus,
406 1666 524 1714 vulgo
543 1664 767 1700 Breviariis.
824 1663 865 1698 in
884 1675 983 1698 nova
1003 1669 1133 1698 autem
1152 1663 1374 1698 recensione
1394 1660 1569 1698 eiusdem
1584 1662 1674 1698 libri

249 1721 341 1755 anni
367 1722 493 1765 1760,
524 1721 565 1754 in
598 1731 672 1769 qua
701 1719 819 1754 etiam
846 1717 992 1767 aliquot
1013 1718 1078 1753 alii
1096 1730 1229 1761 versus
1248 1715 1424 1752 eiusdem
1442 1715 1579 1767 hymni
1598 1719 1675 1753 ini-

250 1777 390 1811 mutati
420 1775 597 1820 fuerunt,
627 1786 696 1823 pro
729 1771 899 1808 labentes
927 1774 1160 1822 impressum
1188 1773 1261 1808 suit
1290 1771 1483 1816 labantes,
1513 1773 1674 1810 fortasse

251 1832 341 1880 quia
370 1831 425 1866 sic
453 1830 603 1878 legitur'
626 1830 664 1864 in
696 1826 864 1863 editione
891 1841 1053 1876 operum
1080 1828 1185 1863 illius
1202 1827 1242 1863 S.
1259 1828 1432 1864 Doctoris
1454 1834 1609 1864 curante
1630 1829 1675 1863 P.

249 1886 369 1922 Nouri
391 1885 549 1920 Parisiis
574 1885 688 1922 1690.
747 1884 787 1918 iu
807 1883 1087 1932 antiquioribus
1107 1881 1339 1919 editionibus
1361 1889 1553 1918 retentum
1572 1895 1677 1919 sem-

251 1953 320 1990 per
338 1941 465 1976 fuerat
483 1945 593 1976 vetus
613 1944 650 1973 et
670 1938 832 1973 fortasse
854 1950 945 1974 vera
965 1938 1079 1973 lectio
1099 1936 1281 1973 labentes.

359 2005 454 2047 345.
511 2008 552 2043 in
573 2008 747 2055 margine
765 2004 907 2054 legitur
926 2001 1022 2038 liaeo
1039 2010 1153 2039 nota:
1184 2002 1249 2038 hic
1277 2002 1506 2039 describitur
1532 2010 1679 2039 morta-

254 2061 346 2098 litas
367 2061 484 2111 quasi
499 2062 698 2111 siczclsitll
721 2060 838 2100 1348.
896 2057 1001 2094 idem
1032 2059 1175 2107 legitur
1190 2060 1229 2094 in
1248 2057 1458 2094 Periocbis.
1519 2059 1680 2107 pestifer

257 2123 386 2153 nutem
414 2117 521 2154 illius
553 2118 643 2153 anni
673 2115 830 2152 morbus
857 2114 1036 2150 omnibus
1066 2115 1234 2149 innotuit
1253 2115 1500 2164 potissimum
1520 2126 1571 2149 ex
1593 2111 1677 2149 Ioh.

255 2173 475 2208 Boocaccio.
533 2175 639 2221 Virg.
661 2171 764 2207 Aen.
785 2173 809 2212 6
835 2169 937 2210 695:
971 2170 1092 2205 tristis
1114 2170 1264 2219 imago,
1293 2175 1331 2205 et
1350 2172 1374 2208 2
1398 2171 1500 2210 369:
1530 2175 1566 2204 et
1578 2168 1679 2217 plu-

258 2227 357 2262 rima
377 2229 510 2263 mortis
528 2229 671 2277 imago.

368 2282 461 2322 346.
518 2283 558 2318 iu
586 2285 710 2332 prima
735 2287 841 2332 parte
870 2278 986 2316 huius
1018 2291 1151 2315 versus
1184 2278 1310 2314 innuit
1341 2280 1455 2327 poeta
1489 2275 1681 2312 diluvium

259 2337 476 2373 universale
507 2337 742 2386 descriptum
776 2350 798 2373 a
823 2337 945 2372 Moise
966 2335 1006 2369 in
1029 2334 1190 2382 Genesi,
1219 2335 1262 2370 in
1289 2333 1408 2369 altero
1429 2338 1560 2368 autem
1580 2331 1682 2369 illud

260 2390 511 2440 Thessaliae,
540 2392 645 2442 quod
669 2393 806 2428 cecinit
828 2390 987 2428 Ovidius
1008 2390 1106 2426 Met.
1133 2391 1169 2428 1.

371 2446 464 2487 347.
521 2447 648 2496 letifer
662 2461 791 2482 annus
807 2448 913 2495 Virg.
932 2446 1035 2481 Aen.
1052 2446 1078 2484 3
1113 2444 1200 2484 139.

374 2501 467 2544 349.
525 2503 600 2538 feci
627 2501 815 2538 hausisse.-
844 2515 938 2538 nam
963 2501 1063 2536 clare
1082 2497 1144 2534 hic
1162 2509 1287 2534 sermo
1307 2502 1364 2534 est
1382 2494 1429 2534 de
1448 2497 1603 2548 eagittis
1621 2497 1684 2533 di-

267 2558 384 2603 vinis,
415 2570 555 2608 nempe
578 2557 769 2606 Apollinis
784 2586 792 2602 ,
824 2569 920 2607 quae
940 2561 1105 2591 mortem
1123 2552 1339 2589 inferebant
1358 2553 1535 2601 Graecis,
1565 2559 1607 2590 ut
1621 2554 1683 2589 le-

266 2614 368 2663 gitur
391 2611 494 2662 apud
512 2615 723 2649 Homerum
741 2611 861 2648 Iliad.
886 2615 901 2650 1
934 2609 987 2649 43
1008 2615 1045 2645 et
1065 2621 1174 2659 seqq.

374 2671 468 2710 856.
527 2667 637 2707 Ovid.
669 2668 779 2703 Trisl.
804 2669 821 2706 1
855 2669 879 2706 3
910 2668 982 2706 21:
1013 2663 1139 2700 luclus
1154 2664 1397 2714 gemitusque
1413 2661 1616 2700 sonabant.
