1702 3060
255 141 349 187 138
851 146 1069 191 CORIPPI

246 249 326 292 340
353 266 423 303 per
442 253 544 302 ripas
562 252 637 288 ruit
659 265 773 289 omne
793 265 929 304 genus.
985 268 1063 292 non
1080 255 1190 294 frena
1207 257 1400 312 retardant
1424 283 1426 285 >

355 317 579 368 cornipedes
600 317 765 356 domitos
778 331 795 369 ;>
818 333 916 368 non,
947 334 1045 373 quae
1065 335 1180 372 super
1198 335 1286 370 ora,
1318 327 1483 365 camelos

354 385 507 421 vincula
530 397 613 421 rara
632 391 777 424 tenent.
833 388 992 424 mistum
1010 401 1132 437 genus
1148 402 1263 426 omne
1280 390 1437 430 bibebat

354 449 567 500 undivagos
589 453 736 490 latices.
793 453 929 490 ardent
947 456 1158 506 sitiuntque
1175 456 1364 501 bibentes,

352 514 416 552 hic
437 518 598 566 genibus
619 519 729 567 fixis,
759 521 938 557 manibus
958 522 1055 558 bibit
1076 522 1143 558 ille
1167 523 1333 569 cavatis3

245 581 323 623 345
352 597 495 632 pronus
517 597 637 636 aquas
659 587 757 623 alius
774 587 911 623 lambit
932 586 979 623 de
999 588 1157 623 flumine
1175 588 1323 637 lingua.
1392 634 1394 638 y

352 649 420 686 ille
444 649 582 687 cadum
600 659 758 702 potans,
788 659 962 703 pateram
977 659 1082 690 tenet
1103 654 1200 690 alter
1223 661 1261 691 et
1281 668 1432 694 urnam.

351 717 511 753 fiumina
527 719 607 754 iam
625 720 826 755 minuunt:
855 720 960 768 ipsas
980 721 1183 770 impressat
1204 733 1340 759 arenas

349 782 513 833 belliger
532 797 618 832 ore,
648 797 764 835 super
785 783 943 821 foedant
962 798 1056 836 quas
1074 799 1189 836 saepe
1206 787 1399 825 movendo

350 848 639 900 quadrupedes3
669 852 879 902 mistasque
900 851 990 888 fimo
1009 865 1082 888 nec
1101 855 1245 902 respuit
1263 853 1388 892 undas
1417 867 1421 871 ·

243 914 322 956 350
351 917 462 953 turba
485 918 548 953 siti
570 918 747 955 fervens:
775 919 938 955 miseros
957 919 1012 954 sic
1030 919 1141 955 ssatus
1160 919 1312 968 agebat.

405 983 555 1034 Syrtica
576 991 698 1020 castra
718 990 869 1030 tamen,
899 985 1019 1021 nimio
1038 985 1189 1021 turbata
1210 997 1366 1036 pavore,

349 1062 462 1085 saeva
482 1051 552 1086 sub
573 1051 730 1087 alternis
747 1049 882 1086 urebat
902 1051 1057 1086 flamma
1076 1051 1243 1102 periclis.

349 1128 518 1166 namque
540 1129 655 1166 super
675 1122 790 1152 vento
811 1118 965 1166 gravior
986 1118 1103 1153 timor
1122 1118 1205 1168 ipse
1224 1118 1392 1167 fatigans

349 1183 671 1234 ingeminansque
692 1184 799 1220 sitim
817 1189 951 1232 gentes
972 1183 1141 1232 pellebat
1159 1197 1309 1222 amaras

236 1247 315 1288 355
346 1250 400 1285 ire
423 1249 577 1298 procul,
608 1250 747 1286 retinet
767 1249 837 1286 sed
856 1251 977 1286 victos
999 1250 1152 1287 Africus
1170 1252 1261 1300 igne

343 1315 560 1365 impediens
578 1316 754 1365 populos.
813 1318 983 1366 captivos
1000 1318 1216 1366 comprimit
1231 1317 1347 1354 Afros

342 1380 499 1418 horrida
518 1395 622 1419 mors
644 1384 831 1419 miseros:
860 1381 1004 1432 praedo
1024 1389 1158 1432 urget,
1189 1383 1344 1419 flamma
1367 1383 1556 1430 retardatz,

342 1449 476 1484 lancea
495 1455 602 1499 terga
621 1449 711 1485 ferit
727 1451 978 1496 miserorum,
1007 1456 1160 1499 pectora
1176 1449 1304 1486 turbat

342 1516 494 1552 Africus
513 1517 602 1566 igne
622 1517 765 1552 calens.
823 1517 967 1566 campis
986 1522 1173 1566 prostrata
1191 1514 1350 1552 cadebat

231 1582 310 1621 360
339 1582 449 1617 turba
469 1594 651 1631 gemens3
682 1583 843 1619 moritur
860 1585 976 1620 variis
999 1596 1069 1634 per
1089 1581 1200 1619 devia
1218 1583 1322 1620 fatis.

338 1646 402 1684 hic
419 1651 526 1684 venti
544 1650 709 1686 flammis
722 1677 732 1696 ‚
761 1647 825 1686 hic
849 1651 954 1687 saevi
976 1651 1136 1687 vulnere
1154 1649 1259 1697 ferri,

340 1713 404 1750 hic
423 1714 469 1750 ab
489 1722 652 1767 utroque
672 1715 793 1752 cadit:
822 1715 963 1765 gladiis
979 1729 1073 1752 nam
1092 1729 1250 1768 corpora
1270 1714 1450 1764 fundunt,

340 1779 482 1817 halitus
503 1782 543 1817 in
563 1795 715 1818 summo
737 1784 863 1819 tenuis
887 1783 1026 1834 quibus
1047 1795 1112 1820 ore
1131 1783 1328 1820 remansit.

338 1848 418 1884 iam
437 1849 590 1897 gravior
608 1849 719 1885 flatus
739 1850 898 1886 veniens
916 1851 1112 1886 Maurusia
1130 1850 1258 1886 turbat

229 1913 309 1956 365
339 1927 518 1964 corpora,
546 1922 671 1951 morte
690 1928 882 1965 premens.
938 1916 1046 1951 misti
1062 1929 1131 1966 per
1146 1923 1254 1966 prata
1274 1916 1460 1954 cadebant

339 1982 432 2019 fessi
454 1979 744 2032 quadrupedes:
774 1982 894 2019 vitam
912 1993 994 2018 sors
1013 1994 1127 2018 saeva
1143 1983 1326 2032 negabat,

338 2046 408 2084 sed
428 2054 559 2084 tamen
579 2049 750 2085 infensas
769 2060 911 2098 urgens
931 2049 1046 2084 timor
1066 2049 1120 2085 ire
1140 2055 1310 2087 catervas

334 2127 405 2163 per
426 2113 576 2151 deserta
597 2115 724 2162 iubet3
754 2127 826 2150 nec
845 2115 925 2150 iam
944 2127 1013 2151 sua
1031 2122 1153 2151 castra
1170 2116 1297 2153 locare

332 2182 520 2229 permittit
542 2188 682 2230 terror,
714 2179 783 2218 sed
800 2181 939 2230 longas
958 2181 1070 2230 pellit
1095 2181 1144 2218 ad
1164 2195 1250 2220 oras

222 2247 303 2286 370
331 2247 521 2297 Massylas
544 2255 692 2297 gentes.
748 2248 948 2298 bisquiuos
966 2247 1119 2285 Africus
1137 2250 1248 2299 ignes

333 2320 493 2349 auxerat
514 2315 705 2364 ignivagis
726 2327 893 2351 exurens
914 2322 1048 2350 mulcta
1063 2315 1265 2364 procellis:

330 2386 385 2416 tot
406 2381 559 2429 fugiens
581 2379 711 2417 hostes
732 2383 832 2418 acies
851 2382 1008 2417 inimica
1028 2380 1163 2418 diebus

329 2459 370 2483 se
393 2447 527 2496 procul
549 2460 570 2482 a
589 2447 700 2483 sessis
718 2449 845 2497 posuit
865 2454 1007 2484 terrore
1026 2449 1187 2484 Latinis.

383 2513 560 2550 Ductoris
579 2513 685 2550 iussu
706 2511 837 2550 hostes
857 2515 1059 2564 explorare
1078 2513 1254 2550 tribunus

217 2632 283 2667 346
306 2634 424 2677 potens
443 2633 482 2668 T.
519 2635 641 2677 forsan
657 2633 836 2677 legendum
851 2636 899 2666 est
917 2635 1052 2676 portans
1068 2632 1107 2665 M
1233 2631 1303 2667 348
1327 2642 1386 2666 ora
1411 2632 1458 2672 T,
1476 2635 1515 2666 ut
1537 2633 1635 2665 malis

217 2677 296 2718 ipsis
320 2677 438 2711 arenis.
587 2679 654 2713 362
676 2678 756 2711 haec
785 2678 816 2709 Τ
959 2677 1041 2709 ibid.
1064 2676 1164 2721 gladii
1187 2676 1228 2711 M
1371 2677 1453 2711 ibid.
1477 2687 1542 2716 nou
1568 2678 1637 2711 ΤΜ

219 2722 285 2756 366
308 2734 393 2757 mors
408 2723 498 2768 apud
513 2723 553 2758 M
686 2723 752 2758 370
774 2721 908 2756 affricus
923 2721 1049 2766 ingens.
1369 2729 1372 2730 ’
