<?xml version="1.0" encoding="UTF-8"?>
<!DOCTYPE html PUBLIC "-//W3C//DTD XHTML 1.0 Transitional//EN"
    "http://www.w3.org/TR/xhtml1/DTD/xhtml1-transitional.dtd">
<html xmlns="http://www.w3.org/1999/xhtml" xml:lang="en" lang="en">
 <head>
  <title>
</title>
<meta http-equiv="Content-Type" content="text/html;charset=utf-8" />
  <meta name='ocr-system' content='tesseract 3.04.00' />
  <meta name='ocr-capabilities' content='ocr_page ocr_carea ocr_par ocr_line ocrx_word'/>
</head>
<body>
  <div class='ocr_page' id='page_1' title='image "./corpusscriptorum35niebuoft_0336.png"; bbox 0 0 1702 3060; ppageno 0'>
   <div class='ocr_carea' id='block_1_1' title="bbox 260 80 1681 161">
    <p class='ocr_par' dir='ltr' id='par_1_1' title="bbox 260 78 1681 161">
     <span class='ocr_line' id='line_1_1' title="bbox 260 80 1681 161; baseline -0.001 -2"><span class='ocrx_word' id='word_1_1' title='bbox 260 115 356 161; x_wconf 81' lang='lat'><em>260</em></span> <span class='ocrx_word' id='word_1_2' title='bbox 759 113 1203 156; x_wconf 86' lang='lat' dir='ltr'><strong>MAZZUCGHELLII</strong></span> <span class='ocrx_word' id='word_1_3' title='bbox 1660 80 1681 158; x_wconf 56' lang='lat' dir='ltr'><em>{J</em></span> 
     </span>
    </p>
   </div>
   <div class='ocr_carea' id='block_1_2' title="bbox 258 219 1699 2692">
    <p class='ocr_par' dir='ltr' id='par_1_2' title="bbox 262 219 1691 601">
     <span class='ocr_line' id='line_1_2' title="bbox 373 219 1691 271; baseline -0.004 -8"><span class='ocrx_word' id='word_1_4' title='bbox 373 222 465 263; x_wconf 87' lang='lat'><strong>429.</strong></span> <span class='ocrx_word' id='word_1_5' title='bbox 522 221 587 258; x_wconf 84' lang='lat' dir='ltr'><em>hic</em></span> <span class='ocrx_word' id='word_1_6' title='bbox 605 220 777 271; x_wconf 86' lang='lat' dir='ltr'><em>loquitur</em></span> <span class='ocrx_word' id='word_1_7' title='bbox 795 223 910 270; x_wconf 72' lang='lat' dir='ltr'><em>poeta</em></span> <span class='ocrx_word' id='word_1_8' title='bbox 929 219 977 257; x_wconf 84' lang='lat' dir='ltr'><em>de</em></span> <span class='ocrx_word' id='word_1_9' title='bbox 996 220 1147 257; x_wconf 80' lang='lat' dir='ltr'><strong>Stutiae</strong></span> <span class='ocrx_word' id='word_1_10' title='bbox 1166 221 1274 270; x_wconf 85' lang='lat' dir='ltr'><em>fuga,</em></span> <span class='ocrx_word' id='word_1_11' title='bbox 1303 226 1396 258; x_wconf 84' lang='lat' dir='ltr'><em>tunc</em></span> <span class='ocrx_word' id='word_1_12' title='bbox 1417 233 1508 259; x_wconf 83' lang='lat' dir='ltr'><em>cum</em></span> <span class='ocrx_word' id='word_1_13' title='bbox 1525 222 1691 263; x_wconf 52' lang='grc' dir='ltr'><strong>(ἕνεκα...</strong></span> 
     </span>
     <span class='ocr_line' id='line_1_3' title="bbox 263 275 1691 329; baseline -0.001 -14"><span class='ocrx_word' id='word_1_14' title='bbox 263 290 337 316; x_wconf 83' lang='lat' dir='ltr'><em>nus</em></span> <span class='ocrx_word' id='word_1_15' title='bbox 365 279 447 315; x_wconf 79' lang='lat' dir='ltr'><em>eius</em></span> <span class='ocrx_word' id='word_1_16' title='bbox 473 275 575 314; x_wconf 85' lang='lat' dir='ltr'><strong>fudit</strong></span> <span class='ocrx_word' id='word_1_17' title='bbox 603 276 841 324; x_wconf 83' lang='lat' dir='ltr'><em>exercitum,</em></span> <span class='ocrx_word' id='word_1_18' title='bbox 887 282 931 312; x_wconf 85' lang='lat' dir='ltr'><em>ut</em></span> <span class='ocrx_word' id='word_1_19' title='bbox 956 277 1167 327; x_wconf 83' lang='lat' dir='ltr'>Procopius</span> <span class='ocrx_word' id='word_1_20' title='bbox 1196 275 1314 313; x_wconf 83' lang='lat' dir='ltr'><strong>refert</strong></span> <span class='ocrx_word' id='word_1_21' title='bbox 1339 276 1387 313; x_wconf 87' lang='lat' dir='ltr'><em>de</em></span> <span class='ocrx_word' id='word_1_22' title='bbox 1417 276 1516 314; x_wconf 82' lang='lat' dir='ltr'><em>hello</em></span> <span class='ocrx_word' id='word_1_23' title='bbox 1557 277 1691 329; x_wconf 51' lang='lat' dir='ltr'><em>Varus„</em></span> 
     </span>
     <span class='ocr_line' id='line_1_4' title="bbox 263 334 1690 436; baseline -0.001 -9"><span class='ocrx_word' id='word_1_24' title='bbox 263 336 290 373; x_wconf 69' lang='grc'>2</span> <span class='ocrx_word' id='word_1_25' title='bbox 312 334 377 373; x_wconf 75' lang='grc'><strong>17</strong></span> <span class='ocrx_word' id='word_1_26' title='bbox 375 384 468 427; x_wconf 83' lang='grc'><strong>484.</strong></span> <span class='ocrx_word' id='word_1_27' title='bbox 527 382 575 421; x_wconf 88' lang='lat' dir='ltr'><em>de</em></span> <span class='ocrx_word' id='word_1_28' title='bbox 598 389 723 421; x_wconf 80' lang='lat' dir='ltr'><em>morte</em></span> <span class='ocrx_word' id='word_1_29' title='bbox 745 384 895 423; x_wconf 83' lang='lat' dir='ltr'><em>Stutiae</em></span> <span class='ocrx_word' id='word_1_30' title='bbox 918 383 1009 422; x_wconf 83' lang='lat' dir='ltr'><strong>vide</strong></span> <span class='ocrx_word' id='word_1_31' title='bbox 1029 397 1145 436; x_wconf 83' lang='lat' dir='ltr'><em>supra</em></span> <span class='ocrx_word' id='word_1_32' title='bbox 1164 387 1292 427; x_wconf 80' lang='lat' dir='ltr'><strong>v.173</strong></span> <span class='ocrx_word' id='word_1_33' title='bbox 1311 391 1349 423; x_wconf 84' lang='lat' dir='ltr'><em>et</em></span> <span class='ocrx_word' id='word_1_34' title='bbox 1365 393 1499 424; x_wconf 81' lang='lat' dir='ltr'><strong>notam</strong></span> <span class='ocrx_word' id='word_1_35' title='bbox 1513 385 1564 424; x_wconf 74' lang='lat' dir='ltr'><em>ad</em></span> <span class='ocrx_word' id='word_1_36' title='bbox 1579 367 1690 430; x_wconf 57' lang='lat' dir='ltr'><em>mm}</em></span> 
     </span>
     <span class='ocr_line' id='line_1_5' title="bbox 262 454 1689 484; baseline -0.003 -6"><span class='ocrx_word' id='word_1_37' title='bbox 262 454 1500 479; x_wconf 81' lang='lat' dir='ltr'><strong>versum..</strong></span> <span class='ocrx_word' id='word_1_38' title='bbox 1687 479 1689 484; x_wconf 13' lang='grc' dir='ltr'>ἡ</span> 
     </span>
     <span class='ocr_line' id='line_1_6' title="bbox 371 485 1691 546; baseline 0.008 -16"><span class='ocrx_word' id='word_1_39' title='bbox 371 495 466 536; x_wconf 83' lang='grc'><strong>437.</strong></span> <span class='ocrx_word' id='word_1_40' title='bbox 521 494 689 532; x_wconf 79' lang='lat' dir='ltr'><em>secundo</em></span> <span class='ocrx_word' id='word_1_41' title='bbox 708 495 842 531; x_wconf 88' lang='lat' dir='ltr'><em>Marte</em></span> <span class='ocrx_word' id='word_1_42' title='bbox 859 496 967 546; x_wconf 83' lang='lat' dir='ltr'><strong>Virg.</strong></span> <span class='ocrx_word' id='word_1_43' title='bbox 988 495 1094 532; x_wconf 78' lang='lat' dir='ltr'><strong>Aen.</strong></span> <span class='ocrx_word' id='word_1_44' title='bbox 1122 496 1173 535; x_wconf 91' lang='lat'><em>10</em></span> <span class='ocrx_word' id='word_1_45' title='bbox 1192 498 1259 537; x_wconf 80' lang='grc'><em>21·</em></span> <span class='ocrx_word' id='word_1_46' title='bbox 1681 485 1691 521; x_wconf 36' lang='grc' dir='ltr'><em>θ’</em></span> 
     </span>
     <span class='ocr_line' id='line_1_7' title="bbox 372 549 1672 601; baseline -0.001 -11"><span class='ocrx_word' id='word_1_47' title='bbox 372 549 466 592; x_wconf 83' lang='grc'><strong>439.</strong></span> <span class='ocrx_word' id='word_1_48' title='bbox 524 563 613 600; x_wconf 81' lang='lat' dir='ltr'><em>ergo</em></span> <span class='ocrx_word' id='word_1_49' title='bbox 635 551 741 601; x_wconf 82' lang='lat' dir='ltr'><em>agite</em></span> <span class='ocrx_word' id='word_1_50' title='bbox 759 557 796 586; x_wconf 82' lang='lat' dir='ltr'><em>et</em></span> <span class='ocrx_word' id='word_1_51' title='bbox 813 551 919 600; x_wconf 86' lang='lat' dir='ltr'><strong>Virg.</strong></span> <span class='ocrx_word' id='word_1_52' title='bbox 940 549 1046 587; x_wconf 82' lang='lat' dir='ltr'><strong>Aen.</strong></span> <span class='ocrx_word' id='word_1_53' title='bbox 1071 553 1096 590; x_wconf 80' lang='lat'><strong>3</strong></span> <span class='ocrx_word' id='word_1_54' title='bbox 1120 549 1211 591; x_wconf 85' lang='lat'><strong>114.</strong></span> <span class='ocrx_word' id='word_1_55' title='bbox 1663 570 1672 579; x_wconf 63' lang='grc' dir='ltr'><strong>ν</strong></span> 
     </span>
    </p>

    <p class='ocr_par' dir='ltr' id='par_1_3' title="bbox 374 604 1363 655">
     <span class='ocr_line' id='line_1_8' title="bbox 374 604 1363 655; baseline 0.005 -14"><span class='ocrx_word' id='word_1_56' title='bbox 374 604 469 646; x_wconf 83' lang='grc'><strong>440.</strong></span> <span class='ocrx_word' id='word_1_57' title='bbox 526 607 569 642; x_wconf 85' lang='lat' dir='ltr'><em>in</em></span> <span class='ocrx_word' id='word_1_58' title='bbox 587 613 724 655; x_wconf 83' lang='lat' dir='ltr'><em>aperta</em></span> <span class='ocrx_word' id='word_1_59' title='bbox 734 606 918 655; x_wconf 84' lang='lat' dir='ltr'><em>pericula</em></span> <span class='ocrx_word' id='word_1_60' title='bbox 939 607 1045 655; x_wconf 84' lang='lat' dir='ltr'><strong>Virg.</strong></span> <span class='ocrx_word' id='word_1_61' title='bbox 1066 605 1172 642; x_wconf 82' lang='lat' dir='ltr'><strong>Aen.</strong></span> <span class='ocrx_word' id='word_1_62' title='bbox 1202 607 1247 645; x_wconf 90' lang='grc'><em>11</em></span> <span class='ocrx_word' id='word_1_63' title='bbox 1269 607 1363 646; x_wconf 74' lang='grc'><strong>360·</strong></span> 
     </span>
    </p>

    <p class='ocr_par' dir='ltr' id='par_1_4' title="bbox 370 659 1385 711">
     <span class='ocr_line' id='line_1_9' title="bbox 370 659 1385 711; baseline -0.001 -14"><span class='ocrx_word' id='word_1_64' title='bbox 370 659 466 701; x_wconf 87' lang='grc'><strong>451.</strong></span> <span class='ocrx_word' id='word_1_65' title='bbox 525 674 631 697; x_wconf 85' lang='lat' dir='ltr'><em>nunc</em></span> <span class='ocrx_word' id='word_1_66' title='bbox 653 674 759 697; x_wconf 84' lang='lat' dir='ltr'><em>nunc</em></span> <span class='ocrx_word' id='word_1_67' title='bbox 775 661 966 711; x_wconf 71' lang='lat' dir='ltr'><em>insurgite</em></span> <span class='ocrx_word' id='word_1_68' title='bbox 983 663 1088 710; x_wconf 84' lang='lat' dir='ltr'><strong>Virg.</strong></span> <span class='ocrx_word' id='word_1_69' title='bbox 1111 661 1216 697; x_wconf 82' lang='lat' dir='ltr'><strong>Aen.</strong></span> <span class='ocrx_word' id='word_1_70' title='bbox 1243 660 1269 700; x_wconf 88' lang='lat'><em>5</em></span> <span class='ocrx_word' id='word_1_71' title='bbox 1292 662 1385 701; x_wconf 89' lang='grc'><strong>189.</strong></span> 
     </span>
    </p>

    <p class='ocr_par' dir='ltr' id='par_1_5' title="bbox 264 713 1692 820">
     <span class='ocr_line' id='line_1_10' title="bbox 371 713 1692 770; baseline 0.001 -18"><span class='ocrx_word' id='word_1_72' title='bbox 371 713 464 756; x_wconf 84' lang='grc'><strong>457.</strong></span> <span class='ocrx_word' id='word_1_73' title='bbox 521 714 715 752; x_wconf 84' lang='lat' dir='ltr'><strong>Iohannes</strong></span> <span class='ocrx_word' id='word_1_74' title='bbox 737 716 843 752; x_wconf 78' lang='lat' dir='ltr'><em>saltu</em></span> <span class='ocrx_word' id='word_1_75' title='bbox 862 729 941 753; x_wconf 81' lang='lat' dir='ltr'><em>sese</em></span> <span class='ocrx_word' id='word_1_76' title='bbox 964 717 1177 765; x_wconf 76' lang='lat' dir='ltr'><em>composuit</em></span> <span class='ocrx_word' id='word_1_77' title='bbox 1197 728 1314 765; x_wconf 78' lang='lat' dir='ltr'><em>super</em></span> <span class='ocrx_word' id='word_1_78' title='bbox 1336 722 1446 767; x_wconf 78' lang='lat' dir='ltr'><em>terga</em></span> <span class='ocrx_word' id='word_1_79' title='bbox 1468 718 1573 767; x_wconf 85' lang='lat' dir='ltr'><em>equi,</em></span> <span class='ocrx_word' id='word_1_80' title='bbox 1602 718 1692 770; x_wconf 71' lang='lat' dir='ltr'>quia</span> 
     </span>
     <span class='ocr_line' id='line_1_11' title="bbox 264 768 1035 820; baseline 0.003 -15"><span class='ocrx_word' id='word_1_81' title='bbox 264 768 391 807; x_wconf 88' lang='lat' dir='ltr'><em>adhuc</em></span> <span class='ocrx_word' id='word_1_82' title='bbox 410 769 595 820; x_wconf 85' lang='lat' dir='ltr'><strong>stapedae</strong></span> <span class='ocrx_word' id='word_1_83' title='bbox 611 771 792 807; x_wconf 80' lang='lat' dir='ltr'><strong>inventae</strong></span> <span class='ocrx_word' id='word_1_84' title='bbox 812 784 891 807; x_wconf 88' lang='lat' dir='ltr'><em>non</em></span> <span class='ocrx_word' id='word_1_85' title='bbox 912 777 1035 808; x_wconf 81' lang='lat' dir='ltr'><strong>erant.</strong></span> 
     </span>
    </p>

    <p class='ocr_par' dir='ltr' id='par_1_6' title="bbox 373 822 1567 875">
     <span class='ocr_line' id='line_1_12' title="bbox 373 822 1567 875; baseline 0 -12"><span class='ocrx_word' id='word_1_86' title='bbox 373 822 466 865; x_wconf 87' lang='lat'><strong>458.</strong></span> <span class='ocrx_word' id='word_1_87' title='bbox 523 827 632 875; x_wconf 84' lang='lat' dir='ltr'><strong>Virg.</strong></span> <span class='ocrx_word' id='word_1_88' title='bbox 653 824 759 862; x_wconf 84' lang='lat' dir='ltr'><strong>Aen.</strong></span> <span class='ocrx_word' id='word_1_89' title='bbox 783 827 808 865; x_wconf 89' lang='lat'><strong>9</strong></span> <span class='ocrx_word' id='word_1_90' title='bbox 829 827 932 867; x_wconf 80' lang='grc'><strong>731·</strong></span> <span class='ocrx_word' id='word_1_91' title='bbox 963 832 1000 861; x_wconf 86' lang='lat' dir='ltr'><em>et</em></span> <span class='ocrx_word' id='word_1_92' title='bbox 1011 839 1124 862; x_wconf 84' lang='lat' dir='ltr'><em>arma</em></span> <span class='ocrx_word' id='word_1_93' title='bbox 1146 825 1380 863; x_wconf 79' lang='lat' dir='ltr'><em>horrendum</em></span> <span class='ocrx_word' id='word_1_94' title='bbox 1397 839 1567 863; x_wconf 77' lang='lat' dir='ltr'><em>sonuere.</em></span> 
     </span>
    </p>

    <p class='ocr_par' dir='ltr' id='par_1_7' title="bbox 369 854 1421 930">
     <span class='ocr_line' id='line_1_13' title="bbox 369 854 1421 930; baseline -0.002 -13"><span class='ocrx_word' id='word_1_95' title='bbox 369 878 464 920; x_wconf 88' lang='lat'><strong>460.</strong></span> <span class='ocrx_word' id='word_1_96' title='bbox 521 854 617 917; x_wconf 55' lang='lat' dir='ltr'><em>soleo</em></span> <span class='ocrx_word' id='word_1_97' title='bbox 624 893 891 930; x_wconf 80' lang='lat' dir='ltr'><em>repercussum</em></span> <span class='ocrx_word' id='word_1_98' title='bbox 911 881 1019 930; x_wconf 85' lang='lat' dir='ltr'><strong>Virg.</strong></span> <span class='ocrx_word' id='word_1_99' title='bbox 1038 880 1144 917; x_wconf 81' lang='lat' dir='ltr'><strong>Aen.</strong></span> <span class='ocrx_word' id='word_1_100' title='bbox 1167 882 1192 920; x_wconf 93' lang='grc'>8</span> <span class='ocrx_word' id='word_1_101' title='bbox 1211 883 1278 920; x_wconf 90' lang='lat'><strong>23.</strong></span> <span class='ocrx_word' id='word_1_102' title='bbox 1418 912 1421 915; x_wconf 79' lang='grc'>,</span> 
     </span>
    </p>

    <p class='ocr_par' dir='ltr' id='par_1_8' title="bbox 258 934 1694 1094">
     <span class='ocr_line' id='line_1_14' title="bbox 371 934 1694 985; baseline 0.002 -11"><span class='ocrx_word' id='word_1_103' title='bbox 371 934 464 975; x_wconf 85' lang='grc'><strong>461.</strong></span> <span class='ocrx_word' id='word_1_104' title='bbox 521 937 629 985; x_wconf 83' lang='lat' dir='ltr'><strong>virg.</strong></span> <span class='ocrx_word' id='word_1_105' title='bbox 643 935 750 972; x_wconf 84' lang='lat' dir='ltr'><strong>Aen.</strong></span> <span class='ocrx_word' id='word_1_106' title='bbox 772 937 799 974; x_wconf 87' lang='lat'><strong>2</strong></span> <span class='ocrx_word' id='word_1_107' title='bbox 822 938 898 977; x_wconf 87' lang='lat'><em>120</em></span> <span class='ocrx_word' id='word_1_108' title='bbox 917 942 955 972; x_wconf 86' lang='lat' dir='ltr'><em>et</em></span> <span class='ocrx_word' id='word_1_109' title='bbox 975 938 1027 975; x_wconf 90' lang='lat'><em>12</em></span> <span class='ocrx_word' id='word_1_110' title='bbox 1045 934 1149 974; x_wconf 86' lang='lat'><strong>447:</strong></span> <span class='ocrx_word' id='word_1_111' title='bbox 1172 947 1247 984; x_wconf 83' lang='lat' dir='ltr'><em>per</em></span> <span class='ocrx_word' id='word_1_112' title='bbox 1263 936 1346 971; x_wconf 78' lang='lat' dir='ltr'><em>ima</em></span> <span class='ocrx_word' id='word_1_113' title='bbox 1365 937 1553 981; x_wconf 80' lang='lat' dir='ltr'><em>cucurrit,</em></span> <span class='ocrx_word' id='word_1_114' title='bbox 1573 939 1600 978; x_wconf 86' lang='lat'><em>6</em></span> <span class='ocrx_word' id='word_1_115' title='bbox 1618 934 1694 977; x_wconf 69' lang='lat'><em>54:</em></span> 
     </span>
     <span class='ocr_line' id='line_1_15' title="bbox 258 988 1694 1040; baseline 0.002 -15"><span class='ocrx_word' id='word_1_116' title='bbox 258 1003 330 1039; x_wconf 89' lang='lat' dir='ltr'><em>per</em></span> <span class='ocrx_word' id='word_1_117' title='bbox 347 988 449 1026; x_wconf 85' lang='lat' dir='ltr'><em>dura</em></span> <span class='ocrx_word' id='word_1_118' title='bbox 470 992 667 1035; x_wconf 76' lang='lat' dir='ltr'><em>cucurrit,</em></span> <span class='ocrx_word' id='word_1_119' title='bbox 697 992 723 1030; x_wconf 89' lang='lat'>8</span> <span class='ocrx_word' id='word_1_120' title='bbox 745 991 849 1030; x_wconf 84' lang='lat'><strong>390:</strong></span> <span class='ocrx_word' id='word_1_121' title='bbox 868 1004 945 1040; x_wconf 82' lang='lat' dir='ltr'><em>per</em></span> <span class='ocrx_word' id='word_1_122' title='bbox 961 1003 1049 1027; x_wconf 76' lang='lat' dir='ltr'><em>ossa</em></span> <span class='ocrx_word' id='word_1_123' title='bbox 1069 991 1266 1035; x_wconf 81' lang='lat' dir='ltr'><em>cucurrit,</em></span> <span class='ocrx_word' id='word_1_124' title='bbox 1309 991 1358 1031; x_wconf 88' lang='lat'><em>11</em></span> <span class='ocrx_word' id='word_1_125' title='bbox 1385 992 1465 1032; x_wconf 87' lang='grc'><em>296</em></span> <span class='ocrx_word' id='word_1_126' title='bbox 1484 1003 1530 1028; x_wconf 78' lang='lat' dir='ltr'><em>ac</em></span> <span class='ocrx_word' id='word_1_127' title='bbox 1550 993 1601 1032; x_wconf 83' lang='lat'><em>12</em></span> <span class='ocrx_word' id='word_1_128' title='bbox 1621 993 1694 1034; x_wconf 84' lang='lat'><em>66:</em></span> 
     </span>
     <span class='ocr_line' id='line_1_16' title="bbox 258 1046 1688 1094; baseline -0.001 -13"><span class='ocrx_word' id='word_1_129' title='bbox 258 1059 331 1094; x_wconf 86' lang='lat' dir='ltr'><em>per</em></span> <span class='ocrx_word' id='word_1_130' title='bbox 347 1059 416 1080; x_wconf 88' lang='lat' dir='ltr'><em>ora</em></span> <span class='ocrx_word' id='word_1_131' title='bbox 433 1047 629 1092; x_wconf 86' lang='lat' dir='ltr'><em>cucurrit,·</em></span> <span class='ocrx_word' id='word_1_132' title='bbox 658 1058 731 1081; x_wconf 86' lang='lat' dir='ltr'><em>nec</em></span> <span class='ocrx_word' id='word_1_133' title='bbox 748 1057 828 1081; x_wconf 88' lang='lat' dir='ltr'><em>non</em></span> <span class='ocrx_word' id='word_1_134' title='bbox 848 1046 955 1082; x_wconf 82' lang='lat' dir='ltr'><strong>alibi.</strong></span> <span class='ocrx_word' id='word_1_135' title='bbox 1683 1052 1688 1079; x_wconf 79' lang='lat'><em>¹,</em></span> 
     </span>
    </p>

    <p class='ocr_par' dir='ltr' id='par_1_9' title="bbox 372 1099 1450 1147">
     <span class='ocr_line' id='line_1_17' title="bbox 372 1099 1450 1147; baseline -0.006 -9"><span class='ocrx_word' id='word_1_136' title='bbox 372 1099 467 1142; x_wconf 80' lang='lat'><strong>462.</strong></span> <span class='ocrx_word' id='word_1_137' title='bbox 524 1102 624 1138; x_wconf 86' lang='lat' dir='ltr'><strong>Stat.</strong></span> <span class='ocrx_word' id='word_1_138' title='bbox 658 1099 776 1136; x_wconf 73' lang='lat' dir='ltr'><strong>Theb.</strong></span> <span class='ocrx_word' id='word_1_139' title='bbox 801 1103 825 1139; x_wconf 92' lang='lat'><strong>3</strong></span> <span class='ocrx_word' id='word_1_140' title='bbox 843 1100 943 1141; x_wconf 88' lang='grc'><strong>407.</strong></span> <span class='ocrx_word' id='word_1_141' title='bbox 972 1099 1112 1136; x_wconf 76' lang='lat' dir='ltr'><em>devexo</em></span> <span class='ocrx_word' id='word_1_142' title='bbox 1134 1100 1313 1147; x_wconf 78' lang='lat' dir='ltr'><em>marg-ine</em></span> <span class='ocrx_word' id='word_1_143' title='bbox 1322 1101 1450 1147; x_wconf 78' lang='lat' dir='ltr'><em>ponti.</em></span> 
     </span>
    </p>

    <p class='ocr_par' dir='ltr' id='par_1_10' title="bbox 373 1151 1596 1205">
     <span class='ocr_line' id='line_1_18' title="bbox 373 1151 1596 1205; baseline -0.003 -11"><span class='ocrx_word' id='word_1_144' title='bbox 373 1154 467 1196; x_wconf 82' lang='grc'><strong>463.</strong></span> <span class='ocrx_word' id='word_1_145' title='bbox 525 1157 633 1204; x_wconf 86' lang='lat' dir='ltr'><strong>Virg.</strong></span> <span class='ocrx_word' id='word_1_146' title='bbox 654 1155 760 1190; x_wconf 82' lang='lat' dir='ltr'><strong>Aen.</strong></span> <span class='ocrx_word' id='word_1_147' title='bbox 786 1157 837 1193; x_wconf 88' lang='grc'><strong>10</strong></span> <span class='ocrx_word' id='word_1_148' title='bbox 857 1156 961 1194; x_wconf 81' lang='grc'><strong>216·</strong></span> <span class='ocrx_word' id='word_1_149' title='bbox 950 1180 960 1189; x_wconf 87' lang='grc'><em>.</em></span> <span class='ocrx_word' id='word_1_150' title='bbox 991 1153 1162 1190; x_wconf 84' lang='lat' dir='ltr'><em>medium</em></span> <span class='ocrx_word' id='word_1_151' title='bbox 1174 1151 1366 1201; x_wconf 65' lang='lat' dir='ltr'><em>pulsabat</em></span> <span class='ocrx_word' id='word_1_152' title='bbox 1383 1154 1596 1205; x_wconf 63' lang='lat' dir='ltr'><em>oh‘mpum.</em></span> 
     </span>
    </p>

    <p class='ocr_par' dir='ltr' id='par_1_11' title="bbox 372 1207 1554 1258">
     <span class='ocr_line' id='line_1_19' title="bbox 372 1207 1554 1258; baseline -0.001 -10"><span class='ocrx_word' id='word_1_153' title='bbox 372 1209 468 1249; x_wconf 83' lang='lat'><strong>466.</strong></span> <span class='ocrx_word' id='word_1_154' title='bbox 524 1211 632 1258; x_wconf 82' lang='lat' dir='ltr'><strong>Virg.</strong></span> <span class='ocrx_word' id='word_1_155' title='bbox 656 1207 763 1244; x_wconf 80' lang='lat' dir='ltr'><strong>Aen.</strong></span> <span class='ocrx_word' id='word_1_156' title='bbox 793 1210 841 1247; x_wconf 91' lang='lat'><em>11</em></span> <span class='ocrx_word' id='word_1_157' title='bbox 865 1209 969 1248; x_wconf 87' lang='lat'>500:</span> <span class='ocrx_word' id='word_1_158' title='bbox 1000 1221 1121 1258; x_wconf 85' lang='lat' dir='ltr'><em>quam</em></span> <span class='ocrx_word' id='word_1_159' title='bbox 1139 1214 1219 1243; x_wconf 86' lang='lat' dir='ltr'><em>tota</em></span> <span class='ocrx_word' id='word_1_160' title='bbox 1235 1207 1371 1244; x_wconf 72' lang='lat' dir='ltr'><em>cohors</em></span> <span class='ocrx_word' id='word_1_161' title='bbox 1386 1210 1554 1247; x_wconf 86' lang='lat' dir='ltr'><em>imitata.</em></span> 
     </span>
    </p>

    <p class='ocr_par' dir='ltr' id='par_1_12' title="bbox 262 1261 1695 1355">
     <span class='ocr_line' id='line_1_20' title="bbox 372 1261 1695 1314; baseline 0 -11"><span class='ocrx_word' id='word_1_162' title='bbox 372 1261 467 1303; x_wconf 85' lang='lat'><strong>468.</strong></span> <span class='ocrx_word' id='word_1_163' title='bbox 523 1265 630 1314; x_wconf 85' lang='lat' dir='ltr'><strong>Virg.</strong></span> <span class='ocrx_word' id='word_1_164' title='bbox 649 1263 756 1300; x_wconf 83' lang='lat' dir='ltr'><strong>Aen.</strong></span> <span class='ocrx_word' id='word_1_165' title='bbox 779 1265 828 1303; x_wconf 89' lang='lat'><em>11</em></span> <span class='ocrx_word' id='word_1_166' title='bbox 852 1263 954 1303; x_wconf 88' lang='lat'><strong>599:</strong></span> <span class='ocrx_word' id='word_1_167' title='bbox 986 1263 1130 1313; x_wconf 74' lang='lat' dir='ltr'><em>fremit</em></span> <span class='ocrx_word' id='word_1_168' title='bbox 1144 1276 1309 1314; x_wconf 85' lang='lat' dir='ltr'><em>aequore</em></span> <span class='ocrx_word' id='word_1_169' title='bbox 1330 1270 1406 1301; x_wconf 81' lang='lat' dir='ltr'><em>toto</em></span> <span class='ocrx_word' id='word_1_170' title='bbox 1423 1265 1620 1303; x_wconf 67' lang='lat' dir='ltr'><em>insultam·</em></span> <span class='ocrx_word' id='word_1_171' title='bbox 1631 1280 1695 1303; x_wconf 79' lang='lat' dir='ltr'><em>so—</em></span> 
     </span>
     <span class='ocr_line' id='line_1_21' title="bbox 262 1320 1434 1355; baseline 0 0"><span class='ocrx_word' id='word_1_172' title='bbox 262 1320 305 1355; x_wconf 84' lang='lat' dir='ltr'><em>ni</em></span> <span class='ocrx_word' id='word_1_173' title='bbox 333 1332 371 1355; x_wconf 78' lang='lat' dir='ltr'><em>es</em></span> <span class='ocrx_word' id='word_1_174' title='bbox 390 1325 463 1355; x_wconf 84' lang='lat' dir='ltr'><strong>cet.</strong></span> <span class='ocrx_word' id='word_1_175' title='bbox 1432 1327 1434 1330; x_wconf 82' lang='grc'>’</span> 
     </span>
    </p>

    <p class='ocr_par' dir='ltr' id='par_1_13' title="bbox 298 1333 1556 1423">
     <span class='ocr_line' id='line_1_22' title="bbox 298 1333 1556 1423; baseline 0.003 -13"><span class='ocrx_word' id='word_1_176' title='bbox 298 1333 330 1369; x_wconf 71' lang='lat' dir='ltr'><em>p</em></span> <span class='ocrx_word' id='word_1_177' title='bbox 370 1372 466 1414; x_wconf 86' lang='lat'><strong>469.</strong></span> <span class='ocrx_word' id='word_1_178' title='bbox 522 1374 659 1410; x_wconf 76' lang='lat' dir='ltr'><em>dextra</em></span> <span class='ocrx_word' id='word_1_179' title='bbox 680 1372 870 1422; x_wconf 77' lang='lat' dir='ltr'><em>laevaque</em></span> <span class='ocrx_word' id='word_1_180' title='bbox 884 1385 958 1421; x_wconf 89' lang='lat' dir='ltr'><em>per</em></span> <span class='ocrx_word' id='word_1_181' title='bbox 976 1371 1138 1409; x_wconf 78' lang='lat' dir='ltr'><em>herbam</em></span> <span class='ocrx_word' id='word_1_182' title='bbox 1160 1373 1265 1423; x_wconf 86' lang='lat' dir='ltr'><strong>Virg.</strong></span> <span class='ocrx_word' id='word_1_183' title='bbox 1285 1373 1391 1411; x_wconf 79' lang='lat' dir='ltr'><strong>Aen.</strong></span> <span class='ocrx_word' id='word_1_184' title='bbox 1417 1377 1444 1416; x_wconf 95' lang='lat'><strong>6</strong></span> <span class='ocrx_word' id='word_1_185' title='bbox 1461 1376 1556 1418; x_wconf 83' lang='lat'><strong>656.</strong></span> 
     </span>
    </p>

    <p class='ocr_par' dir='ltr' id='par_1_14' title="bbox 371 1427 1227 1478">
     <span class='ocr_line' id='line_1_23' title="bbox 371 1427 1227 1478; baseline -0.002 -11"><span class='ocrx_word' id='word_1_186' title='bbox 371 1427 467 1470; x_wconf 89' lang='grc'><strong>472.</strong></span> <span class='ocrx_word' id='word_1_187' title='bbox 524 1430 695 1466; x_wconf 81' lang='lat' dir='ltr'><em>direxere</em></span> <span class='ocrx_word' id='word_1_188' title='bbox 709 1428 812 1464; x_wconf 76' lang='lat' dir='ltr'><em>acies</em></span> <span class='ocrx_word' id='word_1_189' title='bbox 831 1428 939 1478; x_wconf 85' lang='lat' dir='ltr'><strong>Virg.</strong></span> <span class='ocrx_word' id='word_1_190' title='bbox 957 1427 1064 1464; x_wconf 88' lang='lat' dir='ltr'><strong>Aen.</strong></span> <span class='ocrx_word' id='word_1_191' title='bbox 1087 1430 1113 1468; x_wconf 89' lang='lat'><strong>7</strong></span> <span class='ocrx_word' id='word_1_192' title='bbox 1132 1427 1227 1468; x_wconf 79' lang='lat'><strong>523.</strong></span> 
     </span>
    </p>

    <p class='ocr_par' dir='ltr' id='par_1_15' title="bbox 265 1481 1696 1590">
     <span class='ocr_line' id='line_1_24' title="bbox 372 1481 1696 1534; baseline 0.002 -13"><span class='ocrx_word' id='word_1_193' title='bbox 372 1484 466 1525; x_wconf 82' lang='lat'><strong>475.</strong></span> <span class='ocrx_word' id='word_1_194' title='bbox 524 1484 679 1534; x_wconf 88' lang='lat' dir='ltr'><em>reposui</em></span> <span class='ocrx_word' id='word_1_195' title='bbox 708 1483 900 1528; x_wconf 75' lang='lat' dir='ltr'><em>Gentius,</em></span> <span class='ocrx_word' id='word_1_196' title='bbox 948 1490 991 1519; x_wconf 90' lang='lat' dir='ltr'><em>ut</em></span> <span class='ocrx_word' id='word_1_197' title='bbox 1020 1483 1164 1532; x_wconf 81' lang='lat' dir='ltr'><em>legitur</em></span> <span class='ocrx_word' id='word_1_198' title='bbox 1194 1495 1311 1533; x_wconf 83' lang='lat' dir='ltr'><em>supra</em></span> <span class='ocrx_word' id='word_1_199' title='bbox 1338 1485 1364 1524; x_wconf 91' lang='lat'><strong>3</strong></span> <span class='ocrx_word' id='word_1_200' title='bbox 1393 1481 1444 1525; x_wconf 90' lang='lat'><em>41</em></span> <span class='ocrx_word' id='word_1_201' title='bbox 1477 1491 1517 1521; x_wconf 87' lang='lat' dir='ltr'><em>et</em></span> <span class='ocrx_word' id='word_1_202' title='bbox 1541 1486 1642 1523; x_wconf 84' lang='lat' dir='ltr'><em>infra</em></span> <span class='ocrx_word' id='word_1_203' title='bbox 1669 1485 1696 1528; x_wconf 77' lang='lat'><strong>4</strong></span> 
     </span>
     <span class='ocr_line' id='line_1_25' title="bbox 265 1536 1696 1590; baseline 0 -11"><span class='ocrx_word' id='word_1_204' title='bbox 265 1541 382 1579; x_wconf 83' lang='grc'><strong>1088.</strong></span> <span class='ocrx_word' id='word_1_205' title='bbox 439 1541 627 1590; x_wconf 75' lang='lat' dir='ltr'><em>magister</em></span> <span class='ocrx_word' id='word_1_206' title='bbox 650 1544 809 1575; x_wconf 82' lang='lat' dir='ltr'><em>vocatur</em></span> <span class='ocrx_word' id='word_1_207' title='bbox 825 1539 1009 1587; x_wconf 85' lang='lat' dir='ltr'><em>Gentius,</em></span> <span class='ocrx_word' id='word_1_208' title='bbox 1047 1544 1089 1575; x_wconf 93' lang='lat' dir='ltr'><em>ut</em></span> <span class='ocrx_word' id='word_1_209' title='bbox 1117 1536 1182 1575; x_wconf 77' lang='lat' dir='ltr'><em>hic</em></span> <span class='ocrx_word' id='word_1_210' title='bbox 1208 1550 1323 1576; x_wconf 84' lang='lat' dir='ltr'><em>versu</em></span> <span class='ocrx_word' id='word_1_211' title='bbox 1349 1541 1547 1590; x_wconf 84' lang='lat' dir='ltr'><em>sequenti,</em></span> <span class='ocrx_word' id='word_1_212' title='bbox 1578 1543 1696 1579; x_wconf 82' lang='lat' dir='ltr'><strong>etiam</strong></span> 
     </span>
    </p>

    <p class='ocr_par' dir='ltr' id='par_1_16' title="bbox 263 1646 1696 1745">
     <span class='ocr_line' id='line_1_26' title="bbox 373 1646 1696 1699; baseline 0.005 -15"><span class='ocrx_word' id='word_1_213' title='bbox 373 1647 468 1689; x_wconf 83' lang='lat'><strong>474.</strong></span> <span class='ocrx_word' id='word_1_214' title='bbox 526 1649 568 1684; x_wconf 87' lang='lat' dir='ltr'><em>in</em></span> <span class='ocrx_word' id='word_1_215' title='bbox 595 1653 776 1699; x_wconf 63' lang='lat' dir='ltr'><em>poemate</em></span> <span class='ocrx_word' id='word_1_216' title='bbox 805 1651 837 1686; x_wconf 91' lang='grc' dir='ltr'><em>Ι.</em></span> <span class='ocrx_word' id='word_1_217' title='bbox 866 1650 912 1686; x_wconf 89' lang='lat' dir='ltr'><em>L.</em></span> <span class='ocrx_word' id='word_1_218' title='bbox 933 1650 991 1685; x_wconf 90' lang='lat' dir='ltr'><em>De</em></span> <span class='ocrx_word' id='word_1_219' title='bbox 1010 1648 1130 1686; x_wconf 81' lang='lat' dir='ltr'><strong>Bonis</strong></span> <span class='ocrx_word' id='word_1_220' title='bbox 1151 1661 1189 1686; x_wconf 81' lang='lat' dir='ltr'><em>v.</em></span> <span class='ocrx_word' id='word_1_221' title='bbox 1209 1646 1288 1688; x_wconf 90' lang='grc'><em>481</em></span> <span class='ocrx_word' id='word_1_222' title='bbox 1310 1655 1370 1686; x_wconf 82' lang='lat' dir='ltr'><em>est</em></span> <span class='ocrx_word' id='word_1_223' title='bbox 1382 1649 1567 1688; x_wconf 84' lang='lat' dir='ltr'><em>rutilanti</em></span> <span class='ocrx_word' id='word_1_224' title='bbox 1585 1652 1696 1690; x_wconf 71' lang='lat' dir='ltr'><em>iuxta</em></span> 
     </span>
     <span class='ocr_line' id='line_1_27' title="bbox 263 1702 683 1745; baseline 0 -5"><span class='ocrx_word' id='word_1_225' title='bbox 263 1702 348 1741; x_wconf 91' lang='lat' dir='ltr'><strong>cod.</strong></span> <span class='ocrx_word' id='word_1_226' title='bbox 368 1706 403 1740; x_wconf 93' lang='lat' dir='ltr'>A</span> <span class='ocrx_word' id='word_1_227' title='bbox 421 1706 500 1745; x_wconf 82' lang='lat'><strong>273</strong></span> <span class='ocrx_word' id='word_1_228' title='bbox 520 1711 683 1742; x_wconf 80' lang='lat' dir='ltr'><em>tautum.</em></span> 
     </span>
    </p>

    <p class='ocr_par' dir='ltr' id='par_1_17' title="bbox 263 1757 1699 1974">
     <span class='ocr_line' id='line_1_28' title="bbox 372 1757 1696 1812; baseline 0.004 -18"><span class='ocrx_word' id='word_1_229' title='bbox 372 1759 468 1799; x_wconf 83' lang='lat'><strong>475.</strong></span> <span class='ocrx_word' id='word_1_230' title='bbox 523 1772 584 1795; x_wconf 89' lang='lat' dir='ltr'><em>ms</em></span> <span class='ocrx_word' id='word_1_231' title='bbox 605 1761 824 1810; x_wconf 77' lang='lat' dir='ltr'><em>tristisque,</em></span> <span class='ocrx_word' id='word_1_232' title='bbox 866 1765 903 1796; x_wconf 84' lang='lat' dir='ltr'><em>et</em></span> <span class='ocrx_word' id='word_1_233' title='bbox 929 1760 971 1796; x_wconf 86' lang='lat' dir='ltr'><em>in</em></span> <span class='ocrx_word' id='word_1_234' title='bbox 995 1763 1176 1810; x_wconf 69' lang='lat' dir='ltr'><em>poemate</em></span> <span class='ocrx_word' id='word_1_235' title='bbox 1205 1757 1290 1795; x_wconf 91' lang='lat' dir='ltr'><strong>Ioh.</strong></span> <span class='ocrx_word' id='word_1_236' title='bbox 1306 1760 1352 1798; x_wconf 84' lang='lat' dir='ltr'><em>L.</em></span> <span class='ocrx_word' id='word_1_237' title='bbox 1368 1760 1427 1796; x_wconf 83' lang='lat' dir='ltr'><em>De</em></span> <span class='ocrx_word' id='word_1_238' title='bbox 1445 1761 1564 1798; x_wconf 79' lang='lat' dir='ltr'><em>Bonis</em></span> <span class='ocrx_word' id='word_1_239' title='bbox 1585 1762 1696 1812; x_wconf 73' lang='lat' dir='ltr'><em>peluz</em></span> 
     </span>
     <span class='ocr_line' id='line_1_29' title="bbox 263 1812 1699 1866; baseline 0.002 -16"><span class='ocrx_word' id='word_1_240' title='bbox 263 1812 393 1850; x_wconf 83' lang='lat' dir='ltr'><em>adhuc</em></span> <span class='ocrx_word' id='word_1_241' title='bbox 410 1815 519 1850; x_wconf 83' lang='lat' dir='ltr'><strong>iuxta</strong></span> <span class='ocrx_word' id='word_1_242' title='bbox 541 1813 626 1850; x_wconf 85' lang='lat' dir='ltr'><em>cod.</em></span> <span class='ocrx_word' id='word_1_243' title='bbox 644 1816 681 1850; x_wconf 92' lang='lat' dir='ltr'><strong>A</strong></span> <span class='ocrx_word' id='word_1_244' title='bbox 701 1816 804 1854; x_wconf 80' lang='lat'><strong>273:</strong></span> <span class='ocrx_word' id='word_1_245' title='bbox 845 1821 1019 1864; x_wconf 74' lang='lat' dir='ltr'><em>ictusque</em></span> <span class='ocrx_word' id='word_1_246' title='bbox 1049 1815 1156 1864; x_wconf 85' lang='lat' dir='ltr'><strong>Virg.</strong></span> <span class='ocrx_word' id='word_1_247' title='bbox 1182 1815 1288 1850; x_wconf 81' lang='lat' dir='ltr'><strong>Aen.</strong></span> <span class='ocrx_word' id='word_1_248' title='bbox 1321 1816 1347 1854; x_wconf 92' lang='lat'><strong>9</strong></span> <span class='ocrx_word' id='word_1_249' title='bbox 1371 1818 1470 1855; x_wconf 86' lang='lat'><em>163:</em></span> <span class='ocrx_word' id='word_1_250' title='bbox 1502 1818 1699 1866; x_wconf 77' lang='lat' dir='ltr'><em>purpurei</em></span> 
     </span>
     <span class='ocr_line' id='line_1_30' title="bbox 263 1868 1698 1921; baseline 0.002 -16"><span class='ocrx_word' id='word_1_251' title='bbox 263 1870 390 1906; x_wconf 70' lang='lat' dir='ltr'><em>cristis</em></span> <span class='ocrx_word' id='word_1_252' title='bbox 410 1870 567 1905; x_wconf 70' lang='lat' dir='ltr'><em>iuvene-9</em></span> <span class='ocrx_word' id='word_1_253' title='bbox 589 1881 763 1918; x_wconf 83' lang='lat' dir='ltr'><em>auroque</em></span> <span class='ocrx_word' id='word_1_254' title='bbox 787 1871 963 1913; x_wconf 77' lang='lat' dir='ltr'><em>corusci,</em></span> <span class='ocrx_word' id='word_1_255' title='bbox 1003 1876 1095 1905; x_wconf 84' lang='lat' dir='ltr'><strong>etv.</strong></span> <span class='ocrx_word' id='word_1_256' title='bbox 1119 1868 1219 1908; x_wconf 84' lang='lat'><em>365:</em></span> <span class='ocrx_word' id='word_1_257' title='bbox 1244 1869 1406 1919; x_wconf 79' lang='lat' dir='ltr'><em>galeam</em></span> <span class='ocrx_word' id='word_1_258' title='bbox 1425 1871 1605 1921; x_wconf 68' lang='lat' dir='ltr'><em>Messapi</em></span> <span class='ocrx_word' id='word_1_259' title='bbox 1621 1871 1698 1908; x_wconf 78' lang='lat' dir='ltr'><em>ha-</em></span> 
     </span>
     <span class='ocr_line' id='line_1_31' title="bbox 265 1923 1369 1974; baseline 0 -14"><span class='ocrx_word' id='word_1_260' title='bbox 265 1923 382 1960; x_wconf 85' lang='lat' dir='ltr'><em>bilem</em></span> <span class='ocrx_word' id='word_1_261' title='bbox 401 1925 602 1974; x_wconf 75' lang='lat' dir='ltr'><em>cristisque</em></span> <span class='ocrx_word' id='word_1_262' title='bbox 618 1925 810 1961; x_wconf 85' lang='lat' dir='ltr'><em>decoram.</em></span> <span class='ocrx_word' id='word_1_263' title='bbox 844 1931 882 1960; x_wconf 87' lang='lat' dir='ltr'><em>et</em></span> <span class='ocrx_word' id='word_1_264' title='bbox 904 1927 951 1964; x_wconf 88' lang='grc'><em>11</em></span> <span class='ocrx_word' id='word_1_265' title='bbox 974 1925 1080 1964; x_wconf 86' lang='lat'><strong>730:</strong></span> <span class='ocrx_word' id='word_1_266' title='bbox 1100 1923 1238 1972; x_wconf 85' lang='lat' dir='ltr'><em>fertur</em></span> <span class='ocrx_word' id='word_1_267' title='bbox 1260 1937 1369 1974; x_wconf 84' lang='lat' dir='ltr'><em>equo.</em></span> 
     </span>
    </p>

    <p class='ocr_par' dir='ltr' id='par_1_18' title="bbox 261 1979 1697 2195">
     <span class='ocr_line' id='line_1_32' title="bbox 378 1979 1697 2029; baseline 0.002 -14"><span class='ocrx_word' id='word_1_268' title='bbox 378 1979 471 2022; x_wconf 87' lang='lat'><strong>478.</strong></span> <span class='ocrx_word' id='word_1_269' title='bbox 530 1992 592 2016; x_wconf 88' lang='lat' dir='ltr'><em>ms</em></span> <span class='ocrx_word' id='word_1_270' title='bbox 622 1979 892 2029; x_wconf 76' lang='lat' dir='ltr'><em>putrunculus</em></span> <span class='ocrx_word' id='word_1_271' title='bbox 904 2006 920 2024; x_wconf 91' lang='lat'><em>,</em></span> <span class='ocrx_word' id='word_1_272' title='bbox 975 1986 1014 2015; x_wconf 85' lang='lat' dir='ltr'><em>et</em></span> <span class='ocrx_word' id='word_1_273' title='bbox 1039 1979 1081 2014; x_wconf 86' lang='lat' dir='ltr'><em>in</em></span> <span class='ocrx_word' id='word_1_274' title='bbox 1114 1979 1289 2028; x_wconf 75' lang='lat' dir='ltr'><em>margine</em></span> <span class='ocrx_word' id='word_1_275' title='bbox 1310 1979 1562 2028; x_wconf 74' lang='lat' dir='ltr'><em>patrunclus.</em></span> <span class='ocrx_word' id='word_1_276' title='bbox 1621 1979 1697 2018; x_wconf 83' lang='lat' dir='ltr'><em>hoc</em></span> 
     </span>
     <span class='ocr_line' id='line_1_33' title="bbox 263 2033 1697 2084; baseline 0.001 -13"><span class='ocrx_word' id='word_1_277' title='bbox 263 2047 410 2075; x_wconf 83' lang='lat' dir='ltr'><strong>nomen</strong></span> <span class='ocrx_word' id='word_1_278' title='bbox 424 2037 527 2072; x_wconf 86' lang='lat' dir='ltr'><em>mire</em></span> <span class='ocrx_word' id='word_1_279' title='bbox 547 2036 672 2071; x_wconf 85' lang='lat' dir='ltr'><em>variat</em></span> <span class='ocrx_word' id='word_1_280' title='bbox 690 2036 732 2070; x_wconf 88' lang='lat' dir='ltr'><em>in</em></span> <span class='ocrx_word' id='word_1_281' title='bbox 751 2033 904 2071; x_wconf 79' lang='lat' dir='ltr'><em>codice:</em></span> <span class='ocrx_word' id='word_1_282' title='bbox 941 2046 1034 2070; x_wconf 82' lang='lat' dir='ltr'><em>nam</em></span> <span class='ocrx_word' id='word_1_283' title='bbox 1061 2034 1163 2070; x_wconf 85' lang='lat' dir='ltr'><strong>infra</strong></span> <span class='ocrx_word' id='word_1_284' title='bbox 1189 2047 1228 2070; x_wconf 85' lang='lat' dir='ltr'><strong>v.</strong></span> <span class='ocrx_word' id='word_1_285' title='bbox 1252 2034 1356 2075; x_wconf 89' lang='grc'><strong>1085</strong></span> <span class='ocrx_word' id='word_1_286' title='bbox 1375 2034 1697 2084; x_wconf 52' lang='lat' dir='ltr'><em>legimrputzun</em></span> 
     </span>
     <span class='ocr_line' id='line_1_34' title="bbox 263 2088 1696 2140; baseline 0.001 -14"><span class='ocrx_word' id='word_1_287' title='bbox 263 2091 326 2126; x_wconf 76' lang='lat' dir='ltr'><em>lus</em></span> <span class='ocrx_word' id='word_1_288' title='bbox 338 2118 353 2135; x_wconf 88' lang='lat'><em>,</em></span> <span class='ocrx_word' id='word_1_289' title='bbox 387 2091 413 2132; x_wconf 89' lang='lat'><strong>5</strong></span> <span class='ocrx_word' id='word_1_290' title='bbox 432 2091 507 2130; x_wconf 88' lang='grc'><em>521</em></span> <span class='ocrx_word' id='word_1_291' title='bbox 533 2089 794 2126; x_wconf 78' lang='lat' dir='ltr'><em>butzunculus</em></span> <span class='ocrx_word' id='word_1_292' title='bbox 803 2117 819 2134; x_wconf 90' lang='lat'><em>,</em></span> <span class='ocrx_word' id='word_1_293' title='bbox 859 2096 897 2126; x_wconf 83' lang='lat' dir='ltr'><em>et</em></span> <span class='ocrx_word' id='word_1_294' title='bbox 919 2093 945 2130; x_wconf 92' lang='lat'><strong>7</strong></span> <span class='ocrx_word' id='word_1_295' title='bbox 965 2091 1043 2130; x_wconf 84' lang='lat'><strong>370</strong></span> <span class='ocrx_word' id='word_1_296' title='bbox 1060 2088 1272 2138; x_wconf 76' lang='lat' dir='ltr'><em>pulzintele</em></span> <span class='ocrx_word' id='word_1_297' title='bbox 1281 2116 1299 2134; x_wconf 88' lang='lat'><em>,</em></span> <span class='ocrx_word' id='word_1_298' title='bbox 1335 2102 1375 2126; x_wconf 84' lang='lat' dir='ltr'><strong>v.</strong></span> <span class='ocrx_word' id='word_1_299' title='bbox 1397 2089 1477 2131; x_wconf 86' lang='lat'><em>474</em></span> <span class='ocrx_word' id='word_1_300' title='bbox 1493 2091 1696 2140; x_wconf 81' lang='lat' dir='ltr'><em>putzintu-</em></span> 
     </span>
     <span class='ocr_line' id='line_1_35' title="bbox 261 2144 836 2195; baseline 0.003 -15"><span class='ocrx_word' id='word_1_301' title='bbox 261 2145 325 2181; x_wconf 76' lang='lat' dir='ltr'><em>lus</em></span> <span class='ocrx_word' id='word_1_302' title='bbox 333 2172 350 2190; x_wconf 90' lang='lat'><em>,</em></span> <span class='ocrx_word' id='word_1_303' title='bbox 378 2159 416 2182; x_wconf 82' lang='lat' dir='ltr'><strong>v.</strong></span> <span class='ocrx_word' id='word_1_304' title='bbox 437 2144 518 2186; x_wconf 84' lang='lat'><em>479</em></span> <span class='ocrx_word' id='word_1_305' title='bbox 534 2145 836 2195; x_wconf 72' lang='lat' dir='ltr'><em>putezinteulus.</em></span> 
     </span>
    </p>

    <p class='ocr_par' dir='ltr' id='par_1_19' title="bbox 371 2197 1460 2251">
     <span class='ocr_line' id='line_1_36' title="bbox 371 2197 1460 2251; baseline -0.004 -11"><span class='ocrx_word' id='word_1_306' title='bbox 371 2200 466 2241; x_wconf 84' lang='lat'><strong>480.</strong></span> <span class='ocrx_word' id='word_1_307' title='bbox 525 2202 814 2251; x_wconf 70' lang='lat' dir='ltr'><em>superori-stata]</em></span> <span class='ocrx_word' id='word_1_308' title='bbox 844 2212 924 2236; x_wconf 84' lang='lat' dir='ltr'><em>vox</em></span> <span class='ocrx_word' id='word_1_309' title='bbox 943 2197 1123 2235; x_wconf 82' lang='lat' dir='ltr'><strong>addenda</strong></span> <span class='ocrx_word' id='word_1_310' title='bbox 1142 2198 1280 2236; x_wconf 83' lang='lat' dir='ltr'><strong>lexicis</strong></span> <span class='ocrx_word' id='word_1_311' title='bbox 1295 2199 1460 2236; x_wconf 75' lang='lat' dir='ltr'><strong>Latinis.</strong></span> 
     </span>
    </p>

    <p class='ocr_par' dir='ltr' id='par_1_20' title="bbox 263 2253 1698 2360">
     <span class='ocr_line' id='line_1_37' title="bbox 372 2253 1698 2307; baseline -0.002 -13"><span class='ocrx_word' id='word_1_312' title='bbox 372 2253 466 2295; x_wconf 88' lang='grc'><strong>488.</strong></span> <span class='ocrx_word' id='word_1_313' title='bbox 523 2257 631 2307; x_wconf 86' lang='lat' dir='ltr'><strong>Virg.</strong></span> <span class='ocrx_word' id='word_1_314' title='bbox 653 2257 760 2292; x_wconf 82' lang='lat' dir='ltr'><strong>Aen.</strong></span> <span class='ocrx_word' id='word_1_315' title='bbox 786 2259 813 2296; x_wconf 95' lang='lat'><strong>7</strong></span> <span class='ocrx_word' id='word_1_316' title='bbox 833 2257 935 2295; x_wconf 86' lang='lat'><strong>626:</strong></span> <span class='ocrx_word' id='word_1_317' title='bbox 955 2269 1055 2304; x_wconf 79' lang='lat' dir='ltr'><em>pars</em></span> <span class='ocrx_word' id='word_1_318' title='bbox 1072 2254 1173 2291; x_wconf 76' lang='lat' dir='ltr'><em>leves</em></span> <span class='ocrx_word' id='word_1_319' title='bbox 1193 2254 1362 2303; x_wconf 70' lang='lat' dir='ltr'><em>dipem,</em></span> <span class='ocrx_word' id='word_1_320' title='bbox 1401 2260 1440 2291; x_wconf 87' lang='lat' dir='ltr'><em>et</em></span> <span class='ocrx_word' id='word_1_321' title='bbox 1465 2266 1503 2292; x_wconf 80' lang='lat' dir='ltr'><strong>v.</strong></span> <span class='ocrx_word' id='word_1_322' title='bbox 1522 2255 1624 2295; x_wconf 85' lang='lat'><strong>689:</strong></span> <span class='ocrx_word' id='word_1_323' title='bbox 1652 2261 1698 2291; x_wconf 83' lang='lat' dir='ltr'><em>at</em></span> 
     </span>
     <span class='ocr_line' id='line_1_38' title="bbox 263 2309 1390 2360; baseline -0.001 -14"><span class='ocrx_word' id='word_1_324' title='bbox 263 2310 385 2346; x_wconf 66' lang='lat' dir='ltr'><em>levem</em></span> <span class='ocrx_word' id='word_1_325' title='bbox 405 2309 587 2359; x_wconf 85' lang='lat' dir='ltr'><em>clipeum.</em></span> <span class='ocrx_word' id='word_1_326' title='bbox 647 2313 735 2348; x_wconf 83' lang='lat' dir='ltr'><strong>Liv.</strong></span> <span class='ocrx_word' id='word_1_327' title='bbox 755 2313 782 2350; x_wconf 95' lang='lat'><em>7</em></span> <span class='ocrx_word' id='word_1_328' title='bbox 806 2313 878 2351; x_wconf 89' lang='lat'><em>10:</em></span> <span class='ocrx_word' id='word_1_329' title='bbox 907 2311 1091 2360; x_wconf 72' lang='lat' dir='ltr'><em>Hispano</em></span> <span class='ocrx_word' id='word_1_330' title='bbox 1111 2309 1249 2360; x_wconf 80' lang='lat' dir='ltr'><em>gladio</em></span> <span class='ocrx_word' id='word_1_331' title='bbox 1270 2310 1390 2359; x_wconf 81' lang='lat' dir='ltr'><em>cingi.</em></span> 
     </span>
    </p>

    <p class='ocr_par' dir='ltr' id='par_1_21' title="bbox 374 2363 1696 2416">
     <span class='ocr_line' id='line_1_39' title="bbox 374 2363 1696 2416; baseline -0.002 -11"><span class='ocrx_word' id='word_1_332' title='bbox 374 2364 468 2406; x_wconf 85' lang='lat'><strong>489.</strong></span> <span class='ocrx_word' id='word_1_333' title='bbox 526 2379 588 2404; x_wconf 86' lang='lat' dir='ltr'><em>ms</em></span> <span class='ocrx_word' id='word_1_334' title='bbox 622 2365 809 2404; x_wconf 75' lang='lat' dir='ltr'><em>Geisiritlz</em></span> <span class='ocrx_word' id='word_1_335' title='bbox 841 2372 879 2403; x_wconf 85' lang='lat' dir='ltr'><em>et</em></span> <span class='ocrx_word' id='word_1_336' title='bbox 905 2367 947 2402; x_wconf 87' lang='lat' dir='ltr'><em>iu</em></span> <span class='ocrx_word' id='word_1_337' title='bbox 975 2367 1151 2416; x_wconf 82' lang='lat' dir='ltr'><em>margine</em></span> <span class='ocrx_word' id='word_1_338' title='bbox 1183 2363 1385 2402; x_wconf 67' lang='lat' dir='ltr'><em>Gersirith.</em></span> <span class='ocrx_word' id='word_1_339' title='bbox 1447 2376 1485 2401; x_wconf 86' lang='lat' dir='ltr'><strong>v.</strong></span> <span class='ocrx_word' id='word_1_340' title='bbox 1507 2377 1623 2416; x_wconf 83' lang='lat' dir='ltr'><em>supra</em></span> <span class='ocrx_word' id='word_1_341' title='bbox 1643 2363 1696 2402; x_wconf 79' lang='lat' dir='ltr'><em>ad</em></span> 
     </span>
    </p>

    <p class='ocr_par' dir='ltr' id='par_1_22' title="bbox 369 2473 1223 2527">
     <span class='ocr_line' id='line_1_40' title="bbox 369 2473 1223 2527; baseline -0.004 -13"><span class='ocrx_word' id='word_1_342' title='bbox 369 2474 462 2516; x_wconf 88' lang='grc'><strong>490.</strong></span> <span class='ocrx_word' id='word_1_343' title='bbox 520 2483 612 2512; x_wconf 83' lang='lat' dir='ltr'><em>ante</em></span> <span class='ocrx_word' id='word_1_344' title='bbox 634 2476 771 2513; x_wconf 83' lang='lat' dir='ltr'><em>tubam</em></span> <span class='ocrx_word' id='word_1_345' title='bbox 792 2479 900 2527; x_wconf 84' lang='lat' dir='ltr'><em>Virg.</em></span> <span class='ocrx_word' id='word_1_346' title='bbox 923 2477 1027 2513; x_wconf 83' lang='lat' dir='ltr'><strong>Aen.</strong></span> <span class='ocrx_word' id='word_1_347' title='bbox 1057 2477 1104 2515; x_wconf 85' lang='lat'><em>11</em></span> <span class='ocrx_word' id='word_1_348' title='bbox 1129 2473 1223 2515; x_wconf 78' lang='grc'><strong>424.</strong></span> 
     </span>
    </p>

    <p class='ocr_par' dir='ltr' id='par_1_23' title="bbox 263 2527 1691 2633">
     <span class='ocr_line' id='line_1_41' title="bbox 370 2527 1691 2581; baseline -0.002 -10"><span class='ocrx_word' id='word_1_349' title='bbox 370 2531 463 2571; x_wconf 90' lang='grc'><strong>491.</strong></span> <span class='ocrx_word' id='word_1_350' title='bbox 509 2531 765 2581; x_wconf 70' lang='lat' dir='ltr'><em>fulgentibus</em></span> <span class='ocrx_word' id='word_1_351' title='bbox 794 2534 915 2568; x_wconf 71' lang='lat' dir='ltr'><em>armis</em></span> <span class='ocrx_word' id='word_1_352' title='bbox 938 2533 1044 2581; x_wconf 81' lang='lat' dir='ltr'><em>Virg.</em></span> <span class='ocrx_word' id='word_1_353' title='bbox 1066 2529 1171 2566; x_wconf 87' lang='lat' dir='ltr'><strong>Aen.</strong></span> <span class='ocrx_word' id='word_1_354' title='bbox 1195 2532 1221 2569; x_wconf 86' lang='lat'><strong>2</strong></span> <span class='ocrx_word' id='word_1_355' title='bbox 1239 2527 1342 2577; x_wconf 88' lang='grc'><strong>749,</strong></span> <span class='ocrx_word' id='word_1_356' title='bbox 1380 2531 1407 2570; x_wconf 89' lang='grc'><em>6</em></span> <span class='ocrx_word' id='word_1_357' title='bbox 1432 2531 1514 2570; x_wconf 80' lang='grc'><em>217</em></span> <span class='ocrx_word' id='word_1_358' title='bbox 1536 2534 1575 2565; x_wconf 68' lang='lat' dir='ltr'><em>et</em></span> <span class='ocrx_word' id='word_1_359' title='bbox 1597 2529 1691 2576; x_wconf 87' lang='lat'><em>861,</em></span> 
     </span>
     <span class='ocr_line' id='line_1_42' title="bbox 263 2583 858 2633; baseline -0.005 -7"><span class='ocrx_word' id='word_1_360' title='bbox 263 2588 314 2626; x_wconf 92' lang='lat'><em>10</em></span> <span class='ocrx_word' id='word_1_361' title='bbox 331 2583 413 2626; x_wconf 91' lang='grc'><em>550</em></span> <span class='ocrx_word' id='word_1_362' title='bbox 426 2615 437 2633; x_wconf 89' lang='grc'><strong>,</strong></span> <span class='ocrx_word' id='word_1_363' title='bbox 468 2588 512 2627; x_wconf 88' lang='grc'><em>11</em></span> <span class='ocrx_word' id='word_1_364' title='bbox 540 2587 618 2626; x_wconf 93' lang='grc'><em>188</em></span> <span class='ocrx_word' id='word_1_365' title='bbox 634 2592 672 2622; x_wconf 83' lang='lat' dir='ltr'><em>et</em></span> <span class='ocrx_word' id='word_1_366' title='bbox 692 2588 744 2626; x_wconf 83' lang='lat'><em>12</em></span> <span class='ocrx_word' id='word_1_367' title='bbox 763 2587 858 2627; x_wconf 80' lang='lat'><strong>275.</strong></span> 
     </span>
    </p>

    <p class='ocr_par' dir='ltr' id='par_1_24' title="bbox 372 2636 1692 2692">
     <span class='ocr_line' id='line_1_43' title="bbox 372 2636 1692 2692; baseline -0.004 -14"><span class='ocrx_word' id='word_1_368' title='bbox 372 2639 465 2683; x_wconf 79' lang='lat'><strong>493.</strong></span> <span class='ocrx_word' id='word_1_369' title='bbox 522 2642 628 2692; x_wconf 86' lang='lat' dir='ltr'><strong>Virg.</strong></span> <span class='ocrx_word' id='word_1_370' title='bbox 657 2641 762 2678; x_wconf 85' lang='lat' dir='ltr'><strong>Aen.</strong></span> <span class='ocrx_word' id='word_1_371' title='bbox 794 2643 820 2680; x_wconf 91' lang='grc'>9</span> <span class='ocrx_word' id='word_1_372' title='bbox 842 2643 945 2682; x_wconf 89' lang='lat'><strong>707:</strong></span> <span class='ocrx_word' id='word_1_373' title='bbox 966 2655 968 2657; x_wconf 93' lang='lat'>·</span> <span class='ocrx_word' id='word_1_374' title='bbox 987 2640 1140 2691; x_wconf 83' lang='lat' dir='ltr'><em>duplici</em></span> <span class='ocrx_word' id='word_1_375' title='bbox 1163 2651 1330 2689; x_wconf 75' lang='lat' dir='ltr'><em>squama</em></span> <span class='ocrx_word' id='word_1_376' title='bbox 1355 2638 1477 2675; x_wconf 84' lang='lat' dir='ltr'><em>lorica</em></span> <span class='ocrx_word' id='word_1_377' title='bbox 1496 2636 1634 2686; x_wconf 75' lang='lat' dir='ltr'><em>fideli-5</em></span> <span class='ocrx_word' id='word_1_378' title='bbox 1657 2643 1692 2672; x_wconf 84' lang='lat' dir='ltr'><em>et</em></span> 
     </span>
    </p>
   </div>
   <div class='ocr_carea' id='block_1_3' title="bbox 260 2708 369 2732">
    <p class='ocr_par' dir='ltr' id='par_1_25' title="bbox 260 2708 369 2732">
     <span class='ocr_line' id='line_1_44' title="bbox 260 2708 369 2732; baseline 0.009 -1"><span class='ocrx_word' id='word_1_379' title='bbox 260 2708 356 2732; x_wconf 72' lang='lat' dir='ltr'><em>auro</em></span> <span class='ocrx_word' id='word_1_380' title='bbox 361 2724 369 2732; x_wconf 85' lang='grc'><em>.</em></span> 
     </span>
    </p>
   </div>
  </div>
 </body>
</html>
