1702 3060
263 150 360 200 400
670 152 853 195 NOTAE
884 151 943 194 IN
976 151 1187 194 LIBRUM
1219 149 1260 191 H

262 273 354 298 nem
373 261 442 297 lib.
463 261 489 298 7
516 255 759 307 Philippidos
772 285 782 304 ,
810 257 854 293 in
876 269 1026 294 summa
1046 262 1084 293 et
1103 255 1431 293 miserabilissima
1456 256 1582 304 fame:
1610 257 1672 294 νίέ-

263 317 390 352 dimus
414 315 512 350 inter
541 325 601 348 eos
628 312 840 362 quendam,
869 311 1083 348 miserabile
1107 313 1210 356 visu,
1239 312 1308 361 qui
1327 323 1460 347 caram
1476 310 1673 359 perstabat
1700 307 1702 309 ¹

264 370 394 406 adluit:
414 374 571 417 portare
599 369 794 403 caninam.
865 368 942 403 nisi
967 367 1023 402 ibi
1054 373 1184 402 tamen
1213 365 1350 402 melior
1377 365 1533 414 vulgata
1559 366 1672 402 lectio
1701 398 1702 401 ,

264 436 408 460 coram:
439 435 521 458 core
542 423 647 458 enim
665 424 935 471 interpretatur
956 422 1152 457 calvitium
1173 422 1254 457 sive
1272 420 1457 466 calvaria,
1486 426 1528 455 ut
1544 420 1674 457 scribit

263 480 304 514 iu
330 478 521 526 farragine
548 477 822 527 glossariorum
845 477 998 525 Papias.
1027 477 1188 512 BARTH.
1243 481 1345 511 recte
1377 474 1546 524 explicat
1578 475 1672 511 Rui-

264 534 367 578 zius3
408 532 545 582 quibus
570 526 668 567 adde
696 530 791 567 haec
821 544 872 566 ex
898 532 999 567 Festi
1030 529 1267 566 decurtatore
1300 530 1460 566 Paullo:
1489 535 1607 578 caput
1631 541 1674 564 ex

271 587 419 623 Graeco
453 586 626 629 dictum,
667 586 771 636 quod
809 585 871 621 illi
905 585 1098 621 interdum
1128 581 1230 635 κάρα
1255 584 1403 621 dicant.
1463 584 1518 620 sic
1550 584 1674 633 σχῆμα

266 642 499 678 Graecorum
515 639 619 690 apud
639 642 797 676 Latinos
815 641 854 675 in
875 638 1030 676 schema
1048 641 1241 688 migravit.
1298 640 1418 675 RrrT.
1700 677 1702 679 ¹

369 694 464 736 415.
520 695 700 744 vincula]
729 707 827 744 pene
855 701 935 730 erat
964 701 1007 731 ut
1033 693 1136 730 hunc
1158 695 1288 730 locum
1306 691 1354 730 de
1372 691 1672 728 manumissione

264 751 533 798 interpretatus
550 750 728 786 fuissem:
759 749 930 785 solemne
949 750 1053 784 enim
1068 755 1155 798 post
1171 760 1332 784 munera
1348 748 1472 797 prima
1486 757 1673 782 novorum

265 805 468 841 consulum
499 816 626 840 servos
654 805 944 850 manumittere,
974 802 1078 853 quod
1103 803 1296 839 fusissime
1321 814 1343 838 a
1367 814 1431 838 me
1455 800 1601 837 dictum
1624 797 1673 835 ad

262 858 362 895 illud
386 857 589 894 Claudiani
619 856 665 894 de
696 858 721 899 4
746 860 846 894 Hon.
875 858 1096 894 consulatu:
1125 856 1328 893 deductum
1355 856 1506 892 vindice
1533 866 1674 890 morem
1697 858 1702 862 “

261 914 323 949 lex
347 912 527 956 celebrat,
545 912 804 963 famulasque
825 914 916 962 iugo
937 911 1092 948 laxatas·
1111 911 1225 947 herili
1247 911 1413 947 ducitur.
1473 907 1578 960 quod
1600 907 1676 944 huo
1690 926 1697 929 ·

263 967 450 1019 quadrare
477 980 555 1003 non
583 973 730 1016 potest:
760 979 851 1002 nam
879 972 916 1002 et
941 972 1083 1015 nuptae
1105 967 1262 1002 maritos
1282 971 1320 1001 et
1335 971 1477 1000 matres
1496 969 1607 999 natos
1626 962 1674 998 ab
1699 983 1702 988 ·

265 1035 310 1058 eo
340 1028 488 1071 petunt.
546 1034 635 1056 cum
664 1023 763 1056 inter
791 1033 921 1056 servos
949 1033 1028 1056 non
1052 1021 1296 1056 matrimonia
1320 1018 1391 1056 sed
1408 1018 1595 1055 consortia
1614 1029 1674 1054 es-

264 1083 366 1123 sent,
397 1074 535 1111 deiude
552 1074 711 1110 vadditur
731 1089 756 1110 a
771 1076 934 1110 crimine
951 1074 1078 1111 solvit.
1137 1075 1309 1123 suspicor
1328 1086 1418 1122 ergo
1443 1074 1575 1109 solitos
1598 1072 1675 1107 im-
1701 1108 1702 1111 ,

264 1137 459 1181 peratores
470 1158 479 1175 ‚
510 1142 598 1165 cuin
613 1130 871 1178 princi-patum
887 1130 1047 1175 inirent,
1078 1130 1248 1178 captivos
1267 1142 1288 1164 e
1304 1127 1517 1164 carceribus
1533 1126 1674 1163 libera—
1701 1165 1702 1168 ,

265 1193 324 1222 tos
345 1184 557 1230 dimisisse,
586 1185 814 1233 praesertim
829 1195 923 1233 quos
940 1190 1066 1219 reatu-s
1086 1184 1256 1219 criminis
1274 1181 1481 1220 detinebat.
1538 1179 1674 1218 Sidou.
1698 1187 1702 1226 ⁴:

263 1240 434 1289 Apollin.
456 1251 573 1274 carm.
593 1241 619 1277 2
641 1239 683 1274 in
700 1238 798 1273 fine:
829 1238 1001 1287 captiuo-s·
1029 1239 1202 1274 vincture
1227 1250 1361 1282 novoe,
1388 1235 1543 1274 absolve
1566 1241 1673 1271 vetu—
1700 1239 1702 1279 ξ

263 1301 352 1330 stes.
411 1295 594 1330 DEMPs'r.
1701 1283 1702 1294 ¹

372 1347 466 1388 417.
523 1354 593 1383 tua
606 1346 759 1396 gaudia
779 1347 996 1395 eleganter,
1026 1347 1137 1396 quasi
1162 1358 1260 1397 quae
1281 1352 1324 1382 tu
1344 1343 1489 1382 mundo
1511 1344 1674 1390 confers,

264 1403 336 1440 tibi
352 1400 495 1438 debita.
552 1400 785 1438 Claudianus
805 1400 855 1437 ad
869 1401 1102 1437 Honorium:
1133 1402 1291 1450 risitque
1308 1407 1372 1436 tuo
1388 1406 1531 1435 natura
1547 1411 1673 1434 sereno
1687 1446 1695 1447 ἶ

265 1458 453 1507 Corippus
475 1457 691 1506 fragmento
715 1468 753 1492 v.
773 1458 847 1496 33:
876 1462 1035 1505 urgetur
1049 1463 1188 1491 terrore
1207 1462 1285 1491 mo·
1344 1456 1504 1491 BAn'rn.

374 1512 468 1551 421.
523 1511 622 1547 solvi
635 1517 791 1547 canc-tos
807 1523 833 1545 a
849 1511 1006 1545 crimine
1022 1511 1145 1559 iussit]
1175 1510 1292 1547 solius
1315 1510 1418 1545 enim
1434 1506 1673 1559 imperatoriS

264 1572 322 1604 est
344 1565 518 1615 capitalis
538 1566 708 1602 criminis
725 1565 889 1614 gratiam
908 1565 1023 1601 alicui
1042 1565 1168 1600 facere
1185 1571 1223 1600 et
1239 1566 1359 1600 vitam
1379 1562 1532 1602 donare.
1572 1563 1672 1598 eius-

265 1621 356 1658 dem
383 1632 537 1671 quoque
563 1627 620 1656 est
648 1621 846 1656 restituere
872 1619 1040 1665 famam,
1068 1631 1167 1669 quae
1190 1619 1270 1655 vita
1292 1619 1504 1667 comparari
1525 1617 1623 1654 solet
1639 1622 1672 1651 et

264 1677 349 1726 pari
378 1688 469 1711 cum
502 1687 547 1710 ea
575 1687 692 1724 passu
720 1674 917 1710 ambulare
942 1673 1095 1711 dicitur.
1161 1672 1249 1711 vide
1276 1671 1448 1710 cassiod.
1475 1675 1501 1714 3
1529 1683 1611 1708 var.
1638 1676 1672 1707 et

264 1732 415 1781 Symm.
436 1733 460 1770 3
485 1731 595 1779 epist.
651 1731 769 1767 Rrr'r.

373 1783 467 1823 422.
523 1785 638 1834 deus]
683 1785 811 1833 prisca
839 1781 1008 1822 adulatio
1041 1789 1078 1821 et
1105 1782 1240 1832 foeda,
1282 1784 1352 1821 sub
1384 1779 1672 1832 imperatoribus

265 1845 354 1875 nata
366 1867 376 1885 ,
407 1851 472 1874 eos
490 1837 582 1887 deos
600 1850 735 1874 vocare
757 1837 973 1890 divinisque
996 1839 1146 1876 afficere
1165 1838 1387 1885 honoribus,
1417 1849 1513 1888 quos
1529 1836 1598 1873 vix
1612 1835 1670 1870 in-

264 1895 397 1930 venies
426 1892 502 1943 (de
519 1894 656 1943 primis
672 1892 835 1943 loquor)
865 1895 933 1944 qui
951 1895 1135 1930 reiecerit.
1179 1892 1280 1930 illud
1296 1895 1339 1930 in
1359 1892 1578 1929 Domitiano
1597 1890 1670 1924 im-

266 1950 397 1999 pium,
436 1949 542 1997 quod
566 1947 765 1997 epi-stolam
777 1948 992 1997 fiat-malem
1019 1949 1170 1984 dictans
1198 1948 1403 1996 inceperit,
1435 1946 1613 1983 dominus
1642 1956 1670 1978 ez

265 2003 359 2040 deas
376 2009 500 2050 noster
517 2003 676 2050 sicfieri
689 2001 805 2038 iubet.
863 2003 971 2040 Suet.
995 2005 1058 2043 18.
1114 2004 1227 2038 Mart.
1249 2002 1427 2038 omnibus
1446 2013 1545 2050 pene
1561 1999 1669 2048 pagi-

264 2059 346 2104 nis,
376 2059 401 2096 9
423 2071 482 2107 ep.
502 2056 554 2096 95
568 2085 579 2104 ‚
609 2059 633 2097 8
653 2070 712 2106 ep.
733 2060 771 2097 2.
828 2056 853 2098 5
872 2070 933 2107 ep.
955 2058 1000 2096 8:
1034 2057 1199 2093 edictum
1217 2057 1365 2093 domini
1384 2055 1519 2105 deique
1537 2053 1669 2090 nos-tri.

266 2110 371 2163 quod
398 2113 498 2148 salse
525 2112 644 2161 carpit
669 2112 862 2148 luvenalis
880 2112 926 2151 4:
958 2125 1046 2148 cum
1062 2111 1249 2148 laudatur
1264 2111 1339 2148 diis
1351 2123 1477 2160 aequa
1485 2115 1669 2158 potestas.

266 2166 446 2203 dissimili
472 2173 646 2217 tempore
677 2165 878 2203 Claudian.
908 2164 958 2202 ad
988 2168 1133 2203 Honor.
1163 2167 1264 2216 Aug.
1287 2165 1448 2216 praefat.
1470 2163 1518 2200 de
1538 2167 1562 2204 3
1582 2174 1669 2198 con-

266 2222 418 2258 sulatu:
446 2221 566 2257 audet
579 2235 727 2271 magna
743 2235 811 2258 suo
831 2222 976 2258 mittere
991 2222 1122 2257 Roma
1141 2221 1223 2258 deo.
1282 2220 1374 2258 Seu.
1401 2218 1449 2256 de
1474 2216 1669 2268 tranquill.

267 2274 338 2314 14:
371 2275 545 2312 tumulus
574 2277 617 2312 in
644 2290 718 2326 qao
749 2277 907 2313 Caesari
928 2276 996 2313 deo
1017 2283 1142 2312 nostro
1159 2275 1289 2323 fiebat
1312 2274 1580 2326 quotidianum
1608 2284 1668 2307 sa-

265 2343 387 2365 cram.
447 2332 567 2367 simili
584 2330 701 2368 modo
719 2333 851 2368 Horat.
873 2330 898 2370 4
929 2331 979 2371 15
1009 2330 1055 2367 de
1072 2332 1267 2380 Augusto:
1292 2337 1329 2365 et
1339 2331 1455 2379 sig-na
1471 2333 1597 2364 nostro
1612 2339 1668 2362 re·

265 2386 392 2420 stituit
407 2385 504 2420 Iovi.
565 2398 649 2422 aras
670 2387 794 2433 enim,
822 2386 989 2435 templa,
1019 2387 1192 2423 flamines
1211 2384 1405 2421 habebant
1422 2384 1668 2432 imperatores

264 2439 419 2476 mortui.
447 2445 584 2475 notum
599 2441 789 2478 omnibus.
810 2442 993 2478 Dmurs'r.
1047 2439 1157 2477 vides
1176 2445 1409 2490 quantopere
1425 2439 1543 2474 etiam
1558 2434 1667 2473 Chri-

266 2494 399 2530 stianis
431 2495 668 2544 principibus
697 2497 820 2531 deitas
840 2495 912 2531 illa
931 2495 1106 2532 affectata
1122 2495 1301 2531 arriserit.
1357 2505 1437 2530 non
1457 2491 1574 2529 audet
1595 2491 1668 2527 Co-

265 2549 396 2598 rippus
422 2555 552 2598 aperte
583 2548 699 2585 deum
726 2549 852 2586 dicere
883 2551 1095 2596 Iustinum,
1129 2550 1218 2599 quia
1244 2547 1460 2590 Christiana
1475 2547 1546 2583 lex
1564 2543 1668 2582 aliud

266 2601 472 2639 suadebat:
502 2615 580 2640 non
605 2603 721 2640 audet
748 2605 937 2641 abstinere
955 2604 1002 2640 ab
1021 2604 1198 2641 omnibus
1219 2602 1306 2640 dato
1327 2601 1487 2640 honore.
1540 2601 1667 2650 itaque

267 2664 304 2694 et
322 2664 434 2702 vocat
454 2656 570 2694 deum
593 2665 630 2695 et
651 2671 691 2696 se
715 2657 955 2696 Christianae
982 2658 1061 2708 legi
1085 2664 1258 2696 excusat.
1313 2659 1369 2694 sic
1393 2658 1438 2694 in
1460 2655 1667 2693 lastiniam

265 2714 458 2762 rescriptis
484 2711 583 2750 nihil
611 2715 687 2752 uisi
717 2713 846 2752 divina
877 2714 1029 2762 omnia,
1060 2715 1189 2751 omnia
1216 2719 1370 2759 sancta,
1397 2712 1526 2750 omnia
1549 2721 1666 2756 sacra,
