1702 3060
400 101 460 146 m
492 91 844 146 IOHANNIDOS
877 100 944 144 IV
975 101 1178 145 NOTAE.
1422 101 1520 147 265

62 229 76 247 «a
94 221 110 242 ν
168 212 265 254 682.
323 211 640 263 Mastimanqzae]
672 210 764 250 vide
796 218 836 250 et
867 211 977 250 aliud
1004 213 1171 251 fortasse
1191 225 1339 250 nomen
1359 212 1520 251 alterius

59 269 232 313 numinis
250 269 505 316 Maurorum3
541 268 650 321 quod
666 271 835 306 Martem
851 270 975 307 fuisse
1001 271 1165 308 coniicio
1187 283 1240 307 ex
1257 267 1431 320 epitheto
1448 270 1522 321 fi—

56 337 160 369 mm.
221 326 278 363 sic
297 338 414 378 porro
441 338 534 363 eum
551 332 667 363 vocat
686 325 802 364 ovid.
825 326 994 363 Heraia.
1020 329 1046 366 7
1078 328 1173 366 160.
1231 325 1339 364 idem
1365 328 1467 364 Met.
1494 329 1520 367 3

29 376 31 378 ,
57 379 160 426 887:
181 381 474 434 plangentibus
491 381 665 420 adsonat
682 382 795 429 edm,
825 390 864 420 et
879 385 990 420 Pers.
1019 382 1107 420 Sat.
1135 387 1153 424 1
1179 386 1279 425 102:
1315 382 1524 434 reparabi-

57 437 109 479 Ιίό·
124 439 297 477 adsonat
314 439 420 476 echo.

168 497 265 538 683.
323 508 425 534 σανα
452 508 551 533 saxa
580 497 689 548 Virg.
713 494 822 533 Aen.
844 498 870 537 3
894 494 990 537 566.
1049 497 1201 533 Lucan.
1225 499 1252 537 7
1273 495 1376 539 4222
1408 497 1524 533 Ραη-

50 565 235 604 gaeaque
252 565 352 590 saxa
366 551 575 589 resultant.

168 611 265 650 692.
322 614 367 646 ut
385 609 494 659 Virg.
521 609 629 646 Aen.
653 611 678 651 9
700 606 779 650 125
791 620 803 646 :
833 622 960 646 rauca
978 622 1137 646 sonans.

167 667 264 707 697.
319 665 429 715 Virg.
447 664 557 702 Aen.
583 668 609 707 6
631 667 713 707 539
736 672 774 702 et
795 667 820 705 8
841 667 944 706 369:
977 679 1054 703 nox
1078 666 1173 702 mit.

165 723 262 763 703.
317 733 380 758 ms
400 728 584 759 montem.
647 721 720 760 sed
740 728 844 759 recte
867 728 926 759 est
946 721 1052 773 apud
1066 721 1289 760 Iohannem
1307 723 1355 760 L.
1375 721 1424 759 de
1444 724 1525 761 Βο-

53 777 116 816 nis
140 778 183 815 in
204 778 271 815 cit.
290 781 475 829 poemate
499 780 521 818 1
540 777 622 819 576
640 779 707 815 vel
730 780 810 820 627
830 786 1006 816 mortem.

164 832 264 875 704.
308 834 487 886 Jbrtuna
506 836 608 886 regit
624 837 735 886 Virg.
758 836 867 872 Aen.
895 837 946 875 12
967 834 1064 876 405.

63 911 67 926 ι
163 891 261 931 708.
317 892 428 942 Virg.
444 890 554 928 Aen.
578 892 631 932 12
651 894 731 933 691
747 902 758 928 :
796 892 994 943 sanguine
1013 898 1118 928 terra
1138 890 1298 937 madet,
1338 892 1526 929 strident-

52 959 129 999 que
143 945 358 984 hastilibus
370 961 508 984 aurae.

165 1005 262 1045 710.
319 1005 428 1054 Virg.
451 1003 561 1040 Aen.
587 1006 635 1044 11
662 1002 765 1045 634:
787 1005 977 1054 permisti
998 1003 1116 1041 caede
1138 1004 1315 1042 virorum
1333 1005 1524 1042 semiani-

52 1072 134 1098 mes
146 1059 364 1099 volvuntur
381 1061 484 1111 equi.

163 1118 262 1158 711.
293 1151 296 1154 .
317 1115 548 1165 Virg.Aen.
567 1118 619 1156 10
638 1115 743 1156 410:
774 1118 924 1154 socium
938 1118 1066 1154 virtus
1084 1117 1162 1154 coit
1177 1117 1304 1154 omnis
1318 1118 1362 1154 in
1375 1131 1516 1154 unum.

162 1176 260 1214 712.
318 1172 428 1222 Virg.
448 1170 558 1207 Aen.
585 1173 612 1211 2
630 1170 736 1212 2442
768 1174 952 1223 caecique
958 1174 1118 1223 surore.

103 1266 106 1268 .
161 1229 260 1270 713·
316 1228 428 1278 Virg.
443 1226 552 1264 Aen.
577 1228 628 1267 12
648 1227 752 1268 540:
783 1229 892 1266 dedit
911 1228 1028 1266 obvia
1037 1229 1153 1279 firro
1167 1236 1346 1279 pectora.

160 1283 260 1326 715.
316 1283 454 1321 dulces
471 1284 631 1321 animas
647 1285 756 1335 Virg.
785 1286 932 1336 Georg.
954 1288 979 1325 3
1001 1284 1082 1327 495
1106 1292 1145 1322 et
1161 1286 1270 1322 Aen.
1294 1289 1319 1327 3
1346 1284 1438 1326 140.

162 1341 262 1382 718.
317 1341 428 1391 Virg.
454 1340 600 1391 Georg.
623 1343 650 1382 2
671 1343 753 1381 282
766 1344 879 1381 —3:
909 1341 1074 1378 horrida
1096 1343 1261 1379 miscent
1275 1341 1453 1393 proelia;
1484 1350 1523 1380 et

52 1399 78 1439 3
96 1399 201 1444 220,
231 1409 308 1434 nec
326 1409 408 1434 non
427 1396 538 1433 Aen.
564 1397 617 1437 10
641 1399 719 1436 23:
743 1397 902 1447 proelia
920 1400 1099 1435 miscent.

163 1453 263 1494 719·
319 1453 430 1504 Virg.
449 1452 558 1489 Aen·
585 1451 610 1493 5
630 1451 735 1493 499:
766 1467 889 1491 ausus
918 1461 956 1491 et
980 1455 1063 1505 ipse
1081 1468 1207 1492 manu
1227 1455 1416 1492 iuvenum
1437 1462 1524 1492 ten-

53 1516 139 1547 tare
154 1508 344 1547 laborem.

0 1565 1 1572 ἶ
165 1568 265 1608 720.
320 1563 410 1604 Ioh.
430 1566 479 1602 L.
500 1563 549 1602 de
568 1566 689 1603 Bonis
710 1566 740 1603 l.
762 1579 795 1603 c.
815 1565 895 1607 644
916 1568 1030 1604 iuxta
1049 1566 1135 1605 cod.
1158 1569 1195 1605 A
1217 1565 1300 1608 274
1310 1567 1443 1614 fixus.

162 1623 260 1664 721.
317 1623 472 1672 excipit]
504 1629 658 1672 septem
682 1636 820 1660 versus
838 1625 1028 1675 Virgilius
1057 1626 1198 1676 incipit
1218 1637 1270 1661 ex
1289 1622 1367 1661 hoc
1385 1625 1519 1671 verbo,

50 1690 198 1776 nem5pe
219 1678 329 1717 Aen·
353 1681 379 1720 3
398 1680 481 1722 318
512 1684 551 1716 et
579 1681 684 1728 322,
724 1679 749 1720 5
774 1679 849 1728 41,
890 1682 915 1721 9
937 1682 1020 1722 258
1052 1687 1091 1718 et
1110 1683 1214 1730 763,
1257 1681 1309 1722 10
1333 1683 1439 1729 387,
1483 1687 1522 1718 et

163 1794 261 1834 727.
303 1790 479 1843 fatigat]
513 1790 655 1830 eodem
675 1793 797 1829 verbo
817 1793 1007 1843 Virgilius
1028 1792 1174 1831 desinit
1198 1800 1411 1846 sequentes
1432 1801 1520 1831 octo

50 1859 187 1886 versus
201 1877 212 1896 ,
243 1860 389 1899 nempe
408 1847 516 1885 Aen·
547 1853 566 1890 1
590 1847 671 1890 284
690 1855 729 1886 et
745 1851 842 1897 320,
873 1850 899 1890 4
921 1851 1027 1899 572,
1062 1851 1087 1892 5
1109 1851 1213 1900 253,
1244 1853 1269 1891 6
1290 1852 1345 1892 79
1367 1856 1406 1887 et
1424 1851 1519 1899 533,

51 1903 106 1944 10
127 1903 210 1945 304
228 1910 268 1941 et
294 1905 346 1944 11
371 1903 468 1944 714.

161 1963 258 2003 730.
302 1960 440 2010 flectit
459 1973 577 2012 equos
594 1961 704 2012 Virg.
725 1960 834 1999 Aen.
864 1965 883 2004 1
908 1965 987 2004 160
1006 1972 1044 2000 et
1069 1963 1121 2003 10
1142 1961 1240 2004 577-

159 2018 258 2058 732.
317 2018 473 2068 quaerit
491 2018 565 2054 iter
586 2019 696 2069 Virg.
716 2018 825 2056 Aen.
848 2021 876 2060 7
894 2021 990 2061 802.
1048 2018 1158 2056 idem
1176 2019 1284 2056 Aen.
1316 2017 1342 2059 5
1369 2021 1452 2060 226
1480 2026 1519 2057 et

49 2075 76 2115 9
98 2070 203 2114 744:
232 2074 399 2111 summis
417 2073 590 2111 adnixus
607 2074 773 2113 viribus.
959 2113 962 2115 ,

161 2131 260 2170 738.
317 2129 434 2167 dietis
451 2132 593 2168 amicis
609 2132 719 2182 Virg.
739 2131 850 2169 Aen.
874 2134 902 2172 2
924 2131 1005 2173 147
1019 2161 1030 2180 ,
1060 2131 1086 2172 5
1106 2134 1203 2180 770,
1233 2133 1259 2172 8
1288 2134 1367 2173 126
1396 2138 1434 2168 et
1466 2134 1519 2172 10

49 2183 147 2228 466.
201 2184 314 2223 idem
330 2184 439 2223 Aen.
465 2187 516 2226 11
536 2186 642 2228 520:
672 2189 787 2225 cla-tis
805 2187 1000 2225 hortatur.

160 2241 258 2283 735.
317 2243 550 2293 exemplum
565 2245 676 2282 verbi
686 2251 852 2295 portare
870 2258 941 2295 pro
954 2245 1069 2296 serre
1089 2245 1154 2282 vel
1173 2244 1366 2281 sustinere
1384 2241 1518 2281 adhue

51 2295 298 2337 desideratur
316 2301 437 2336 etiam
455 2302 497 2336 in
514 2301 628 2338 novis
651 2302 943 2339 accessionibus
964 2300 1015 2338 ad
1036 2301 1188 2338 lexicon
1205 2301 1432 2338 Forcellini.

160 2357 260 2397 786.
317 2356 415 2394 data
437 2357 552 2406 copia
568 2370 736 2408 pugnae
756 2359 866 2408 Virg.
887 2357 996 2394 Aen.
1020 2360 1046 2399 9
1066 2361 1163 2399 720.

161 2412 260 2454 738.
313 2413 482 2450 summis
501 2412 653 2451 viribus
674 2427 806 2451 omnes
828 2415 937 2465 Virg.
958 2413 1066 2460 Aen.
1092 2417 1118 2456 9
1140 2414 1238 2457 531.

161 2468 259 2508 739.
314 2470 425 2520 Virg.
457 2469 602 2521 Georg.
627 2469 654 2510 4
681 2470 780 2511 184:
811 2469 928 2508 labor
946 2469 1128 2508 omnibus
1146 2486 1264 2509 unus.

163 2521 263 2565 743.
318 2526 508 2576 Virgilius
530 2528 649 2564 unica
667 2528 753 2566 vice
779 2525 902 2566 habet
925 2527 1040 2574 dicit,
1070 2534 1109 2566 et
1137 2528 1194 2570 24
1216 2527 1370 2567 vicibus
1397 2526 1518 2573 dixit;

54 2582 100 2614 ut
119 2576 226 2616 Aen·
248 2583 276 2623 2
293 2583 374 2622 376
401 2588 440 2619 et
458 2583 510 2623 11
530 2581 628 2624 561.

162 2634 261 2676 744·
317 2651 468 2688 magna
485 2652 578 2676 voce
595 2641 704 2691 Virg.
727 2639 836 2677 Aen.
865 2641 919 2681 12
941 2639 1038 2683 580.

166 2688 265 2731 746.
318 2695 428 2744 Virg.
443 2695 552 2732 Aen.
582 2699 633 2737 12
651 2697 757 2738 284:
776 2698 939 2749 ferreus
956 2697 1111 2747 ingruit
1127 2695 1263 2732 imber.

167 2746 266 2787 747·
319 2750 429 2801 Virg.
459 2751 602 2802 Georg.
629 2752 656 2793 4
676 2746 781 2796 313:
811 2767 929 2791 nervo
940 2753 1131 2803 pul-sante
1149 2753 1332 2803 sagittae.
