1702 3060
485 112 836 158 IOHANNIDOS
869 112 976 158 LlB.
1009 112 1082 157 ΠΙ.
1442 116 1505 160 65

170 219 345 275 undique
362 224 548 275 praecisis
564 225 739 262 munitus
754 224 935 275 rupibus,
963 225 1117 276 ingens,

170 288 316 328 arduus
335 294 420 344 ipse
437 293 530 330 licet
547 303 780 343 smnmoque
798 293 1002 329 cacumine
1021 291 1159 332 ductus

171 359 364 408 emineatt,
394 359 605 412 densisque
623 365 808 410 teguntur
824 371 922 395 saxa
940 359 1099 398 salictis.

60 423 144 467 215
172 438 244 476 per
260 427 353 478 iuga
371 427 513 466 siderei
533 428 652 479 pleno
672 439 762 464 cum
777 427 922 463 vertice
941 427 1071 478 campi

172 493 402 534 funduntur.
459 497 523 534 via
542 496 654 532 nulla
673 499 803 545 patet:
831 494 903 530 vix
924 494 1087 542 semita,
1118 496 1229 532 tortis

172 560 346 614 undique
365 563 486 600 fracta
506 563 603 612 viis,
634 562 729 599 celsi
746 561 903 612 fastigia
923 561 1054 611 campi

171 629 255 666 sola
275 631 410 680 capits
448 628 592 668 densae
613 627 847 666 clauduntur
865 626 980 665 devia
1001 627 1139 665 silvae.

225 695 420 734 Hildimer
438 704 481 734 ut
501 703 632 748 septas
649 695 750 734 vidit
767 697 987 732 munimine
1006 695 1146 744 fossas,

59 762 142 804 220
169 768 286 814 atque
305 764 354 800 in·
366 766 592 816 praecipiti,
623 765 734 801 nullo
754 764 836 800 iam
854 765 1031 812 tramite,
1061 777 1218 815 pugnae

171 835 273 868 stare
293 831 421 880 locos,
452 845 615 869 saevum
633 832 764 868 timuit
782 837 933 868 tentare
953 832 1160 883 periclum.

169 903 263 936 tunc
283 901 386 936 acies
405 900 571 950 propriis
591 897 732 936 densas
753 900 962 937 consistere
980 899 1104 950 signis

167 966 253 1017 ipse
272 967 399 1015 iubet,
429 973 559 1018 septos
581 965 723 1003 dubius
742 978 820 1018 qua
838 964 975 1003 tendat
992 967 1035 1002 in
1052 963 1200 1004 hostes.

169 1035 302 1072 omnia
320 1034 514 1085 perversis
530 1034 692 1071 veniunt
710 1035 902 1071 contraria
918 1034 1025 1071 fatis.

59 1101 142 1144 225
170 1115 246 1140 axe
263 1114 446 1154 premens
466 1099 643 1138 medium
659 1099 843 1138 Phoebus
861 1102 943 1138 iam
960 1099 1144 1152 lampade
1165 1103 1316 1141 caelum

169 1168 344 1207 fervidus
364 1170 491 1208 omnis
511 1176 613 1206 erat:
643 1170 756 1207 siccis
778 1174 978 1206 exarserat
998 1167 1115 1206 ardor

168 1237 366 1286 faucibus,
397 1244 436 1275 et
455 1238 602 1275 nimius
619 1237 784 1274 miseros
804 1235 1069 1274 commoverat
1087 1243 1230 1276 aestus.

168 1306 270 1344 forte
289 1306 373 1344 sitis
393 1304 586 1358 quosdam
605 1303 757 1356 gelidas
781 1302 949 1341 deduxit
970 1302 1022 1340 ad
1040 1303 1181 1342 undas.

168 1380 257 1425 post
276 1380 432 1424 tergum
451 1371 602 1410 rediere
622 1374 718 1410 viri:
747 1385 842 1408 nam
860 1373 1018 1422 long'ms
1038 1374 1166 1410 amnis

58 1443 140 1484 280
166 1447 260 1478 tunc
283 1441 429 1478 aberat.
487 1441 626 1491 plenos
642 1440 850 1491 portabant
867 1439 1042 1476 fontibus
1062 1446 1182 1478 utres.

167 1507 265 1546 haut
284 1508 422 1559 procul
441 1506 533 1544 iude
552 1521 646 1544 cava
663 1513 882 1558 spectantes
901 1507 1005 1543 valle
1022 1507 1207 1556 ministri,

168 1577 318 1628 primus
339 1576 591 1613 ut=infaustas
612 1577 842 1627 contingens
858 1572 1058 1613 Vandalus
1079 1574 1205 1613 undas

167 1642 344 1682 laudavit
363 1651 534 1682 cessasse
553 1645 660 1682 sitim
672 1672 682 1692 ,
711 1649 805 1680 tunc
825 1648 953 1679 cetera
971 1656 1086 1680 cursu

167 1709 220 1748 ad
237 1712 372 1750 latices
389 1712 470 1749 iam
485 1712 600 1750 turba
618 1712 714 1749 coit:
745 1711 801 1749 sic
820 1710 901 1747 fata
918 1709 1140 1759 trahebant,

57 1778 138 1821 235
167 1781 224 1817 sic
242 1779 399 1817 fortuna
418 1793 563 1818 nocens
585 1779 839 1817 damnaverat
858 1779 1017 1828 agmina
1037 1779 1131 1816 leto.

168 1847 335 1898 signifer
356 1860 444 1884 ecce
463 1861 582 1898 super
597 1845 832 1884 mutandum
851 1845 1035 1883 accedere
1057 1848 1215 1897 signum

166 1926 302 1962 ausus,
334 1912 383 1952 de
402 1916 566 1952 summis
583 1914 746 1952 reduces
767 1915 953 1952 contorsit
972 1912 1147 1953 habenas

165 1982 381 2020 montibus:
411 1981 517 2020 hunc
538 1984 718 2035 sequitur
739 1981 870 2019 densis
895 1983 1092 2020 exercitus
1111 1987 1244 2022 armis.

164 2051 271 2088 invia
292 2057 405 2101 rupta
421 2057 578 2102 patent:
609 2057 802 2103 quaenunt
821 2048 917 2087 dum
934 2050 1127 2102 prendere
1149 2058 1292 2101 cautes,

55 2116 136 2161 240
162 2125 252 2170 post
268 2124 424 2169 tergum
440 2117 618 2156 redeunt.
675 2119 874 2169 fugientes
898 2117 1063 2155 credidit
1079 2117 1219 2168 hostis,

164 2193 203 2224 et
219 2199 375 2223 summo
396 2184 444 2223 de
466 2193 599 2223 monte
617 2187 733 2238 fugit.
790 2186 1000 2237 perterruit
1017 2199 1154 2224 omnes

109 2267 114 2270 ·
164 2267 277 2292 casus
298 2260 336 2291 et
355 2254 424 2291 ille
444 2252 578 2292 duces.
636 2261 840 2305 raptantur
859 2255 972 2304 signa
992 2259 1217 2303 retrorsum,

162 2334 275 2360 versa
292 2321 401 2372 fuga.
457 2333 539 2359 non
559 2333 720 2372 campus
739 2328 822 2359 erat
843 2334 920 2374 quo
940 2334 1092 2358 currere
1112 2329 1246 2373 posset

163 2388 264 2427 liber
281 2402 426 2442 equus,
457 2389 640 2441 laxisque
659 2389 760 2427 levis
778 2390 962 2426 transiret
979 2386 1144 2427 habenis
1159 2401 1170 2427 :

54 2453 135 2498 245
162 2469 234 2508 per
250 2470 367 2509 rupes
384 2457 646 2509 scopulosque
662 2463 773 2494 metu
790 2469 940 2509 perque
959 2455 1080 2500 ardua
1101 2459 1247 2496 montis

163 2535 262 2561 saxa
282 2522 427 2562 eadunt
439 2553 449 2573 ,
479 2536 644 2577 seseque
666 2537 737 2563 suo
757 2525 839 2561 iam
857 2523 1031 2576 pondere
1050 2533 1250 2576 mergunt.

53 2642 124 2678 214
144 2642 272 2678 salictis
287 2643 336 2687 la,
359 2644 486 2680 relictis
501 2645 575 2680 MT
716 2646 783 2682 215
806 2645 932 2691 plano?
1079 2648 1146 2682 219
1169 2646 1322 2680 nildimer
1341 2647 1388 2679 ¹1¹:
1418 2646 1461 2679 cf.
1478 2646 1501 2679 3

53 2689 123 2724 31⁴2
137 2693 172 2722 et
185 2689 276 2732 435,
295 2690 318 2725 5
331 2688 411 2724 432.
558 2691 626 2727 223
648 2702 712 2736 quo
730 2693 825 2736 apud
840 2693 880 2726 M
1025 2693 1092 2728 227
1115 2692 1234 2726 nimios
1253 2694 1285 2726 Τ
1417 2692 1501 2728 ibid.

55 2738 148 2769 estas
165 2735 198 2769 Τ
253 2752 257 2756 ·
330 2736 396 2770 231
419 2739 479 2770 aut
496 2737 528 2769 Τ
661 2739 744 2773 ibid.
769 2741 927 2783 spectant
941 2749 984 2772 ex
1000 2739 1030 2772 L
1071 2778 1073 2781 ¹
1127 2736 1129 2738 ’
1165 2739 1231 2773 241
1259 2748 1352 2772 more
1370 2737 1406 2774 Τ.
