1702 3060
249 123 343 167 320
515 96 525 106 “
675 114 859 164 NOTAE
888 121 946 162 IN
980 121 1190 162 LIBRUM
1220 120 1242 162 1

247 243 338 268 eum
368 231 441 268 sibi
472 231 513 266 in
538 229 701 278 imperio
732 241 992 265 successorem
1012 228 1195 277 elegerat.
1251 226 1507 274 secundarum
1527 236 1571 260 ac
1591 231 1666 260 ter·-

246 289 391 322 tiarum
431 283 655 320 dicebantur
699 290 844 319 actores
883 284 963 330 illi,
1011 285 1079 332 qui
1115 281 1328 319 secundum
1361 283 1594 330 tertiumque
1625 281 1667 315 in

248 339 398 389 agendo
416 340 548 374 locum
566 339 804 375 obtinebant.
862 337 950 375 vide
968 339 1143 374 Plinium
1160 341 1184 378 7
1215 338 1267 376 12
1295 349 1364 374 seu
1387 333 1410 387 ξ
1428 338 1499 382 10,
1528 341 1567 370 et
1581 334 1672 386 val„

248 397 355 430 Max.
375 397 400 434 9
432 391 498 432 14.
554 393 682 430 Foco.

359 458 423 500 48.
469 458 655 505 firmavit
671 458 912 508 avunculus]
945 459 998 494 sic
1015 458 1116 494 infra
1134 470 1172 493 v.
1194 455 1269 497 146
1286 462 1323 493 et
1342 457 1432 497 179.
1487 451 1680 492 Iustinia-⁴

248 527 322 551 nus
351 515 505 563 imperii
534 526 794 551 successorem
821 514 893 549 sibi
927 513 1147 562 designarat
1180 514 1388 558 Iustinum,
1419 511 1557 547 sororis
1579 514 1668 546 suae

249 570 479 618 Vigilantiae
507 576 546 605 et
564 570 788 606 Dulcissimi
808 569 931 604 filium
944 597 953 615 ,
984 581 1099 619 quem
1121 566 1368 616 adoptaverat
1389 566 1462 602 sibi
1480 567 1522 601 in
1541 565 1669 601 locum

251 625 342 671 filii,
375 624 574 672 sicutipse
597 630 709 660 antea
731 636 753 659 a
774 625 919 659 Iustino
946 626 963 662 1
985 622 1187 673 adoptatus
1204 623 1343 658 fuerat.
1398 622 1520 657 Βιττ-

362 687 427 729 49.
486 688 688 739 lacrimas]
728 689 769 724 in
807 691 974 725 Homero
1011 689 1243 738 vituperavit
1266 689 1375 724 Plato
1403 685 1506 738 quod
1534 683 1670 722 heroes

253 747 387 782 flentes
417 743 625 794 aliquando
655 741 831 779 inducat:
860 745 927 779 ille
957 745 1061 780 enim
1085 743 1222 780 ducem
1240 744 1530 793 principemque
1551 742 1672 789 exigit

253 801 321 850 qui
349 800 398 835 sit
426 794 610 846 ἀπαθής,
650 799 731 835 sine
758 797 970 848 affectuum
1000 797 1182 842 stimula&
1213 796 1318 847 quod
1342 798 1533 847 placuisse
1559 794 1672 831 video

253 855 391 892 Stoicis
412 852 515 903 apud
538 854 728 890 Senecam
749 866 878 903 saepe.
935 860 973 889 at
991 853 1106 902 longe
1127 851 1169 888 id
1188 852 1234 887 ab
1254 851 1502 888 humanitatis
1521 851 1672 900 legibus

254 915 466 946 remotum:
503 921 596 944 nam
623 916 665 945 ut
694 909 761 946 lib.
786 908 807 947 1
834 910 932 945 Aen.
961 910 1090 954 Maro,
1127 913 1218 943 sunt
1248 907 1432 942 lacrimae
1459 919 1604 949 rerum,
1640 911 1676 939 et

254 970 416 1000 mentem
447 963 630 1000 mortalia
659 970 839 1012 tangunt.
900 961 1125 999 Alexander
1155 963 1247 998 visis
1278 967 1457 1012 quattuor
1487 960 1676 996 militibus

254 1021 489 1055 Graecorum
507 1017 622 1055 foede
639 1019 826 1054 mutilatis
844 1018 969 1063 flevit,
999 1018 1105 1053 Curt.
1126 1016 1150 1056 5
1163 1045 1172 1062 ,
1203 1023 1240 1052 et
1255 1016 1490 1066 poenitentia
1507 1026 1675 1061 suorum,

257 1076 332 1120 10,
363 1080 400 1109 et
433 1075 474 1109 in
505 1072 640 1109 finiere
669 1073 791 1120 Clyti,
820 1074 867 1116 8,
898 1077 935 1106 et
962 1072 1083 1108 Iulius
1113 1071 1274 1118 caesar,
1303 1071 1462 1108 Sueton.
1484 1083 1516 1106 c.
1538 1071 1610 1115 33,
1639 1065 1677 1104 et

253 1129 368 1164 Titus
397 1128 618 1175 Augustus,
658 1126 818 1161 Paullus
845 1126 1006 1162 Diacon.
1038 1128 1085 1174 9,
1117 1132 1154 1161 et
1183 1127 1348 1164 Aeneas.
1402 1125 1539 1174 virgil.
1561 1124 1610 1164 5:
1643 1129 1679 1159 et

256 1182 540 1230 consanguineo
570 1180 780 1216 lacrimans
806 1181 1047 1217 commendat
1066 1179 1246 1217 Acestae.
1308 1186 1346 1216 et
1367 1179 1489 1215 Iulius
1510 1180 1608 1215 Aen.
1630 1179 1678 1217 9:

256 1239 311 1272 εἰσ
334 1238 393 1272 ait
411 1235 667 1271 illacrimans.
728 1235 961 1271 Claudianus
984 1237 1025 1271 in
1043 1235 1188 1271 Ruffin.
1208 1239 1255 1282 2,
1285 1235 1353 1271 ubi
1373 1235 1477 1271 varie
1498 1232 1679 1270 discernit

257 1303 373 1340 super
391 1288 464 1326 hac
485 1303 548 1338 τε,
574 1290 787 1340 galeasque
806 1290 940 1326 solatis
960 1289 1184 1325 humectant
1200 1289 1384 1325 lacrimis.
1442 1289 1624 1325 Dsmrs'r.

368 1355 435 1396 50.
492 1355 590 1392 νίνίι
608 1362 725 1404 pater
750 1354 917 1399 aethere,
947 1355 1059 1399 vivit,
1089 1361 1125 1390 et
1144 1353 1324 1404 fluitur]
1363 1354 1417 1391 sic
1445 1351 1679 1398 restituenda

258 1412 333 1448 fuit
356 1409 560 1448 distinctio.
617 1411 738 1447 Rrr‘r.

373 1476 440 1517 52.
498 1489 612 1512 curas
635 1487 705 1511 nos
732 1477 974 1524 reposuimus
1001 1488 1070 1526 pro
1098 1476 1270 1520 sudores,
1299 1473 1405 1527 quod
1428 1475 1557 1512 minus
1586 1487 1681 1512 cou-

264 1538 419 1582 grueret
445 1537 484 1567 et
509 1531 648 1566 rationi
677 1531 857 1567 carminis
890 1538 1004 1582 atque
1037 1533 1270 1578 sententiae3
1310 1532 1386 1568 nisi
1413 1531 1527 1567 alicui
1554 1531 1682 1580 potius

261 1600 367 1623 nunc
405 1584 710 1635 expungendum
744 1583 931 1622 videatur.
991 1588 1085 1637 quin
1115 1594 1152 1623 et
1183 1587 1369 1636 Corippus
1396 1584 1471 1622 hoc
1496 1583 1682 1636 loquendi

262 1640 380 1677 modo
401 1642 522 1677 utitur
543 1640 704 1676 inferius
726 1640 793 1676 lib.
815 1643 854 1680 2.
883 1643 1002 1680 Rmz.
1067 1642 1109 1677 in
1135 1643 1262 1691 priore
1291 1639 1458 1678 editione
1483 1639 1682 1677 admonuit

263 1697 469 1744 Assagrius
491 1696 531 1731 in
551 1707 611 1730 ms
631 1695 750 1731 fuisse
770 1695 926 1732 sudores
944 1697 1094 1745 suscipe
1113 1709 1260 1742 rerum;
1289 1694 1394 1747 quod
1414 1696 1570 1732 tolerari
1589 1707 1682 1744 pos-

264 1757 342 1797 set,
373 1763 424 1786 ex
443 1751 599 1786 Horatio
621 1749 689 1785 lib.
713 1750 735 1788 1
757 1748 821 1786 od.
843 1751 914 1790 15:
943 1751 1061 1787 sudor
1085 1753 1190 1788 enim
1213 1751 1385 1800 dffeilie
1401 1749 1524 1787 labor.
1584 1751 1682 1786 Stat.

263 1805 332 1842 lib.
353 1807 379 1844 7
399 1802 594 1840 Thebaid.
613 1803 755 1839 sudata
775 1804 847 1840 snb
864 1807 1017 1842 Haemo
1027 1806 1198 1855 praelia.
1243 1805 1445 1843 Claudian.
1468 1804 1516 1842 de
1534 1807 1559 1845 3
1581 1807 1682 1841 Hom

266 1859 488 1896 consulatu:
530 1871 643 1907 quem
671 1860 797 1894 merui
823 1865 858 1894 te
884 1873 960 1895 non
988 1861 1153 1896 sudante
1177 1861 1430 1909 triumphum.
1500 1861 1554 1897 sic
1581 1861 1684 1896 enim

266 1920 368 1950 recte
396 1915 438 1949 in
461 1926 522 1949 ms
549 1925 638 1948 meo
666 1911 797 1948 codice
825 1913 987 1962 legitur,
1018 1927 1093 1964 quo
1115 1921 1201 1951 utor
1217 1915 1400 1951 beneficio
1420 1921 1459 1952 et
1480 1913 1580 1951 dono
1598 1927 1684 1950 ma·-

264 1970 363 2005 ximi
393 1969 616 2016 Bongarsii3
653 1979 771 2017 quam
797 1969 1002 2005 lectionem
1021 1968 1189 2005 admittit
1211 1969 1326 2006 editio
1344 1971 1591 2006 plantiniana
1611 1982 1684 2019 po-

266 2024 421 2070 sterior,
449 2024 541 2059 licet
567 2023 609 2057 in
641 2021 806 2058 editione
836 2025 955 2073 priori
978 2024 1099 2059 Delrii
1127 2025 1175 2061 sit
1196 2025 1396 2069 suadente,
1427 2023 1532 2075 quod
1551 2025 1686 2074 recipit

269 2076 434 2128 Gryphii
459 2075 585 2114 codex
603 2082 641 2112 et
657 2078 826 2114 Venetus
847 2085 934 2114 ante
955 2085 1108 2115 centum
1130 2086 1167 2115 et
1190 2078 1444 2130 quadraginta
1465 2092 1586 2116 annos
1613 2091 1684 2116 ex-

267 2145 395 2169 cusus.
450 2144 578 2181 neque
597 2138 727 2167 tamen
745 2130 920 2182 displicet
940 2147 1053 2170 curas
1071 2147 1190 2170 nunc.
1248 2135 1350 2171 iufra
1368 2137 1394 2174 2
1425 2135 1522 2182 180,
1551 2137 1576 2174 3
1606 2135 1684 2174 139

268 2193 306 2222 et
330 2187 436 2222 alibi.
494 2185 694 2222 Claudian.
714 2185 762 2222 de
780 2190 805 2228 3
825 2189 969 2224 consul.
990 2190 1152 2225 Honorii
1162 2191 1339 2238 patrium
1354 2187 1482 2226 orbem
1499 2192 1601 2226 cunis·
1618 2201 1687 2224 ae·-

268 2240 452 2290 qaalibns
481 2254 609 2290 regere
636 2239 749 2278 dixit.
804 2241 912 2279 idem
935 2245 978 2278 in
1005 2244 1148 2280 Ruffiu.
1176 2247 1222 2284 2:
1251 2257 1329 2281 non
1340 2243 1468 2293 pudet
1483 2243 1687 2280 Ausoniae

267 2308 382 2331 curas
402 2302 438 2330 et
456 2296 545 2331 iura
562 2303 765 2345 regentem.
826 2299 880 2334 sic
898 2299 1002 2334 enim
1021 2299 1116 2347 legit
1137 2298 1379 2336 doctissimus
1396 2300 1617 2346 Fun-nerins,
1647 2303 1685 2338 et

266 2351 309 2386 in
325 2350 523 2385 Parisiana
544 2351 598 2386 sic
619 2363 827 2399 excusum,
859 2353 951 2388 licet
974 2356 1256 2404 manuscriptus
1275 2366 1385 2390 meus
1405 2351 1531 2390 codex
1553 2360 1592 2390 et
1606 2354 1685 2391 Ve-

271 2410 383 2440 netus
422 2405 711 2453 antiquissimus
747 2419 884 2443 currus
910 2406 1099 2455 habeant,
1138 2415 1239 2446 recto
1269 2409 1388 2445 etiam
1413 2420 1552 2445 sensu:
1591 2421 1685 2445 nam

270 2458 456 2508 praefecti
496 2461 686 2507 praetorio
723 2473 836 2498 curru
871 2461 1129 2509 vehebantur,
1181 2469 1224 2500 ut
1257 2463 1313 2499 ibi
1347 2463 1481 2500 multis
1519 2462 1685 2501 ostendi.

271 2514 454 2549 Dsm’s’r.
512 2525 600 2548 cum
619 2514 661 2548 in
688 2526 748 2550 ms
777 2514 861 2552 cod.
889 2518 1016 2554 visum
1034 2518 1083 2553 sit
1100 2519 1235 2554 Ruizio
1258 2518 1459 2555 librarium
1485 2519 1683 2568 scripsisse

273 2566 427 2603 sudores
444 2580 565 2611 nunc,
594 2567 765 2605 fortassis
785 2571 819 2606 si
839 2571 948 2620 legas
964 2571 1074 2608 modo
1095 2584 1226 2618 curas,
1254 2575 1425 2624 vestigiis
1442 2585 1503 2611 ms
1519 2572 1603 2611 cod.
1618 2574 1683 2610 in·-

273 2619 449 2658 haerebis
468 2622 606 2670 magis.
661 2622 787 2661 Foco.

379 2685 446 2728 53.
502 2693 569 2724 εει.
626 2687 827 2736 legebatur
844 2688 978 2728 vitiose
999 2697 1047 2726 et.
1106 2692 1228 2730 Rrrr.
1670 2710 1677 2726 ν
