1702 3060
255 115 348 164 338
678 114 860 162 NOTAE
892 114 949 161 IN
978 114 1187 162 LIBRUM
1219 112 1240 160 1

257 225 317 263 dri
340 226 566 263 Protectoris
594 225 788 275 reliquias.
843 225 996 274 pietatis
1023 237 1114 275 ergo
1143 226 1356 264 celebratur
1377 238 1399 263 a
1427 225 1662 275 chronologo

256 281 567 331 Weingartensi‚
610 292 727 330 quem
754 278 874 316 edidit
903 282 1089 318 Henricus
1117 281 1304 319 Canisius.
1342 283 1503 318 BARTH.
1573 279 1662 317 vide

256 338 398 385 Evagr.
417 335 442 375 5
472 336 542 381 17,
570 334 696 370 Paull.
713 335 872 371 Diacon.
893 337 956 376 18.
1012 337 1133 374 Rrr'r.

364 388 457 428 215.
513 389 724 425 eommunis
751 388 991 440 benefactor]
1021 389 1062 427 id
1090 397 1147 428 est
1176 391 1355 441 princeps
1380 387 1576 444 εὐεργέτης
1583 418 1594 438 ,
1622 371 1664 427 ul

257 444 356 480 infra
375 441 402 482 2
433 440 524 482 145.
579 444 700 480 Rrr'r.

364 498 456 536 219.
511 498 712 548 legebatur
742 498 834 535 hinc
864 506 919 535 est
945 501 1111 545 iuveni-o,—
1147 499 1216 537 sed
1246 499 1455 551 legendum
1487 498 1579 536 hinc
1612 495 1666 536 est

257 552 362 602 quod
373 552 538 598 iuvenis,
566 561 631 590 aut
654 554 745 590 hinc
761 555 877 590 etiam
894 556 1056 591 iuvenis.
1114 555 1297 593 Dzm’s'r.

362 605 413 642 ib.
475 613 554 644 tota
571 610 728 659 virtute]
760 610 935 646 omnibus
953 610 1113 646 viribus.
1143 611 1327 648 Gruterus
1345 609 1521 660 Ligurini
1535 608 1604 645 lib.
1619 610 1663 648 1:

255 670 334 699 tota
350 662 489 699 virtute
504 665 628 699 reniti.
661 665 821 700 Bima.
874 663 1103 713 legendum,
1132 665 1259 716 inquit
1271 666 1542 716 Dempsterus‚
1574 663 1667 699 hinc

256 723 311 753 est
338 718 443 767 qaod
469 719 634 762 iuvenis,
662 724 728 754 aut
749 718 842 754 lzt'nc
862 720 976 754 etiam
996 720 1156 755 iuvenis.
1216 719 1286 757 sed
1309 727 1347 758 et
1366 726 1571 770 utrumque
1591 716 1665 754 hoc

255 774 336 809 iam
365 779 610 822 praeceperat
644 773 802 810 Ruizins
841 773 882 808 in
920 775 1093 822 margine
1124 773 1302 812 editionis
1334 788 1439 812 suae.
1495 780 1664 810 ceterum

255 839 392 877 parum
421 827 580 878 quidem
612 828 792 875 interest,
833 827 969 865 malim
1004 835 1135 865 tamen
1176 837 1267 866 nota
1297 832 1436 867 virtute
1466 826 1658 866 laborans.

256 884 410 919 Voncx.

365 938 459 976 220.
517 935 622 985 quod
640 935 740 970 dixit
759 937 934 970 animam
947 945 1017 981 pro
1037 934 1202 970 dominis
1210 933 1414 982 praebere,
1441 944 1499 972 est
1519 936 1666 986 origine

258 992 461 1028 Graecum.
517 990 659 1035 Solon,
689 991 878 1024 Homerus
901 986 1015 1024 Iliad.
1070 989 1230 1025 Bima.
1508 1035 1516 1041 ῃ

366 1043 459 1085 224.
515 1043 678 1080 discret-a
695 1045 794 1079 ratio
814 1049 871 1079 est
888 1044 1040 1092 sapiens
1053 1070 1063 1090 ‚
1098 1050 1207 1080 cauta
1221 1073 1231 1091 ,
1259 1044 1361 1081 bona
1383 1043 1556 1081 oonsilio.
1612 1044 1666 1080 sic

256 1101 357 1138 infra
382 1112 420 1136 v.
443 1100 536 1139 301.
592 1105 744 1134 servant
770 1096 870 1134 hanc
899 1099 980 1133 vim
1007 1095 1122 1135 huius
1152 1100 1257 1136 vocis
1293 1111 1428 1136 omnes
1460 1100 1615 1148 linguae
1642 1110 1666 1134 a

257 1157 395 1192 Latina
435 1152 720 1190 descendentes.
777 1151 846 1189 sed
883 1165 933 1187 ex
968 1153 1126 1189 Graecia
1162 1152 1323 1190 oriunda
1355 1153 1528 1191 videtur:
1574 1164 1667 1190 nam

258 1208 407 1261 ἄκριτοι
436 1205 546 1259 λόγοι
580 1206 685 1243 idem
727 1206 831 1258 quod
870 1205 1067 1244 indiscreti
1105 1215 1242 1246 sonant
1277 1210 1446 1246 Homero
1480 1207 1601 1245 Iliade
1625 1211 1663 1247 3.

258 1267 417 1302 Bima.

366 1317 418 1353 ih.
477 1318 640 1366 vocans]
668 1326 745 1352 non
773 1316 921 1366 placet,
953 1323 990 1352 et
1013 1316 1111 1353 forte
1135 1324 1192 1354 est
1211 1323 1253 1354 ut
1270 1319 1391 1368 possit
1412 1318 1492 1368 legi
1510 1324 1666 1362 notans,

258 1371 406 1417 volens,
423 1371 568 1408 videns.
599 1373 782 1408 DeMrs'r.
826 1383 970 1407 vocans
982 1384 1191 1420 properare
1210 1375 1443 1422 graecismus
1463 1379 1532 1420 est,
1550 1383 1667 1423 quem

257 1429 362 1465 malo
384 1427 565 1477 exemplo
588 1432 798 1463 commutat
817 1427 988 1463 Ruizius.
1045 1428 1100 1463 sic
1129 1428 1317 1478 corippus
1344 1429 1428 1479 ipse
1450 1439 1490 1465 v.
1511 1429 1566 1467 29
1592 1426 1671 1463 hoc
1696 1423 1702 1426 ’

259 1484 371 1520 libro.
426 1483 568 1532 pariter
589 1487 718 1518 autem
738 1480 901 1518 vocandi
918 1482 1035 1519 verbo
1052 1495 1144 1520 usus
1162 1483 1382 1520 Lucretius:
1411 1490 1447 1519 et
1463 1482 1596 1518 sedare
1612 1482 1666 1518 si-

261 1540 330 1574 tim
347 1538 482 1587 sontes
499 1537 696 1586 fluviique
719 1536 920 1573 vocabant.
953 1538 1113 1574 BAnTn.
1168 1539 1325 1575 Ruizius
1352 1539 1393 1575 in
1418 1538 1593 1587 margine
1616 1535 1666 1572 ad

259 1605 402 1630 vocans
420 1591 597 1628 adnotat:
627 1592 724 1627 forte
744 1597 881 1627 notans
882 1613 904 1635 >⁴
926 1597 992 1626 aut
1009 1591 1156 1635 volem,
1183 1593 1328 1628 videns.
1387 1604 1487 1642 quae
1505 1590 1667 1628 fideliter

259 1649 352 1684 satis
390 1659 459 1684 sua
488 1647 579 1683 fecit
608 1647 871 1696 Dempsterus.
929 1644 998 1682 sed
1027 1658 1099 1682 nec
1125 1651 1182 1682 tot
1214 1648 1440 1686 coniecturis
1469 1657 1565 1696 opus
1595 1653 1667 1683 est.

259 1714 393 1739 sensus
418 1707 584 1748 constat,
615 1699 709 1737 dum
728 1708 829 1737 recte
849 1699 923 1737 hoc
939 1707 1051 1750 pacto
1071 1701 1290 1738 instituatur
1307 1702 1548 1738 constructio.
1604 1700 1671 1737 hie

257 1770 400 1792 vocans
427 1756 606 1806 famulos
628 1756 771 1802 fideles
779 1783 796 1800 ,
836 1755 999 1805 lugebat
1017 1769 1227 1805 properare
1244 1757 1464 1805 primordia
1480 1767 1671 1806 prospera

259 1812 370 1860 regni
397 1809 489 1846 bene
516 1811 682 1860 suscepti
706 1812 853 1846 ratione
886 1811 1068 1856 discreta,
1097 1817 1133 1846 et
1162 1811 1316 1848 iubebat
1335 1824 1483 1861 parare
1511 1818 1663 1848 cuncta.

259 1862 454 1902 confusior
475 1865 607 1915 paullo
634 1866 838 1903 verborum
865 1871 922 1901 est
948 1872 1158 1902 structura:
1187 1873 1227 1903 at
1252 1867 1417 1916 Corippo
1446 1867 1534 1903 talis
1561 1864 1668 1902 haud

254 1921 438 1957 insoleus.
493 1921 649 1957 Voncx.

363 1977 457 2015 226.
503 1974 668 2024 feretro]
699 1967 906 2023 sandapilis
924 1974 1018 2011 olim
1038 1973 1292 2012 efferebantur
1311 1972 1496 2012 damnati.
1551 1975 1667 2011 Mart.

257 2030 283 2067 8
310 2028 382 2075 75,
413 2032 463 2070 10
487 2030 526 2069 5.
583 2030 741 2066 Sueton.
760 2030 903 2065 Domit.
927 2031 995 2068 17:
1025 2042 1163 2078 corpus
1172 2029 1362 2079 populari
1375 2030 1585 2079 sandapila
1593 2043 1668 2079 per

256 2083 483 2131 vespillones
499 2091 751 2133 exportatum.
792 2084 970 2133 Fulgent.
989 2082 1038 2120 ad
1055 2083 1230 2121 Chalcid.
1247 2085 1419 2121 loculum
1435 2091 1559 2133 vooat,
1588 2098 1668 2121 non

256 2138 298 2173 in
325 2150 400 2187 quo
427 2137 614 2174 nobilium
640 2149 817 2188 corpora,
844 2139 913 2175 secl
935 2139 977 2174 in
999 2152 1073 2189 quo
1092 2139 1328 2189 plebeiorum
1344 2147 1380 2176 et
1395 2141 1666 2178 damnatorum

256 2192 447 2228 cadavera
457 2193 729 2242 portabantur.
779 2193 963 2230 feretrum
981 2196 1198 2244 principum
1218 2195 1449 2247 civiumque,
1474 2194 1580 2247 quod
1597 2208 1666 2232 su-

256 2258 324 2294 pra
342 2249 468 2296 capita
489 2248 644 2287 feratur.
691 2246 827 2284 Isidor.
847 2251 899 2288 20
929 2250 993 2287 11.
1039 2251 1184 2287 Lucan.
1210 2252 1259 2291 8:
1288 2258 1331 2287 ut
1348 2251 1532 2287 Romana
1551 2263 1669 2286 suum.

250 2307 402 2349 gestent
426 2303 499 2350 pia
527 2303 628 2339 colla
650 2310 867 2351 parentem.
923 2304 1020 2340 Stat.
1046 2305 1141 2342 Silv.
1171 2309 1199 2345 2
1226 2308 1273 2345 1:
1309 2305 1458 2355 puerile
1470 2306 1666 2355 set-etrum

248 2355 430 2402 produxi.
492 2363 529 2392 et
553 2355 680 2394 Theb.
703 2361 750 2398 6:
771 2358 1119 2408 puerillseretrum
1137 2361 1285 2396 texitur.
1345 2360 1526 2397 DRMPST.

363 2411 458 2449 227.
514 2414 784 2462 compositam]
814 2413 974 2450 verbum
991 2415 1162 2451 solemne
1180 2415 1317 2452 funeri.
1373 2417 1470 2451 Aen.
1491 2418 1536 2455 2:
1553 2416 1663 2464 posi-

255 2469 337 2500 tum
359 2477 509 2513 corpus.
570 2465 617 2502 de
648 2468 899 2504 collocatione
923 2467 997 2505 hac
1021 2469 1251 2507 cadaverum
1268 2468 1400 2506 lumen
1416 2483 1528 2507 sume
1547 2483 1570 2507 a
1586 2469 1661 2507 du-

254 2519 346 2568 plici
374 2518 596 2557 eruditionis
621 2522 722 2569 sole,
750 2525 855 2559 Iusto
875 2524 1008 2573 Lipsio
1027 2525 1148 2560 Elect.
1168 2525 1188 2562 1
1215 2527 1262 2570 6,
1291 2523 1500 2563 Theodoro
1518 2526 1661 2562 Marci-

256 2575 308 2610 lio
331 2572 382 2610 ad
402 2573 508 2611 Pers.
529 2581 599 2612 sat.
619 2579 665 2616 3:
696 2579 923 2625 compositus
943 2578 1050 2614 lecto.
1108 2579 1286 2618 Dsmrs'r.

363 2631 456 2671 28¹7.
511 2642 589 2666 non
607 2629 738 2668 dubito
755 2633 955 2668 Iustiniani
969 2645 1111 2669 nomen
1129 2635 1319 2684 glossema
1334 2636 1547 2687 marginole
1562 2645 1657 2680 esse,

255 2683 443 2721 intrusum
464 2687 589 2723 textui
610 2698 678 2736 pro
700 2687 794 2736 alio,
819 2687 923 2738 quod
939 2688 1170 2738 explicabat.
1224 2691 1384 2728 ΒΑΜἮ.
