1702 3060
277 130 370 201 114
895 133 1111 177 comm

383 255 454 278 neo
476 239 672 288 dubitant,
703 240 908 292 tristesque
922 241 1048 289 locos,
1079 240 1165 292 quis
1182 241 1312 281 nullus
1330 242 1446 281 eundi

381 306 615 357 vivendique
633 305 787 344 modus.
843 319 923 343 non
937 308 1016 344 illis
1034 307 1173 345 finibus
1191 308 1272 345 ulla

381 377 469 408 αὕτη
487 385 556 420 per
574 371 743 409 calidum
762 380 888 409 tranat
913 386 1100 423 suspensa
1120 374 1301 411 volucris.

382 439 550 486 armiger
567 439 651 488 ipse
670 439 773 475 Iovis
785 467 796 486 ‚
832 446 961 489 portat
980 441 1048 490 qui
1065 440 1240 477 fulminis
1258 441 1372 490 iguis,

272 506 352 545 290
380 506 449 540 vix
469 505 628 554 impune
644 510 771 554 potest
789 505 973 542 ferventis
992 506 1168 555 margine
1193 505 1292 540 caeli

382 569 539 606 flamina
559 582 672 618 posse
691 570 796 619 pati,
827 582 926 622 quae
943 578 1066 608 terror
1080 571 1191 608 iussit
1212 569 1334 608 adire.

432 636 578 671 Ductor
594 641 637 671 ut
661 634 823 673 hostiles
847 639 967 686 sensit
989 638 1148 674 cessisse
1170 643 1341 674 catervas

380 713 450 750 per
468 699 619 737 deserta
634 708 763 748 metu,
793 700 905 739 solita
924 704 1064 740 virtute
1079 703 1239 753 fugaces

379 768 609 817 insequitur.
666 766 811 804 calidas
829 774 953 804 terrae
975 770 1140 806 sitientis
1159 781 1295 805 arenas

268 833 348 874 295
377 834 499 868 acrior
517 831 739 882 ingrediens
758 833 870 870 iussit
886 840 1017 870 tamen
1036 833 1214 870 omnibus
1234 831 1358 870 undas

374 898 474 934 ferre
497 900 576 936 suis
599 899 857 950 Cereremque
876 899 964 936 sibi.
1019 905 1226 950 praecepta
1244 901 1419 949 magistri

374 963 576 1014 perficiunt
596 965 753 1002 celeres.
810 963 880 1001 sed
899 970 1087 1015 quantum
1103 971 1234 1015 posset
1250 966 1293 1000 in
1313 966 1392 1002 illis

375 1036 432 1067 tot
448 1031 612 1080 populos
633 1031 772 1067 satiare
792 1030 909 1077 locis,
940 1033 1170 1081 quantisque
1193 1030 1331 1068 diebus

377 1097 533 1145 agmina
554 1102 660 1132 tanta
682 1093 820 1132 aleret!
851 1103 1063 1132 vacuantur
1084 1097 1254 1134 fontibus
1273 1104 1399 1144 utres,

267 1165 347 1204 300
374 1163 531 1212 iamque
551 1163 665 1200 Ceres
684 1174 891 1213 nusquam.
921 1163 1032 1198 siccis
1051 1168 1143 1198 tunc
1161 1163 1336 1200 faucibus
1355 1162 1510 1210 ardent,

375 1227 632 1279 deficiuntque
649 1229 767 1265 fame.
823 1225 923 1275 heu,
951 1229 1064 1266 miles
1084 1227 1290 1266 bacchatur
1312 1228 1517 1278 anhelans,

374 1299 412 1333 et
430 1295 521 1331 solis
538 1295 688 1330 fervore
708 1294 848 1332 rubens
867 1301 1090 1342 exaestuat,
1119 1293 1258 1332 ardens

371 1361 527 1410 ignibus
543 1361 768 1407 iimnensis3
797 1367 836 1397 et
853 1361 971 1397 nullis
989 1361 1133 1396 flumen
1151 1362 1276 1397 arenis

371 1428 573 1463 inveniens
599 1433 789 1463 scrutatur
805 1438 926 1477 aquas
947 1438 1169 1476 vanumque
1185 1426 1335 1463 laborat
1347 1455 1358 1474 ‚

260 1494 339 1535 305
368 1500 409 1529 ut
430 1494 609 1528 Danaum
631 1491 828 1543 quondam
846 1491 1056 1530 Thebanos
1076 1492 1208 1528 inclita
1227 1505 1383 1542 campos

369 1559 525 1608 agmina
545 1571 634 1594 cum
654 1564 828 1608 peterent
841 1586 851 1605 ‚
890 1559 1050 1596 siccatos
1067 1560 1226 1594 numine
1243 1557 1387 1595 Bacchi

369 1636 561 1674 expavere
579 1624 685 1660 lacus
702 1623 906 1675 fontesque
917 1652 928 1672 ,
959 1631 996 1662 et
1015 1625 1175 1661 flumina
1192 1623 1328 1661 ductor

365 1688 552 1726 Adrastus
572 1689 660 1725 latis
680 1690 1020 1742 sitiensaquaesivit
1037 1692 1078 1726 iu
1099 1691 1214 1727 arvis.

420 1756 607 1804 Deposuit
626 1756 786 1792 miseras
807 1768 1012 1806 erumpens
1031 1769 1125 1793 voce
1148 1756 1325 1807 querelas

257 1822 337 1860 310
364 1821 476 1857 miles
500 1822 710 1858 Romanus.
761 1816 822 1858 “si
836 1823 958 1858 tristia
978 1823 1057 1858 fata
1074 1823 1269 1858 minantur

362 1893 535 1936 tempore
555 1900 659 1923 nuno
675 1899 752 1923 uno
769 1888 986 1924 Romanam
1003 1887 1163 1938 perdere
1182 1894 1337 1937 gentem
1349 1914 1360 1934 ‚

366 1959 455 1988 sunt
473 1966 605 2000 enses,
635 1959 724 1990 sunt
744 1953 868 2000 bella,
897 1954 1002 1990 ferae
1022 1961 1111 1991 sunt
1128 1954 1308 2003 gentibus
1326 1955 1430 1990 irae:

362 2019 497 2055 lancea
512 2019 763 2067 transfodIat3
792 2020 949 2055 veniant
971 2020 1034 2056 nel
1057 2021 1233 2057 fulminis
1253 2021 1375 2056 instar

361 2087 492 2122 omnia
510 2087 587 2122 tela
605 2087 745 2133 simulr,
773 2091 988 2122 contortan
1007 2087 1154 2123 viscera
1176 2086 1324 2123 ferrum

252 2150 330 2192 315
359 2158 540 2199 transeat,
570 2159 685 2204 atque
703 2153 852 2188 animas
870 2158 1022 2188 tantum
1039 2165 1109 2202 per
1124 2153 1286 2189 vulnera
1305 2148 1458 2188 fundat.

359 2231 427 2253 cur
446 2230 517 2254 nos
537 2217 619 2254 dira
642 2219 765 2255 fames
783 2216 971 2268 ardorque
991 2219 1151 2270 sitisque
1173 2225 1346 2256 coartans

359 2283 542 2332 segnibus
563 2283 642 2321 heu
660 2285 772 2331 fatis,
801 2283 918 2333 longa
936 2285 991 2320 sio
1007 2292 1131 2322 morte
1152 2283 1317 2335 fatigat?

360 2349 409 2384 sit
426 2347 565 2398 gladiis
588 2356 734 2386 sacrata
756 2363 907 2390 manus.
964 2357 1142 2387 converte
1163 2357 1370 2387 retrorsum

357 2415 481 2463 signa.
537 2422 646 2464 rogat
663 2416 792 2452 ieiuna
812 2417 916 2452 fame
934 2414 1031 2454 haec
1049 2423 1101 2464 te,
1130 2429 1152 2453 ο
1174 2428 1325 2453 summe
1346 2414 1546 2464 magister,

247 2510 314 2545 286
337 2521 402 2554 que
416 2511 495 2545 add.
512 2511 554 2545 M
669 2512 734 2546 291
758 2511 892 2545 flumina
911 2513 944 2545 Τ
1058 2512 1122 2547 295
1146 2511 1255 2556 iussit]
1270 2511 1326 2545 uix
1346 2512 1378 2545 Τ
1492 2512 1573 2546 ibid.
1589 2515 1664 2545 tan-

246 2562 316 2588 tum
331 2557 423 2599 apud
438 2557 477 2590 Μ
569 2556 638 2590 296
658 2556 721 2589 sibi
737 2579 746 2588 .
766 2557 811 2598 Τ,
837 2580 844 2587 .
860 2557 921 2590 Sui
936 2557 977 2590 Μ
1073 2558 1140 2591 304
1162 2562 1352 2602 scruptator
1371 2558 1403 2590 Τ
1498 2558 1566 2591 306
1587 2557 1662 2590 dum

245 2602 338 2644 apud
354 2601 391 2633 M
491 2601 567 2637 *807
587 2600 757 2645 expetiere
772 2601 811 2633 M
918 2602 984 2635 308
1007 2600 1158 2634 adusti-us
1173 2602 1247 2636 latis
1261 2601 1406 2635 sentiens
1425 2601 1456 2634 '1'
1541 2602 1607 2636 309
1629 2607 1665 2634 et

244 2656 398 2690 rumpens
430 2645 462 2680 Τ
588 2647 657 2682 310
684 2645 783 2680 milex
812 2651 957 2679 armatus
979 2645 1027 2680 ait.
1048 2645 1077 2679 si
1105 2647 1138 2680 '1'
1265 2646 1332 2681 315
1365 2652 1466 2692 atque
1495 2657 1608 2679 manus
1636 2646 1668 2679 Τ

241 2691 307 2724 316
324 2699 383 2723 uos
397 2690 436 2724 T.
