1702 3060
252 140 350 190 136
853 142 1071 187 CORIPPI

245 255 328 296 270
354 252 438 304 ipse
458 251 563 290 dedit
581 251 687 303 pavis
709 250 831 289 scelos
848 264 1080 304 pugnaeque
1098 249 1312 290 ministros.

352 322 430 357 illis
451 321 572 356 fretus
594 324 675 354 erat
689 346 699 366 ‚
729 324 941 370 gentesque
958 325 995 355 et
1014 319 1117 355 bella
1138 318 1336 357 domabat.

407 386 520 424 Venit
539 383 713 422 Ifisdaias
735 392 889 422 centum
913 398 1000 422 cum
1019 386 1178 422 milibus
1196 384 1335 423 ardens
1347 413 1360 434 ,

349 453 492 489 arsuris
512 458 550 488 et
567 452 667 489 latos
685 452 862 503 implevit
879 458 988 489 tarua
1007 464 1162 502 campos
1173 462 1186 488 τ

352 517 422 555 sed
436 531 619 555 numerus
635 519 776 555 virtute
795 519 936 555 minor.
992 524 1122 554 tamen
1143 522 1254 554 ornat
1273 516 1314 552 in
1334 516 1452 554 armis

242 583 322 626 275
350 583 511 622 hostiles
532 585 634 621 acies
647 613 657 633 ‚
686 586 773 622 visu
792 591 958 622 terrente
971 613 981 633 ,
1009 598 1080 636 per
1096 582 1240 631 hostes,

352 651 502 702 proelia
521 650 615 688 dum
632 652 796 688 miscent
814 650 942 688 densis
960 651 1168 702 asperrima
1185 649 1290 686 telis.

351 717 620 770 auxiliumque
642 717 750 754 dedit
773 717 886 754 rebus
904 717 1113 754 famulatus
1134 713 1275 753 laudas
1289 743 1302 763 ,

352 796 443 820 cum
460 791 551 821 nato
574 785 734 822 comites
753 783 916 820 bissenis
938 784 1096 820 milibus
1118 795 1288 820 armans.

351 851 481 886 omnia
501 857 624 887 castra
643 850 762 888 simul
781 850 997 900 praefectus
1015 849 1159 886 Bezina
1181 847 1287 884 ducit

240 916 324 956 280
352 918 596 964 conveniens,
627 928 816 967 agrosque
837 917 917 953 suis
938 915 1167 966 pecuaribus
1188 914 1342 964 implet.

406 984 552 1020 Ductor
567 990 611 1020 ut
625 983 838 1020 innumeris
856 983 1022 1019 firmavit
1041 981 1176 1018 robora
1193 981 1352 1028 turmis,

350 1050 460 1098 signa
477 1055 606 1086 movet
618 1078 628 1096 ‚
659 1055 870 1099 gentesque
894 1049 996 1085 feras
1015 1046 1198 1084 diffundit
1214 1054 1257 1083 ut
1275 1059 1431 1093 amnes,

348 1117 495 1166 proelia
515 1115 609 1153 dura
632 1122 782 1166 petens.
821 1115 967 1164 campis
982 1113 1289 1150 Mammensibus
1307 1114 1451 1151 Austur

349 1183 490 1219 rustica
509 1183 679 1220 funereis
695 1180 888 1219 sternebat
909 1193 1064 1230 corpora
1080 1181 1183 1228 telis,

238 1247 319 1290 285
347 1250 503 1299 Byzacii
524 1255 676 1300 partem
692 1249 844 1298 rapiens
861 1246 1122 1298 praedamque
1139 1243 1366 1283 secundam.

347 1317 509 1354 Antalas
529 1327 659 1352 rursus
677 1315 878 1365 proprium
897 1321 988 1350 tunc
1005 1315 1185 1350 iunxerat
1202 1325 1342 1362 agmen

346 1383 520 1433 partibus
543 1380 728 1427 adversis,
758 1393 920 1431 seseque
941 1381 982 1416 iu
998 1380 1101 1416 bella
1120 1379 1284 1416 ferebat.

346 1451 483 1486 nuntia
499 1449 679 1500 pennatis
693 1453 827 1484 ventos
844 1446 1126 1482 transverberat
1146 1446 1230 1493 alis,

347 1517 499 1568 Syrtica
517 1522 639 1552 castra
655 1520 812 1565 petens:
837 1513 1028 1550 venientis
1041 1512 1146 1548 fama
1162 1510 1338 1560 magistri

235 1584 316 1624 290
345 1589 479 1620 cuncta
498 1596 568 1633 per
587 1594 653 1618 ora
671 1581 790 1618 volat.
843 1578 1014 1616 tumidos
1035 1577 1152 1616 modo
1174 1579 1322 1614 territat
1342 1574 1493 1625 hostes,

344 1663 480 1700 aspera
499 1649 617 1686 verba
634 1660 796 1695 canens,
824 1653 1028 1697 tantasque
1050 1644 1100 1682 ad
1119 1645 1266 1696 proelia
1290 1650 1427 1694 gentes

343 1714 536 1765 praesidio
555 1715 708 1753 venisse
728 1713 860 1751 ducis:
887 1711 1003 1750 modo
1026 1712 1191 1749 concitat
1207 1712 1309 1760 iras,

346 1780 440 1818 dum
458 1783 562 1818 ferus
583 1781 760 1818 imbelles
778 1781 939 1817 Antalas
959 1792 1043 1816 esse
1061 1784 1232 1814 catervas

344 1849 581 1896 Maurorum,
611 1849 730 1898 signis
749 1847 816 1898 qui
833 1859 873 1883 se
890 1847 1054 1882 iunxere
1068 1845 1230 1892 Latinis,

235 1914 316 1955 295
346 1922 426 1951 arte
446 1917 562 1952 refert
582 1914 707 1951 solita.
754 1914 943 1950 Careasan
966 1911 1101 1948 obvius
1118 1910 1175 1946 ire

346 1988 439 2017 nuic
455 1982 577 2018 voluit
595 1982 763 2018 fervens.
820 1983 971 2015 revocat
988 1977 1202 2014 Guenfeius
1217 1973 1340 2012 hostis

345 2050 516 2086 consiliis
535 2049 738 2100 verbisque
757 2046 913 2084 doeens.
968 2043 1065 2081 haec
1081 2044 1239 2093 insuper
1260 2041 1384 2078 addit.

340 2110 524 2153 “vincere
544 2117 577 2153 si
596 2116 748 2168 quaeris
767 2115 973 2159 Romanos,
1001 2111 1172 2147 maxime
1192 2114 1328 2154 rector,

341 2183 471 2232 accipe
493 2182 593 2220 dicta
610 2183 734 2220 libens
747 2210 757 2229 ,
788 2192 885 2231 quae
899 2179 974 2215 sint
994 2174 1215 2228 peragenda
1235 2174 1384 2212 salutis.

231 2249 312 2288 300
338 2260 417 2284 non
437 2262 533 2299 opus
552 2256 610 2286 est
626 2250 710 2286 istis
727 2246 963 2284 committere
985 2244 1131 2295 proelia
1148 2242 1276 2279 terris.

341 2315 450 2351 fortis
472 2314 599 2352 adhuc
622 2315 736 2351 miles
756 2314 874 2350 nullis
897 2324 1103 2348 concussus
1123 2317 1160 2346 et
1180 2321 1293 2359 asper

342 2382 472 2418 exitiis
491 2395 561 2431 per
577 2382 681 2418 bella
701 2381 808 2417 furit.
863 2391 937 2414 neo
955 2379 1076 2414 Marte
1093 2377 1264 2413 furentes

338 2447 439 2484 serre
465 2447 604 2499 quibus
622 2447 777 2496 populis
797 2446 958 2495 poteris,
987 2458 1060 2480 nec
1078 2450 1178 2480 stare
1196 2439 1345 2478 Latinis

340 2520 427 2550 ante
448 2514 565 2550 fame.
623 2512 692 2549 sed
710 2518 829 2548 castra
844 2524 979 2559 move,
1007 2517 1186 2561 retroque
1204 2508 1363 2557 fugaces

231 2635 298 2671 273
319 2645 442 2669 cornua
455 2634 599 2669 secunda
613 2643 732 2666 manus
750 2631 794 2673 Τ,
825 2629 953 2663 Aurasii
974 2632 1009 2662 et
1025 2629 1108 2664 latos
1125 2637 1258 2672 campos
1273 2626 1449 2671 compleuit
1464 2626 1498 2658 et
1512 2635 1591 2658 arua
1608 2625 1647 2656 M

232 2681 297 2715 281
321 2681 441 2714 robore
459 2681 507 2713 '1·.·
530 2679 575 2712 cf.
589 2680 612 2712 4
627 2679 702 2713 889.
805 2675 869 2710 282
892 2673 947 2708 ubi
966 2674 998 2708 Τ
1096 2674 1162 2709 286
1183 2673 1313 2707 uixerat
1330 2673 1362 2706 Τ
1445 2671 1512 2705 300
1533 2670 1583 2703 his
1605 2670 1643 2711 '1‚

232 2724 305 2759 istis
320 2726 360 2760 M
489 2724 557 2759 304
572 2723 688 2757 famem
706 2722 746 2757 T.

1671 0 1689 23 ὦ
