1702 3060
467 94 542 137 DE
574 95 846 141 LAUDIBUS
878 95 1100 142 IUSTINI.
1405 96 1502 143 337

63 199 163 249 iffld
178 203 325 242 Valerii
341 203 472 242 Flacci
490 206 706 256 Argonaut.
731 209 781 249 δε
825 207 972 258 linquit
997 214 1035 245 et
1057 206 1252 245 undantes
1266 218 1421 244 mensas
1440 208 1505 244 in-

54 252 241 310 J'aesaque
257 273 409 310 pernox
431 274 547 299 sacra
567 263 732 300 Medon.
791 264 976 303 Dssmrsr.

170 317 266 357 203.
322 316 585 370 intrantibus]
617 332 850 371 expressum
869 332 922 356 ex
940 319 1010 356 illo
1030 317 1237 361 Claudiani
1257 316 1306 356 de
1323 324 1439 370 raptu
1454 320 1503 360 2:

33 379 36 380 ’
59 369 228 409 dominis
250 372 491 410 intrantibus
513 375 652 426 ingens
668 377 844 426 assurgit
860 374 1120 426 Phlegethon.
1181 375 1366 413 Demi-8⁵1⁸.

170 426 267 469 204.
324 429 501 481 vallant]
555 430 743 468 callidum
787 430 863 469 hoc
905 431 1043 468 Liviae
1081 430 1303 467 consilium.
1376 431 1506 469 Tacit.

59 483 204 520 Annal.
234 487 280 526 1:
321 484 479 522 acribus
505 487 690 524 custodiis
718 487 878 524 domum
909 494 947 523 et
975 487 1063 524 vias
1097 493 1293 535 sepserat,
1337 486 1508 538 laetique

56 539 256 579 interdum
279 542 414 578 nuntii
438 541 727 592 vulgabantur,
754 543 874 581 donec
890 543 1065 593 provisis
1084 555 1185 592 quae
1203 548 1354 591 tempus
1374 556 1507 580 mone-

60 592 144 641 bat,
173 595 296 633 simul
319 598 519 634 excessisse
545 597 780 649 Augustum
804 607 843 636 et
867 612 997 636 rerum
1008 599 1132 649 potiri
1148 598 1347 636 Neronem
1372 598 1506 636 eadem

47 649 172 702 sama
193 651 298 688 tulit.
355 654 542 692 Drmrs‘r.

167 707 265 749 205.
322 711 542 747 contrarius
570 709 756 749 hostilem
781 718 904 749 notat.
961 711 1172 762 Virgilius:
1203 710 1337 750 littora
1363 711 1508 751 littori-

61 761 135 800 bus
151 766 368 812 contraria,
385 766 585 816 fluetibus
602 768 732 804 undas
751 769 958 818 imprecor,
986 781 1100 805 arma
1117 769 1252 804 armis.
1284 770 1448 806 Bima.

168 822 264 862 208.
321 824 438 874 nam]
471 835 493 859 a
510 824 699 875 Coripp0‚
727 826 771 860 ni
788 825 925 874 fallor,
956 830 1117 861 venerat
1137 837 1226 860 neu.
1288 837 1444 876 semper
1461 822 1506 866 to*

58 889 152 914 nm
180 876 496 916 antecedentium
527 881 718 917 rationem
748 882 896 930 innuit,
927 878 994 917 hic
1014 893 1129 928 vero,
1160 886 1204 916 ut
1222 881 1417 930 pr10ribus
1435 894 1504 919 co-

57 929 238 979 haereat,
266 947 342 967 nec
367 936 550 982 Lynceus
579 935 679 969 forte
706 935 860 970 viderit.
920 945 993 984 ego
1023 942 1125 971 certe
1152 942 1353 986 stuporem
1367 950 1502 975 meum

57 987 197 1026 lubens
215 987 411 1038 profiteor.
469 988 630 1026 Voncxff
751 994 753 996 ’

167 1044 263 1083 209.
319 1056 401 1080 nou
426 1050 508 1081 erat
536 1042 651 1092 deus,
684 1057 773 1081 cum
803 1043 961 1083 diceret.
1020 1058 1140 1098 quare
1176 1047 1259 1084 iam
1288 1046 1383 1084 deus
1408 1061 1502 1087 con-

55 1097 256 1149 iungenda
283 1105 393 1149 sunt,
426 1101 495 1151 qui
521 1101 602 1138 iam
626 1101 734 1138 caelo
756 1109 941 1153 receptus
955 1108 1036 1152 est,
1065 1101 1142 1141 hoc
1165 1110 1224 1142 est
1246 1105 1504 1143 lastinianum

54 1156 219 1193 Bur-ru.

164 1211 219 1249 ib.
279 1212 433 1250 dixerat
450 1215 534 1265 ore]
565 1220 609 1253 ut
628 1225 745 1265 supra
763 1226 802 1252 v.
823 1215 915 1255 180.
959 1212 1155 1268 παρέλκον
1185 1216 1305 1252 etiam
1334 1217 1499 1267 Virgilio

56 1275 298 1320 usurpatum.
354 1271 478 1307 Rrrr.

159 1327 262 1366 ⁴210.
319 1325 457 1363 datum
473 1340 544 1377 pro
561 1326 657 1364 dare
674 1327 889 1378 repositum
903 1327 1124 1364 necessario
1143 1333 1201 1364 est
1216 1327 1259 1363 in
1277 1324 1354 1363 hoc
1370 1339 1499 1366 versu.

57 1386 231 1418 ceterum
249 1381 398 1433 aliquot
418 1383 496 1433 ipsi
516 1385 728 1420 anteriores
752 1389 790 1420 et
809 1385 1042 1434 posteriores
1065 1381 1165 1419 mihi
1185 1395 1266 1420 nou
1286 1384 1380 1420 satis
1398 1385 1500 1421 inter

57 1450 100 1474 se
118 1449 331 1487 congruere
348 1437 555 1488 videntur,
586 1452 764 1476 carel-eve
785 1438 1013 1476 difficultate
1031 1452 1105 1476 nec
1126 1441 1305 1476 min-ima.
1334 1440 1456 1477 Rmz.

167 1492 222 1530 ib.
283 1493 443 1546 datum]
477 1497 532 1533 sic
558 1496 640 1547 legi
669 1503 821 1546 potest,
850 1496 915 1534 vel
941 1495 1053 1541 dari,
1079 1495 1185 1548 quod
1206 1495 1373 1533 melius:
1403 1509 1499 1534 nam

55 1549 98 1586 in
118 1549 348 1587 membrana
370 1558 451 1588 erat
470 1551 578 1589 dare.
638 1553 824 1590 Deurs'r.

165 1608 260 1646 211.
318 1608 462 1656 atque]
489 1609 646 1657 reposui
673 1609 747 1655 sic,
779 1619 868 1644 cum
888 1614 933 1644 at
954 1613 1068 1644 antea
1090 1613 1216 1655 esset3
1245 1620 1374 1660 neque
1403 1621 1497 1646 sane

54 1659 176 1700 video
192 1673 261 1698 cur
278 1668 463 1713 queratur
479 1664 688 1713 Assagrius
706 1670 895 1715 tanquam
916 1662 964 1700 de
984 1664 1138 1701 turbato
1155 1677 1340 1701 versuum
1354 1663 1498 1701 horum

55 1716 210 1765 ordine,
241 1730 332 1756 cum
351 1716 470 1767 mihi,
501 1726 544 1757 ut
567 1718 751 1769 distinxi,
782 1733 919 1758 sensus
938 1721 988 1758 sit
1007 1720 1238 1758 manifestus
1262 1727 1300 1758 et
1320 1721 1497 1771 legitima

55 1772 251 1811 cohaesio.
307 1775 492 1813 Dnmsr.

166 1832 264 1871 212.
319 1833 471 1883 arcem]
512 1833 699 1883 exprimit
727 1831 922 1870 officium:
961 1844 1055 1868 nam
1089 1833 1261 1870 Iustinus
1288 1832 1498 1870 Tiberium

53 1885 254 1925 Thracem
281 1888 554 1925 excubitorum
582 1891 763 1926 comitem
789 1889 883 1925 fecit
910 1895 948 1925 et
973 1889 1134 1925 nomine
1156 1890 1332 1926 Caesaris
1355 1889 1497 1925 extulit

0 1936 1 1947 ¹
53 1943 207 1995 sibique
227 1941 415 1981 heredem
439 1943 659 1983 destinavit.
718 1944 875 1983 Suidas.
933 1942 975 1981 id
1003 1945 1153 1982 factum
1173 1946 1198 1985 9
1218 1958 1320 1981 anno
1340 1946 1496 1995 imperii

52 2000 206 2038 Iustini.
262 2000 374 2037 Paul.
395 2001 504 2041 Diae.
525 2002 591 2042 16.
650 2001 718 2038 alii
741 1999 980 2039 contendunt
1001 2013 1103 2038 anno
1126 2003 1190 2041 13.
1250 2013 1365 2037 causa
1389 2014 1497 2037 com-

35 2056 242 2094 ·municati
265 2069 355 2093 cum
376 2070 421 2095 eo
445 2059 622 2108 imperii,
655 2057 761 2109 quod
789 2059 962 2095 Iustinus
982 2058 1024 2093 in
1046 2069 1207 2107 gravem
1228 2057 1411 2093 morbum
1432 2058 1497 2092 i-u-

32 2135 37 2139 ·
55 2111 232 2160 cidisset,
261 2114 407 2163 Evagr·
425 2112 451 2154 5
484 2115 535 2153 11
549 2143 559 2162 ,
590 2121 628 2151 et
648 2113 860 2151 Hormisda
877 2115 1087 2150 Persarum
1106 2125 1179 2149 rex
1195 2111 1498 2149 Arimardanem

33 2166 198 2210 ..ducem
217 2169 436 2206 Romanam
451 2172 654 2220 regionem
669 2169 850 2221 praedari
867 2171 1057 2206 iussisset.
1115 2167 1206 2205 vide
1222 2168 1325 2203 infra
1343 2167 1369 2206 4
1401 2167 1496 2208 374.

31 2226 233 2276 megnavst
254 2232 386 2262 autem
406 2226 590 2264 Tiberius
610 2227 716 2264 solus
737 2228 848 2263 annis
868 2227 892 2265 6
906 2254 916 2273 ,
947 2224 1148 2261 mensibus
1170 2222 1327 2271 decem,
1357 2221 1496 2260 diebus

42 2288 164 2330 ructo,
193 2281 280 2330 vel,
311 2288 355 2319 ut
383 2282 451 2319 alii
477 2282 638 2331 volunt,
666 2284 778 2320 annis
810 2285 859 2330 7,
891 2287 958 2318 aut
986 2281 1098 2317 annis
1126 2285 1278 2316 tau-tum
1307 2278 1352 2319 41
1380 2279 1382 2281 ’
1405 2278 1495 2317 vide

30 2333 276 2376 :historicos
331 2339 517 2376 Demrs'r-

165 2395 261 2436 213.
319 2395 526 2443 Tiberius,
565 2392 613 2431 de
641 2407 717 2446 quo
745 2397 864 2431 etiam
893 2393 1083 2443 Corippus
1112 2390 1163 2428 ad
1189 2390 1309 2429 finem
1335 2391 1428 2428 libri
1455 2389 1494 2437 4,

29 2447 262 2502 &adoptatus
282 2463 306 2487 a·
321 2453 477 2489 Iustino·
491 2458 530 2488 et
550 2464 680 2488 comes
701 2451 975 2487 excubitorum
988 2449 1125 2500 palatii
1141 2448 1236 2496 fuit,
1268 2454 1306 2485 et
1323 2445 1496 2493 taudem,

46 2506 103 2543 'in
127 2508 209 2544 vita
238 2505 366 2545 adhuc
393 2509 516 2558 ipsius
541 2509 703 2554 Iustini‚
736 2507 899 2554 Caesar,
930 2512 968 2542 et
993 2512 1082 2556 post
1099 2511 1267 2542 mortem
1287 2505 1499 2554 imperator

40 2584 44 2585 ν
61 2563 299 2613 appellatus3
330 2562 664 2616 quemadmodum
682 2561 781 2600 haec
801 2563 934 2600 omnia
954 2568 1131 2599 constant
1152 2574 1204 2598 ex
1223 2558 1398 2597 Iohanne
1418 2559 1497 2594 Ζο-

14 2616 23 2668 ‘⁴
32 2636 45 2661 1,
61 2628 157 2655 nara
180 2625 220 2656 et
242 2619 380 2657 abbate
402 2621 631 2658 Biclarensi.
660 2621 782 2657 Rmz.
840 2619 1047 2656 Tiberium
1073 2615 1181 2669 quod
1204 2615 1339 2653 laudat
1361 2614 1499 2662 Corip-
1564 2659 1566 2661 ‚

30 2695 32 2698 >
60 2684 158 2723 pm,
183 2676 408 2724 veritatem,
435 2690 517 2715 non
535 2689 661 2727 nugas
684 2675 798 2713 dicit:
827 2675 998 2713 formam
1018 2676 1061 2711 in
1082 2686 1128 2711 eo
1149 2680 1188 2710 et
1206 2674 1390 2709 virtut-em
1408 2670 1500 2703 iun·

31 2748 49 2765 ι
63 2729 157 2766 otim
189 2730 434 2771 commendat
464 2734 670 2784 EvagriuS.
727 2730 819 2770 vide
849 2738 887 2769 et
914 2728 1263 2782 Theophylactum
1280 2732 1319 2763 et
1335 2726 1502 2761 Menan—
