1702 3060
456 132 533 177 DE
565 127 845 179 LAUDIBUS
875 131 1098 183 lusum.
1400 131 1498 181 431

36 241 162 294 ηιιίο,
191 246 238 280 ut
251 236 368 280 toties
389 239 501 291 dixi,
531 243 653 281 Abari
675 257 746 282 seu
766 245 916 283 Avares
936 244 984 283 ab
1002 243 1158 283 Hunnis
1182 241 1360 295 oriundi3
1389 243 1498 283 unde

42 299 161 337 tolles
179 297 372 343 mendum
393 312 445 337 ex
462 298 603 338 Adone
620 301 836 339 Viennensi
857 300 1073 352 Chronico,
1111 307 1239 339 aetate
1258 304 1284 342 6
1303 314 1339 340 a.
1358 303 1499 340 salutis

43 355 150 395 866:
188 354 400 403 Avarum,
437 355 485 394 id
510 363 569 394 est
597 356 845 404 Chunorum,
872 371 1055 410 regnum.
1115 358 1206 410 lege
1234 358 1495 397 Hunnorum.

41 411 252 510 υκῃέἶί.
307 465 528 506 Menander
554 467 598 506 in
627 468 835 520 Excerptis
852 475 938 506 tum
961 469 1084 521 legati
1106 471 1282 508 Avarum
1306 469 1357 509 ad
1378 470 1501 509 Iusti-

30 534 141 560 ·num
166 523 386 561 orationem
410 525 567 572 recitat,
597 531 685 562 tum
704 527 845 563 Iustiui
864 539 1050 577 responsa
1066 556 1075 574 ,
1107 534 1146 564 et
1170 528 1331 565 omnino
1352 541 1501 566 conve-

31 580 157 616 *niuut
185 591 276 616 cum
305 580 510 618 sententiis
532 593 630 632 quas
652 582 845 633 Corippus
865 584 1018 633 poetice
1036 582 1102 620 hio
1122 585 1325 634 exprimi-t.
1380 597 1498 635 porro

39 635 150 673 Elias
166 637 339 674 Venetus
357 636 400 672 in
421 649 492 674 sua
511 637 741 675 carminum
762 637 918 676 Sidonii
936 640 1179 690 Apollinaris
1199 638 1371 677 editione
1386 642 1499 691 Lug-

34 689 139 729 -duui
158 691 265 733 1552
279 693 472 729 nonnulla
497 692 642 731 adiecit
664 707 706 745 p.
727 694 807 736 355
832 695 1000 732 aliorum
1023 699 1230 747 poetarum
1249 697 1422 733 carmina
1444 709 1499 734 ex

41 746 130 786 cod.
160 747 400 786 santonensi
432 747 651 801 descripta,
682 756 721 788 et
750 752 793 787 iu
821 764 868 788 eo
889 764 934 789 ac
954 753 987 789 si
1008 759 1139 790 essent
1162 751 1318 790 Sidonii
1335 753 1497 804 Apolli-

38 805 145 842 naris
174 804 360 853 collecta,
390 806 494 843 inter
522 818 623 858 quae
653 807 842 857 leguntur
861 820 997 846 versus
1019 810 1070 849 18
1089 807 1208 846 huius
1228 810 1417 846 orationis
1434 809 1498 846 le·-

39 861 124 911 gati
139 861 319 898 Avarum
340 859 391 898 ad
408 863 605 899 Iustinum
624 863 696 900 sub
716 861 793 900 hoc
814 864 953 902 titulo:
983 865 1150 915 epistola
1178 866 1284 916 regis
1306 865 1497 902 Avarum

37 917 98 955 ad
113 917 386 967 imperatorem
402 918 649 956 Romanum.
708 920 839 957 Foco.

150 975 246 1015 272,
303 975 466 1025 stravit]
497 976 539 1012 in
563 973 698 1012 codice
719 988 780 1012 ms
801 975 878 1013 fuit
902 976 1081 1013 intravit.
1143 982 1319 1014 ceterum
1336 976 1496 1028 plerae-

37 1041 117 1080 que
141 1029 274 1067 variae
297 1030 487 1068 lectiones
509 1029 562 1067 ad
581 1033 803 1081 marginem
826 1031 951 1082 ipsius
974 1032 1135 1083 Corippi
1161 1034 1356 1083 poematis
1378 1046 1398 1070 a
1418 1046 1496 1072 no-

36 1085 98 1122 bis
126 1087 329 1137 appositae
349 1085 400 1123 ad
419 1087 540 1124 finem
558 1099 685 1138 usque
709 1085 829 1124 huius
855 1089 962 1125 tertii
982 1088 1074 1125 libri
1096 1089 1410 1139 conspiciuntur,
1442 1101 1496 1127 ex

36 1142 312 1193 antiqu1ssimo
334 1141 508 1194 quodam
525 1143 728 1180 volumine
749 1145 954 1181 Ovetensis
973 1145 1161 1182 ecclesiae
1182 1145 1369 1182 collectae
1388 1152 1495 1194 sunt,

7 1232 10 1237 .
35 1197 104 1235 ubi
122 1197 223 1235 duae
238 1197 315 1236 hae
332 1200 530 1236 orationes
553 1200 675 1250 legati
702 1202 806 1251 regis
823 1202 1000 1238 Avarum
1023 1207 1062 1238 et
1083 1201 1225 1238 Iustini
1245 1202 1494 1252 imperatoris

35 1267 128 1292 cum
146 1255 236 1293 aliis
256 1256 375 1293 variis
394 1256 578 1306 operIbus
599 1257 860 1294 continentur.
917 1258 1034 1295 Rmz.

147 1309 203 1349 ib.
262 1311 306 1349 in
335 1310 422 1349 cod.
453 1312 691 1350 Santonensi
712 1314 855 1360 stravi,
883 1311 1025 1365 subegi
1045 1318 1139 1358 ete„
1168 1312 1262 1365 quia
1281 1312 1407 1365 ipsius
1427 1326 1493 1351 re-

34 1366 96 1418 gis
115 1367 282 1419 epistola
300 1367 474 1419 fingitur.
532 1369 664 1406 Foco.

145 1421 243 1465 274.
299 1424 495 1476 significat
516 1425 706 1463 barbarus
727 1424 881 1476 legatus
900 1437 1036 1475 regem
1056 1436 1172 1462 suum
1195 1424 1394 1463 maximas
1412 1422 1490 1463 du-

34 1485 139 1516 ctare
165 1481 310 1532 copias.
368 1482 425 1519 sic
452 1483 598 1519 Xerxis
626 1483 746 1533 copiis
774 1482 1000 1532 potantibus
1028 1483 1156 1518 amnis
1185 1479 1380 1519 Chidorus
1407 1495 1490 1519 non

32 1537 244 1587 suppetiit,
280 1535 354 1575 sed
394 1536 564 1587 defecit,
604 1546 648 1577 ut
678 1538 813 1576 scribit
839 1539 881 1574 in
906 1538 1117 1589 Polynuiia
1141 1536 1378 1575 Herodotus.
1436 1536 1491 1574 ad.

33 1605 155 1644 quem
187 1595 401 1644 respiciens
434 1596 606 1633 Iustinus
633 1598 659 1635 2
691 1596 744 1635 10
778 1596 847 1642 18,
883 1600 922 1631 et
951 1605 1086 1646 seqq.:
1130 1595 1214 1630 iam
1247 1593 1398 1639 Xerxes
1426 1607 1490 1630 se·-

25 1650 240 1700 ptingenta
262 1650 376 1688 milia
391 1650 440 1688 de
456 1664 578 1702 regno
596 1657 824 1688 armaverat
851 1657 888 1686 et
911 1657 1082 1687 trecenta
1100 1649 1215 1686 milia
1238 1650 1287 1686 de
1306 1649 1489 1697 auxiliis5
1526 1699 1530 1703 1

3 1726 9 1733 -
32 1711 77 1742 ut
101 1718 181 1742 non
207 1706 398 1744 immerito
422 1708 631 1758 proditum
657 1708 708 1743 sit
721 1707 904 1757 flumina
928 1705 980 1743 ab
1009 1707 1180 1743 exercitu
1207 1707 1298 1742 eius
1317 1707 1489 1752 siccata,

38 1761 329 1814 Graeciamque
356 1774 511 1801 omnem
537 1765 606 1801 vix
635 1777 773 1814 capere
797 1763 1007 1800 exereitum
1027 1764 1110 1799 eius
1121 1763 1311 1812 potuisse.
1374 1763 1431 1799 sic
1449 1768 1489 1799 et

30 1818 208 1855 iumenta
235 1821 336 1865 eius,
365 1834 456 1857 cum
486 1827 750 1872 aquarentur,
781 1819 932 1864 lacum,
964 1821 1037 1870 qui
1060 1820 1103 1856 in
1129 1819 1297 1855 circuitu
1319 1819 1488 1869 triginta

32 1875 150 1925 quasi
167 1875 301 1912 stadia
322 1875 511 1922 habebat,
539 1874 804 1921 exsiccarunt)
838 1873 980 1912 eodem
998 1882 1098 1913 teste
1117 1873 1332 1912 Herodoto.
1390 1882 1486 1911 nota

29 1928 96 1967 hic
135 1932 367 1984 exemplum
401 1933 746 1988 περιαυτολογίας,
795 1933 1002 1970 iactantiae
1033 1938 1073 1969 et
1102 1931 1485 1982 magniloquentiae.

27 1988 152 2025 R'rrr.

4 2043 7 2052 '
140 2041 196 2082 ib.
255 2043 299 2082 in
329 2042 472 2083 eodem
503 2043 591 2084 cod.
609 2045 740 2098 jbrtis
768 2045 975 2090 exereitus,
1005 2049 1044 2081 et
1061 2040 1206 2080 deinde
1224 2055 1263 2081 v.
1280 2044 1362 2084 276
1382 2055 1485 2084 nonq

27 2097 126 2137 dum
134 2101 282 2150 potuit.
342 2102 473 2140 Foco.

141 2155 238 2196 275.
297 2157 437 2195 alludit
458 2156 507 2195 ad
522 2170 779 2195 numerosum
790 2158 1004 2194 Persarum
1023 2154 1242 2192 exercitum
1255 2182 1265 2201 ‚
1297 2153 1366 2205 qui
1383 2151 1484 2190 duce

0 2231 6 2261 μ
26 2211 163 2248 Xerxe
188 2212 394 2250 Graeciam
420 2215 588 2262 invasit,
617 2227 639 2250 a
665 2227 742 2265 quo
763 2213 898 2251 siccati
917 2224 1053 2249 amnes
1075 2208 1336 2256 Scamander,
1374 2210 1483 2247 Ono-

0 2265 181 2305 *chonus
206 2269 248 2305 in
274 2267 508 2318 Thessalia,
539 2271 685 2308 Simois
713 2271 755 2306 in
784 2267 982 2319 Phrygia,
1014 2266 1220 2318 Ghydorus
1248 2267 1291 2302 iu
1318 2267 1482 2302 Boeotia

30 2321 257 2374 [Epidnnus
277 2326 319 2362 iu
337 2324 564 2377 Achaia‘H,
594 2328 730 2363 Lissus
752 2327 795 2361 in
817 2323 1003 2362 Thracia.
1034 2321 1223 2360 Herodot.
1244 2324 1284 2362 7.
1314 2321 1481 2360 Diodor.

26 2379 150 2417 Sicul.
169 2381 220 2421 11
243 2388 378 2432 epotos
398 2381 719 2434 quidem'fluvios
736 2383 810 2429 ait,
841 2379 913 2418 sed
928 2393 1008 2417 non
1023 2380 1216 2417 nominat.
1245 2380 1383 2415 Iuven.
1408 2381 1482 2418 10:

26 2441 218 2487 epotaque
240 2439 423 2487 flumina
454 2439 576 2476 Medo
608 2438 845 2488 prandente.
906 2435 1044 2474 Sidou.
1075 2436 1253 2487 Apollin.
1282 2447 1401 2471 carm.
1430 2434 1482 2472 9:

0 2502 2 2509 ’
25 2498 147 2543 atque
170 2492 272 2530 ’hine
289 2492 536 2544 fluminibus
562 2496 660 2532 satia
677 2493 898 2544 profundis
929 2492 1135 2542 confestim
1168 2490 1322 2529 ebibitis
1345 2488 1481 2526 adhuc

25 2547 165 2586 citis-ee.
224 2549 375 2588 Auson.
402 2551 589 2589 Urbibus.
649 2549 896 2601 Burdogala:
925 2549 1034 2586 hunc
1051 2561 1226 2598 cuperes,
1255 2560 1322 2583 rex
1341 2545 1480 2589 Mede,

15 2604 116 2641 ’tui-s·
132 2605 368 2655 coniungere
396 2611 553 2654 castris,
570 2607 752 2657 flumina
775 2612 1004 2656 consumpto
1027 2619 1119 2642 cum
1138 2604 1312 2655 defecere
1330 2607 1475 2638 meatu.

25 2658 234 2698 claudian.
259 2662 302 2698 in
332 2663 437 2701 Ruff.
459 2668 509 2707 2:
539 2670 730 2702 narratur
754 2663 934 2714 rapuisse
961 2675 1086 2713 vagos
1112 2660 1301 2698 exercitus·
1325 2666 1475 2694 amne-⁹.

25 2721 68 2752 et
101 2714 151 2754 de
185 2715 296 2756 laud.
339 2718 494 2760 Stilich.
534 2724 581 2761 1:
624 2718 793 2758 arebant
826 2719 948 2757 tantis
982 2718 1088 2769 epoti
1122 2714 1286 2754 milibus
1325 2724 1477 2751 amnes-

24 2772 214 2811 Draus-r.
270 2787 272 2789 ·

90 2843 222 2882 Merob.
249 2848 284 2882 et
314 2845 392 2881 Cor.
1152 2840 1207 2881 32
