1702 3060
237 116 330 168 104
839 119 1057 164 CORIPPI

370 235 486 281 atque
506 234 632 266 truces
651 233 822 266 currunt.
877 227 1022 265 feriunt
1042 226 1263 266 discrimine
1279 228 1404 269 nullo.

371 309 450 333 non
469 301 574 332 aetas
592 295 763 343 animos,
791 307 909 332 sexus
925 308 1003 333 non
1019 297 1173 345 mitigat
1188 296 1342 333 insons:
1370 323 1371 326 η

368 362 498 398 omnia
518 361 723 410 prosternit
739 362 936 399 Romanus
955 375 1113 413 corpora
1130 362 1258 398 miles.

368 427 410 463 fit
429 439 545 463 sonus
566 439 784 464 armorum:
814 429 944 466 fractis
966 436 1149 466 montana
1169 428 1357 465 resultant

235 492 339 534 1115
369 493 619 543 tegminibus.
674 496 842 544 gemitus
861 497 980 546 raptis
999 495 1092 532 dant
1111 502 1265 546 pectora
1281 494 1478 542 membris,

366 560 559 611 mistaque
581 573 652 610 per
670 561 769 598 latos
789 560 1000 600 densantur
1018 564 1153 599 funera
1169 574 1340 612 campos,

368 626 552 677 qualiter,
582 628 764 679 antiquae
781 634 993 666 sternentes
1013 629 1148 666 robora
1168 628 1302 675 silvae,

365 693 561 729 innumeri
578 694 769 743 agricolae
786 696 936 732 steriles
955 694 1150 733 succidere
1172 695 1323 746 plantas

367 760 543 797 certatim
562 759 758 797 insistunt.
813 766 871 798 tot
888 774 959 811 per
974 774 1112 799 nemus
1132 775 1246 799 omne
1262 761 1450 810 bipennes

234 825 338 865 1120
366 826 637 874 congeminant
658 825 808 864 validos
826 828 935 864 silvis
955 828 1242 878 regementibus
1258 829 1372 864 ictus.

368 892 423 928 sic
443 891 525 927 fera
543 890 687 942 dirupit
703 894 897 930 Maurusia
916 900 1037 932 castra
1055 893 1246 932 Iohannes

367 970 457 994 cum
473 959 601 995 sociis.
659 960 806 996 cunctis
825 959 992 998 stridunt
1011 959 1058 997 de
1076 961 1249 1011 partibus
1271 971 1384 996 enses

366 1031 482 1075 atque
502 1037 634 1061 cruore
656 1025 806 1062 rubent.
863 1028 1013 1063 mximas
1033 1028 1075 1063 in
1093 1027 1252 1063 vuhiere
1270 1024 1439 1062 reddunt

367 1104 456 1127 cum
477 1092 648 1141 gemitut,
676 1092 859 1142 mistique
878 1099 994 1129 ruunt
1013 1105 1082 1142 per
1099 1099 1208 1142 prata
1229 1090 1410 1130 cadentes

230 1157 335 1199 1125
362 1171 464 1194 nunc
484 1157 639 1195 senibus
658 1159 817 1194 iuvenes
831 1187 841 1206 ,
870 1171 974 1194 nunc
996 1171 1150 1209 pressae
1172 1157 1342 1210 pondere
1359 1164 1503 1195 matres

364 1223 484 1261 ardua
505 1237 594 1260 cum
612 1225 712 1261 natis
730 1226 830 1260 inter
847 1226 1025 1274 pecuaria
1042 1226 1185 1275 parvis.

362 1291 585 1328 innumeros
606 1289 774 1326 fundunt
795 1290 936 1341 gladiis
956 1292 1194 1328 serventibus
1212 1289 1368 1338 hostes-3

363 1357 500 1394 sternit
521 1363 559 1393 et
578 1357 800 1395 innumeras
822 1359 1056 1394 morientum
1077 1358 1186 1407 lapsa
1207 1358 1332 1394 ruina.

361 1423 531 1460 crinibus
553 1422 742 1460 adductae
759 1425 934 1474 pavitant
955 1425 1036 1460 fera
1054 1425 1215 1460 vulnera
1234 1425 1404 1471 Maurae,

224 1491 329 1531 1130
361 1488 457 1526 dum
474 1487 593 1526 trahit
614 1488 736 1527 hostis
760 1503 894 1527 ovans.
950 1490 1119 1527 infantes
1135 1490 1202 1526 ille
1222 1496 1391 1539 reportat

360 1554 530 1605 direptos
553 1569 605 1592 ex
623 1554 734 1593 hoste
752 1557 887 1594 volans
899 1586 908 1604 ‚
942 1556 1180 1607 mandatque
1200 1556 1401 1605 ministris,

358 1627 397 1658 et
415 1620 515 1658 redit
531 1620 581 1658 ad
597 1620 747 1659 medias
769 1623 999 1660 conculcans
1017 1623 1152 1660 funera
1172 1623 1309 1660 fossas.

356 1688 424 1724 ille
445 1689 681 1725 camelorum
699 1688 844 1738 gaudet
863 1688 1083 1740 dirumpere
1102 1691 1241 1738 vincla,

358 1754 490 1806 diripit
511 1756 578 1791 ille
598 1755 717 1792 boves
729 1784 739 1803 ,
769 1756 904 1793 ovibus
923 1755 1024 1792 redit
1041 1757 1109 1793 ilie
1128 1755 1310 1805 reductis,

225 1822 328 1865 1135
357 1821 422 1860 hic
441 1822 571 1873 pulsat
593 1820 723 1858 tardos
747 1835 930 1859 conversa
949 1821 1107 1872 cuspide
1127 1823 1282 1859 asellos.

357 1890 488 1926 onmia
506 1889 586 1924 iam
606 1895 770 1938 pereunt
789 1889 1012 1925 Mauroriun
1029 1896 1139 1924 tarua
1157 1901 1372 1938 nusquam:

358 1955 463 1993 solus
482 1965 600 2004 eques
618 1955 735 1990 currit
751 1955 832 1990 iam
851 1955 996 2003 campis
1013 1954 1141 1990 nudus
1154 1956 1310 2004 apertis.

409 2019 558 2070 Effugit
580 2020 647 2055 ille
672 2019 776 2056 ferus
799 2020 991 2056 confracto
1011 2020 1144 2058 robore
1166 2023 1290 2068 lerna,

357 2094 396 2126 et
419 2087 624 2124 simulacra
642 2087 702 2122 sui
722 2099 854 2122 secum
873 2087 964 2122 tulit
983 2085 1138 2123 horrida
1159 2088 1304 2124 Gurzil.

223 2154 325 2196 1140
353 2153 469 2191 huius
491 2159 530 2189 et
548 2153 696 2188 auxilio
721 2165 878 2202 sperans
899 2165 939 2190 se
957 2166 1071 2203 posse
1091 2155 1202 2201 tueri,

353 2218 602 2269 cornipedem
619 2219 759 2256 infelix
777 2221 970 2269 geminato
990 2219 1160 2270 pondere
1178 2220 1318 2270 pressit

350 2285 567 2336 impediens
580 2315 590 2334 ,
620 2293 862 2337 mortemque
882 2287 956 2323 sibi
973 2288 1092 2323 miser
1109 2288 1193 2337 ipse
1211 2287 1384 2323 resumit.

350 2354 526 2405 quisquis
546 2353 580 2389 is
603 2359 661 2389 est
681 2365 816 2404 quem,
845 2365 963 2400 vane,
994 2354 1088 2389 colis
1101 2382 1110 2400 ,
1141 2352 1246 2405 quod
1262 2352 1440 2402 gentibus
1457 2353 1525 2390 ille

348 2418 606 2470 praesidium,
639 2431 737 2469 quae
759 2417 877 2469 digua
893 2419 964 2454 tibi
984 2419 1119 2456 solatia
1139 2425 1308 2470 praestat
1318 2417 1337 2455 ’ἒ

216 2486 320 2530 1145
350 2485 444 2523 dum
466 2491 508 2522 tu
528 2491 651 2522 morte
671 2484 797 2534 cadis,
831 2484 925 2522 dum
944 2486 1134 2536 frangitur
1152 2486 1218 2522 ille
1236 2498 1307 2535 per
1324 2483 1468 2535 hostes,

218 2607 305 2644 1114
326 2605 453 2640 sonitus
471 2606 503 2638 Τ
634 2605 723 2639 1117
746 2610 870 2648 antque
888 2605 920 2637 Τ
1054 2605 1140 2639 1119
1162 2615 1208 2637 an
1224 2605 1334 2638 tunc?
1456 2607 1541 2640 1128
1565 2618 1633 2639 mo-

214 2653 365 2687 rientium
377 2651 472 2695 apud
488 2650 527 2683 M
616 2650 701 2684 1136
720 2650 814 2682 tarda
831 2649 952 2684 moueri
968 2650 1008 2685 M
1097 2651 1182 2684 1137
1198 2661 1302 2692 equus
1317 2650 1356 2684 M
1443 2652 1531 2686 1143
1545 2651 1633 2696 quis-

214 2698 287 2744 quis
301 2704 354 2732 est
370 2699 419 2742 ¹1¹,
441 2695 533 2742 quis,
555 2695 704 2741 quisnam
718 2700 768 2729 est
782 2696 820 2729 M
955 2695 1041 2730 1145
1065 2695 1123 2740 tu]
1147 2705 1212 2741 que
1230 2697 1270 2731 Τ.
