1702 3060
245 126 340 172 368
659 123 842 167 NOTAE
874 123 932 165 IN
966 123 1178 166 LIBRUM
1209 121 1250 165 Π

237 233 347 271 vides
380 230 484 283 apud
511 231 738 267 Iuvenalem
757 232 806 278 6,
834 231 912 268 nisi
932 236 1066 269 tamen
1084 230 1154 267 ifle
1175 230 1284 267 locus
1303 230 1417 269 aliter
1437 227 1671 281 capiendus}

239 289 388 326 balteus
410 294 445 323 et
463 286 641 323 manicae
658 294 693 321 et
714 287 852 323 cristae
879 288 1079 338 crurisque
1104 286 1257 322 sinistri
1273 285 1482 325 dimidium
1502 292 1669 338 tegmem
1700 311 1702 314 ·

239 351 339 381 certe
378 343 548 392 glossam
575 339 653 378 huc
678 341 889 379 facientem
918 341 968 379 ad
995 342 1205 382 muliebria
1241 339 1472 379 indumenta
1498 347 1673 381 veterem

238 398 1702 449 ieperi.BAR‘1·1{.,

352 451 444 493 115.
502 451 652 501 heriles]
682 452 974 502 imperatorios:
1001 451 1116 489 herus
1133 451 1238 490 enim
1253 451 1448 502 princeps.
1476 450 1670 490 Ausonius
1700 491 1702 493 ,

239 522 302 559 ep.
325 509 399 547 16:
430 509 595 556 exceptis
613 506 755 554 tribus,
782 508 899 545 heras
915 508 1074 545 heroum
1094 508 1301 547 maximus.
1360 504 1435 543 hoc
1459 512 1517 543 est
1534 504 1672 545 Theo-s·

239 564 347 602 dosio
376 563 650 600 Valentiniano
679 569 717 599 et
741 563 931 610 Arcadio,
961 564 1101 614 quibus
1123 570 1209 600 tum
1229 562 1348 600 simul
1364 561 1671 612 principantibus
1700 588 1702 590 -

239 619 372 657 scribit
395 619 514 656 etiam
533 620 588 654 sic
609 618 869 668 Symmachus
891 620 941 659 10
963 619 1228 669 epistolarum.
1285 619 1449 657 BAn’rn.

354 674 446 714 117.
492 673 616 723 ficsa]
648 675 820 711 imitatur
850 673 1054 712 Claudian.
1084 672 1132 710 de
1161 679 1275 724 raptu
1302 676 1350 713 2:
1384 673 1580 721 crispatur
1600 682 1672 721 ge·-
1701 681 1702 684 ¹

240 731 344 766 mino
360 729 475 765 vestis
502 728 695 778 Gortynia
715 730 862 774 cincta,
884 729 1035 779 poplite
1039 729 1143 779 susa
1162 736 1286 766 tenzw.
1343 729 1528 765 Dnmsr.

354 786 442 824 120.
502 782 588 820 dixi
616 797 733 834 supra
758 786 905 834 positas
937 785 1174 834 principibus
1204 782 1403 833 pedestres
1429 789 1468 819 et
1490 782 1674 845 clipeatus

240 845 516 891 equestresque
555 845 702 876 statuas
731 846 884 876 exserta
914 838 1077 879 dextera
1107 837 1158 875 ad
1185 839 1453 876 auctoritatem
1481 843 1519 874 et
1545 838 1676 886 impe-
1698 862 1702 866 -

241 897 345 932 rium
383 893 697 944 significandum.
755 896 851 932 ritus
886 895 1124 945 principitun
1159 905 1183 929 a
1213 893 1368 929 familia
1401 890 1700 941 Cethegorum„

239 951 382 1002 quibus
400 950 595 986 familiare
616 950 671 985 sic
690 948 886 986 incedere.
938 951 1123 986 Lucanus
1141 951 1189 988 2·
1219 948 1431 998 exsertique
1450 959 1591 984 manus
1610 958 1677 983 νε·
1699 988 1702 992 .

240 1019 340 1042 sana
369 1005 540 1054 Cethegi.
601 1004 673 1042 Sil.
694 1005 816 1041 Italic.
841 1007 890 1045 8:
918 1005 1002 1054 ipse
1025 1003 1184 1040 humero
1212 1009 1380 1042 exsertmff
1406 1001 1550 1053 gentili
1575 1013 1676 1038 more

237 1067 462 1111 parentam.
522 1059 706 1096 Dmm‘s'r.

351 1114 405 1152 ib.
466 1114 641 1164 lumina]
690 1113 796 1150 diem
820 1114 1027 1161 nimirum,
1070 1113 1218 1150 solaria
1251 1113 1418 1151 lumina.
1480 1112 1537 1149 sic
1564 1114 1702 1161 supra

242 1185 278 1211 v.
301 1172 370 1211 91.
425 1171 589 1206 Bima.

357 1227 449 1265 122.
506 1223 645 1260 fibulas
688 1224 854 1272 gemmis
896 1221 1100 1260 distinctas
1143 1222 1347 1272 gestabant
1379 1222 1599 1272 principes,
1641 1226 1675 1257 et
1698 1266 1702 1269 ἡ

244 1280 474 1329 exemplum
493 1277 599 1329 apud
613 1279 827 1328 Vopiscum
842 1280 884 1315 in
904 1279 1059 1316 Carino.
1116 1278 1350 1317 Aurelianus
1379 1276 1524 1328 (refert
1544 1273 1675 1326 idem)

246 1336 431 1373 concessit
458 1333 648 1371 militibus
654 1333 881 1381 fibularum
901 1346 1112 1371 aurearum
1135 1346 1262 1370 usum.
1323 1338 1363 1371 et
1387 1333 1518 1372 verius
1543 1336 1675 1369 ornam
1694 1347 1702 1359 ³

249 1403 370 1443 quam
385 1391 571 1427 vestiunt.
616 1390 721 1426 Plin.
742 1391 794 1428 33
827 1392 871 1438 1,
900 1391 1030 1437 Mart„
1059 1391 1210 1436 Iuven„
1238 1387 1377 1436 Virgil.
1400 1387 1563 1438 passim.
1607 1386 1675 1425 Ul·

247 1448 355 1497 pian.
372 1446 421 1482 IC
443 1446 513 1482 lib.
525 1443 580 1485 44
597 1443 648 1480 ad
667 1445 858 1485 Sabinum
879 1451 1007 1482 exstat
1027 1444 1248 1482 constitutio
1262 1442 1406 1482 Leonis
1421 1443 1548 1492 Aug-z
1566 1439 1674 1488 fibu-
1688 1450 1702 1455 “

249 1502 299 1539 lis
319 1503 361 1538 in
380 1499 651 1550 chlamydibus
669 1500 731 1536 his
747 1513 898 1550 quoque
915 1507 1078 1537 utantur
1105 1496 1321 1550 (privati),
1350 1510 1452 1548 quae
1465 1496 1571 1536 solae
1585 1509 1674 1533 αιινι

250 1564 287 1594 et
313 1563 396 1592 arte
416 1557 609 1605 pretiosae
635 1562 739 1592 sunt.
782 1556 967 1593 Demrsr.
1036 1557 1078 1593 111
1110 1555 1254 1592 vestitu
1281 1553 1530 1603 imperatorio
1545 1550 1674 1598 fibula

249 1612 529 1663 pretiosissima
547 1612 718 1661 ponitur.
776 1610 1033 1673 Spartianus
1022 1623 1064 1647 111
1085 1609 1306 1647 Hadriano.
1334 1621 1426 1645 cum
1447 1613 1588 1645 vestem
1607 1605 1674 1644 hue
1697 1619 1702 1622 ⁴

249 1667 460 1704 millimam
475 1666 707 1717 frequenter
733 1667 940 1715 acciperet,
970 1667 1051 1702 sine
1077 1678 1175 1702 auro
1200 1663 1373 1703 balteum
1390 1669 1573 1708 sumeret,
1600 1662 1674 1699 sim

247 1735 407 1773 gemma
433 1721 611 1769 fibulam
651 1722 866 1772 stringeret.
924 1721 1146 1759 Trebellius
1182 1719 1311 1757 Pollio
1349 1719 1544 1758 Galienis:
1594 1729 1674 1755 cum

252 1777 459 1826 chlamyde
477 1790 683 1826 purpurea
707 1777 991 1827 gemmatisque
1006 1775 1154 1824 fibulis
1181 1776 1335 1814 Romae
1357 1774 1466 1811 visus
1491 1779 1560 1810 est.
1631 1784 1673 1810 οἳ

252 1845 331 1884 quo
360 1838 521 1882 apparet
546 1839 632 1870 uun
659 1845 730 1881 pro
757 1838 850 1868 nota
873 1832 1110 1882 superbioris
1136 1831 1262 1868 cultus
1291 1835 1512 1880 sumptum3
1550 1833 1672 1878 poste-

253 1890 356 1925 riora
382 1894 514 1925 autem
540 1887 696 1924 saecula
724 1899 882 1924 omnem
900 1888 942 1923 in
965 1887 1109 1925 talibus
1130 1885 1380 1936 disciplinam
1398 1883 1702 1935 perturbarunt

252 1945 418 1982 Bina-11.

366 1996 461 2038 124.
516 1997 739 2047 principum
766 1997 856 2033 aula
879 1998 1089 2035 Ravennae
1107 2001 1211 2043 erat,
1242 2001 1329 2032 tum
1346 1994 1439 2045 quia
1455 2005 1602 2044 magna
1616 1991 1702 2034 iu«
1689 2000 1702 2053 4

254 2060 294 2091 et
319 2053 513 2105 populosa
537 2053 629 2089 mbs
661 2052 730 2090 illo
761 2053 936 2099 saeculo,
979 2059 1065 2091 tum
1102 2023 1211 2102 quod
1245 2048 1451 2100 praesidiis
1482 2049 1702 2089 navalibwl

256 2116 361 2159 apta.
418 2106 508 2145 vide
527 2106 701 2145 Cassiod.
722 2109 772 2147 10
795 2121 856 2159 ep.
878 2107 945 2148 15.
1000 2108 1146 2145 Savaro
1175 2104 1224 2142 ad
1249 2104 1460 2144 Sidonium
1479 2093 1702 2155 Apolline-1¹

258 2176 355 2200 rem.
401 2165 571 2214 primam
610 2162 806 2213 producit,
848 2176 938 2200 cum
977 2163 1046 2200 alii
1082 2162 1529 2212 corripiant‚Ma1-t.3
1558 2158 1612 2201 56
1649 2172 1692 2197 e

259 2219 355 2256 alibi
383 2231 513 2270 saepe.
571 2217 773 2258 Claudian.
809 2217 857 2255 de
889 2221 914 2259 6
942 2220 1045 2256 Hon.
1075 2217 1299 2258 consulatu.
1343 2217 1528 2266 antiquae
1558 2227 1670 2251 muro

259 2286 412 2324 egressa
447 2275 677 2311 Ravennae.
738 2272 809 2311 sed
833 2274 993 2313 nomina
1017 2275 1174 2324 propria
1202 2285 1272 2323 pro
1289 2271 1416 2310 lubitu
1432 2270 1668 2320 corripiuntu

258 2327 587 2379 producunturve.
646 2329 757 2368 Serv.
774 2328 825 2368 ad
840 2327 943 2367 illud
954 2328 1120 2370 Aeneid.
1141 2331 1214 2370 10:
1243 2339 1347 2366 nova
1358 2324 1514 2377 gaudia
1536 2324 1669 2376 Cydon

260 2385 446 2421 Demsr.

375 2438 470 2479 125.
525 2438 757 2477 Belisarius.
819 2440 995 2478 omnium
1008 2437 1153 2479 ducum
1169 2435 1234 2478 bic
1247 2435 1450 2475 maximus
1466 2448 1563 2488 quos
1581 2441 1669 2473 aeta
1691 2450 1695 2454 -

262 2495 333 2532 illa
359 2494 463 2531 tulit.
519 2495 563 2531 iu
587 2507 748 2532 nummo
774 2495 981 2546 inscripto:
1022 2493 1243 2533 Belisama-⁹
1266 2492 1538 2531 Romanorum
1554 2490 1670 2530 decus

265 2547 477 2588 Cedrenus.
513 2561 607 2585 nam
625 2551 829 2587 Iustiniani
849 2563 913 2587 au
901 2550 1029 2600 piciis
1045 2551 1087 2586 in
1102 2549 1235 2585 Africa
1251 2545 1446 2588 Vandalus
1461 2547 1503 2586 vi
1520 2545 1669 2585 domuit

264 2606 308 2642 in
329 2605 483 2642 Oriente
499 2605 658 2653 Persas,
687 2606 728 2642 in
748 2605 860 2643 Italia
879 2604 1041 2643 Gothos.
1097 2602 1168 2642 sed
1194 2604 1370 2653 ingratus
1389 2603 1570 2654 princeps
1587 2601 1669 2638 erui

264 2661 505 2698 benemerito
523 2658 615 2697 duci
633 2660 784 2708 oculos,
815 2662 883 2712 qui
902 2661 944 2698 in
961 2659 1156 2710 tugur1010
1172 2671 1294 2710 prope
1312 2658 1471 2705 urbem,
1498 2654 1606 2709 quod
1622 2669 1669 2694 re

268 2717 420 2768 liquum
440 2722 521 2754 erat
542 2717 661 2766 vitae,
689 2717 831 2768 stipem
851 2714 1131 2755 emendicando
1147 2715 1348 2764 transegit.
1403 2713 1511 2753 cuius
1529 2709 1603 2750 has
1620 2723 1668 2750 ao>
