1702 3060
483 109 560 153 DE
592 109 864 154 LAUDIBUS
898 108 1118 153 IUSTINI.
1428 104 1527 152 409

189 216 258 262 42.
315 216 488 257 Isidorus
513 220 539 259 7
555 261 559 264 Δ
574 219 649 260 12:
689 220 871 265 Levitae,
906 219 1059 272 inquit,
1101 231 1147 255 ex
1175 219 1330 255 nomine
1356 218 1529 255 auctoris

79 275 212 314 vocati
221 289 233 311 .·
264 274 314 312 de
331 276 435 313 Levi
451 276 554 312 enim
571 276 736 313 Levitae
753 277 873 313 exorti
886 283 996 321 sunt,
1025 290 1051 312 a
1075 273 1218 326 quibus
1243 275 1286 311 in
1305 273 1446 324 templo
1465 274 1530 311 clei

57 332 236 382 ·mystici
269 333 508 369 sacramenti
539 333 721 382 mysteria
754 331 1022 383 explebantur.
1083 330 1127 368 hi
1164 331 1312 368 Graece
1353 331 1529 375 diaconi,

55 392 58 394 ⁷
81 388 223 425 Latine
252 389 425 426 ministri
459 387 662 436 dicuntur,
701 390 813 440 quia,
852 389 952 426 sicut
978 390 1020 424 in
1048 387 1245 424 sacerdote
1276 388 1530 432 consecratio,

81 444 138 481 ita
157 444 200 481 in
218 443 383 482 diacono
401 444 606 481 ministerii
621 444 857 494 dispensatio
873 442 1054 480 habetur.
1111 445 1235 480 Rrr'r.

194 498 261 540 43.
318 501 520 552 virgineus
547 507 655 536 tonat
681 501 772 537 inde
790 500 951 551 chorus]
982 502 1061 539 τῶν
1085 501 1284 551 γυναικῶν
1303 501 1374 548 τῆς
1393 499 1532 550 κλίνης

80 553 328 607 ἤφονμὲνων
356 556 422 596 καὶ
450 559 687 605 ψαλλουσῶν
716 557 956 594 Iustinianus
987 568 1164 608 quoque,
1196 557 1305 592 cuius
1331 554 1397 591 hic
1415 569 1535 592 exse-

83 613 200 664 quiae
225 610 439 659 ducuntur,
468 613 650 649 meminit
671 615 770 650 Nov.
790 615 857 653 59.
916 611 987 649 sed
1015 626 1082 649 cur
1109 612 1274 662 hymnos
1296 618 1334 648 et
1353 612 1535 661 psalmo-

82 668 172 706 dias
191 667 396 706 funeribus
419 666 649 716 Christiani,
681 675 726 705 ut
743 667 940 720 hodieque
960 669 1148 716 facimus,
1180 666 1438 704 accinebant?
1468 669 1535 704 ni-

82 725 228 761 mirum
253 731 296 762 ut
323 726 468 775 gratias
490 723 563 762 deo
585 731 764 774 agerent,
795 724 902 776 quod
923 738 1013 762 eum
1034 727 1102 776 qui
1122 739 1142 761 e
1164 726 1243 761 vita
1265 725 1434 761 excessit
1454 725 1535 760 iam

83 793 108 817 a
137 780 339 818 laboribus
362 782 558 828 liberarit,
591 780 697 832 quod
725 788 836 818 metu
854 783 992 818 mortis
1013 788 1218 818 exemtum
1237 794 1370 817 secum
1389 779 1535 817 habeat

82 837 335 874 iumnarcibili
357 843 563 875 ornaturus
585 850 741 874 corona.
801 836 932 874 docuit
951 851 1024 874 nos
1045 836 1120 874 hoc
1140 850 1316 888 quoque,
1348 843 1392 873 ut
1410 838 1536 873 multa

40 910 43 922 ·=
84 893 182 941 alia,
211 893 254 931 S.
279 892 546 945 Chrysostom.
571 891 709 930 homil.
729 894 754 934 4
777 893 827 930 ad
848 894 968 930 Hebr.
1026 907 1100 930 nec
1129 892 1281 930 dubitat
1308 899 1465 930 sanctus
1494 897 1535 929 et

83 951 340 1000 gravissimus
359 957 490 987 orator
510 949 704 986 affirmare
730 948 849 986 deum
872 951 1004 999 ipsum
1022 948 1246 986 istiusmodi
1269 951 1382 999 quasi
1401 950 1536 986 muni-

84 1012 219 1042 menta
243 1005 508 1043 humanorum
541 1007 764 1042 animorum
792 1007 1036 1042 exstruxisse
1069 1003 1169 1056 (hoc
1191 1006 1297 1041 enim
1317 1012 1374 1041 est
1392 1003 1538 1044 ἐπιτει-

83 1062 212 1113 χίσαι,
242 1075 320 1113 quo
345 1063 463 1100 verbo
484 1060 785 1112 Chrysostomus
807 1060 954 1111 utitur)
986 1060 1035 1097 ad
1060 1073 1287 1111 perversam
1306 1061 1418 1096 illam
1442 1073 1538 1097 con-

86 1117 337 1155 suetudinem
358 1117 575 1169 plangendi
600 1125 638 1154 et
662 1123 839 1154 mortuos
869 1117 1132 1153 insolabiliter
1162 1115 1326 1166 lugendi
1358 1124 1539 1153 everten-

86 1172 192 1211 dam.
249 1175 363 1225 plura
382 1173 472 1211 vide
494 1173 600 1225 apud
620 1172 876 1210 Kirchmann.
898 1172 946 1209 de
965 1174 1050 1209 fun.
1074 1175 1189 1209 Rom.
1207 1176 1233 1213 2
1263 1175 1302 1213 6.
1359 1174 1483 1210 ΒΙΤΤ.

86 1247 89 1250 ·
197 1228 264 1270 44.
323 1231 403 1267 ritu
430 1231 553 1282 nivis]
588 1243 634 1267 eo
660 1232 850 1281 pertinet,
883 1227 990 1280 quod
1013 1230 1145 1266 omnia
1173 1230 1329 1278 copiose
1350 1230 1541 1278 ingruen—

85 1287 141 1323 tia
162 1287 266 1324 nivis
292 1287 555 1338 appellatione
587 1293 771 1323 censeant
803 1292 994 1322 auctores.
1053 1285 1224 1322 Severus
1249 1283 1542 1322 Enteleichius:

45 1361 47 1363 ·
87 1355 209 1394 quam
228 1343 537 1392 densis-fluitant
553 1342 760 1380 velleribus
775 1344 901 1387 nives,
924 1348 1007 1377 tam
1026 1340 1182 1377 crebrae
1196 1340 1398 1390 pecudum
1416 1355 1540 1378 neces.

86 1400 251 1436 BAn'rn.
311 1401 367 1437 sic
385 1399 490 1435 infra
512 1398 538 1439 4
572 1402 644 1439 12:
677 1411 781 1435 more
801 1399 919 1434 nivis.
953 1399 1148 1434 Homerus
1172 1394 1268 1447 χιών
1290 1393 1356 1443 ὥς.
1387 1398 1512 1434 RrrT.

202 1454 270 1496 45.
328 1453 379 1492 ad
393 1468 546 1492 morem
564 1461 743 1492 veterum
763 1455 922 1505 respicit
938 1454 1122 1490 lacrimas
1142 1453 1317 1489 vestibus
1339 1454 1545 1503 excipien-

88 1511 210 1560 tium,
240 1518 284 1548 ut
304 1513 445 1561 ingens
470 1511 617 1547 flumen
639 1524 775 1548 earum
794 1509 1007 1548 videretur.
1065 1510 1247 1546 meminit
1267 1522 1385 1559 supra
1406 1510 1546 1560 Corip-

89 1580 186 1618 pus3
219 1574 258 1604 et
282 1574 374 1604 sunt
403 1567 590 1617 exempla
616 1569 659 1603 in
680 1565 820 1605 Ovidio
843 1574 879 1603 et
899 1567 1117 1616 Propertio.
1145 1567 1308 1602 BAn’rn.
1359 1567 1548 1614 proprio—

91 1637 166 1674 que
185 1623 380 1674 insonte]
413 1623 766 1673 elegantissimum.
824 1629 869 1659 ut
893 1623 1097 1659 Cornelius
1122 1622 1311 1668 Severus,
1342 1623 1424 1658 sive
1446 1622 1548 1659 alius

90 1681 180 1731 quis
198 1681 349 1717 Aetnae
369 1686 523 1716 auctor:
554 1680 636 1729 ipse
656 1680 886 1729 suoflaeret
902 1678 1092 1715 Bacchus
1103 1677 1220 1727 pede.
1280 1679 1446 1717 BAn'rB.

203 1735 271 1776 46.
329 1735 550 1785 madentes]
580 1742 693 1786 turpe
723 1734 935 1782 mendum,
970 1733 1078 1786 quod
1108 1735 1202 1770 licet
1229 1740 1362 1770 contra
1389 1746 1548 1770 versum

91 1804 174 1828 non
192 1798 317 1839 esset,
349 1805 439 1829 cum
458 1804 591 1828 rerum
609 1799 745 1829 tamen
762 1798 902 1828 natura
919 1793 1005 1841 ipsa
1022 1796 1237 1841 pugnaret:
1268 1791 1302 1826 si
1322 1791 1428 1826 enim
1444 1787 1549 1826 nihil

93 1846 204 1884 aliud
227 1860 347 1899 quam
364 1846 610 1885 maduissent
628 1849 746 1895 oculi,
776 1847 1020 1898 impossibile
1036 1847 1177 1883 fuisset
1198 1846 1295 1882 alias
1313 1859 1374 1882 res
1392 1852 1436 1882 ut
1452 1858 1550 1896 pos-

94 1911 182 1941 sent
207 1905 348 1954 rigare.
409 1903 481 1942 sed
505 1911 617 1940 extra
641 1905 947 1941 controversiam
975 1909 1034 1940 est
1060 1900 1313 1940 scribendum
1333 1909 1547 1938 manentes.

93 1972 169 1997 nec
201 1959 564 1997 animadverterunt
595 1967 729 1997 tamen
758 1958 950 1996 mendum
975 1966 1059 1995 tam
1082 1971 1279 2005 crassmn,
1311 1959 1378 2008 qui
1401 1970 1494 1993 eum
1513 1963 1552 1993 et

95 2017 195 2054 alios
218 2020 355 2067 poetas
381 2018 672 2054 commentariis
695 2028 888 2053 exornare
911 2016 1133 2053 voluerunt.
1164 2016 1329 2050 BAn'rn.
1388 2013 1554 2063 legeba-

94 2078 161 2109 tur
189 2085 397 2124 perperam
424 2072 638 2109 madentes.
700 2071 772 2110 sed
799 2084 917 2108 nemo
948 2084 1028 2108 non
1055 2069 1164 2107 videt
1184 2076 1335 2106 rectum
1358 2081 1442 2105 esse
1465 2082 1555 2104 ma-

96 2135 254 2175 nante-95
290 2128 397 2180 quod
419 2127 711 2166 Kirchmannus
739 2140 898 2179 quoque
918 2127 1096 2177 agnoscit
1116 2128 1142 2166 2
1175 2127 1225 2164 11
1241 2154 1251 2173 ,
1281 2125 1350 2161 ubi
1366 2123 1472 2160 hunc
1491 2125 1556 2161 lo-

97 2197 188 2221 cum
213 2185 372 2235 allegat.
429 2186 553 2221 Rrr'r.

83 2283 86 2286 ⁴
211 2239 279 2280 47.
337 2247 481 2276 matres
507 2240 680 2276 feminae
710 2239 847 2276 aetatis
868 2237 1147 2288 provectioris,
1187 2236 1323 2288 quales
1350 2241 1558 2286 praeerant

96 2296 182 2333 fere
205 2296 442 2347 planctibus.
501 2294 739 2332 Prudentius
757 2293 907 2346 hymno
931 2294 1152 2344 exsequiali
1172 2292 1291 2342 longe
1317 2292 1387 2328 illo
1409 2291 1559 2328 dulcis-

99 2353 225 2390 simo:
256 2354 340 2389 iam
362 2358 512 2389 maesta
538 2353 691 2402 quiesce
718 2350 876 2401 querela
880 2378 895 2395 ‚
924 2349 1114 2385 lacrimas
1142 2347 1369 2397 suspendite
1397 2354 1556 2383 matres.

99 2410 222 2446 crinis
240 2410 362 2446 etiam
381 2409 524 2446 solutio
548 2408 677 2444 luctus
694 2406 900 2443 indicium.
962 2411 1247 2442 commentator
1275 2404 1500 2440 Germanici
1518 2403 1560 2437 in

101 2465 332 2516 Cassiopea,
374 2464 481 2501 unde
509 2470 546 2499 et
574 2463 690 2498 illam
712 2462 916 2499 dissolutis
938 2460 1113 2497 crinibus
1136 2467 1304 2510 propter
1326 2460 1477 2496 luctum
1506 2458 1562 2492 ire

65 2531 86 2543 .„
100 2528 296 2558 asserunt.
338 2520 463 2557 Cebes
481 2521 524 2556 in
544 2519 700 2556 tabula:
731 2518 759 2570 ἦ
777 2515 849 2566 τᾰς
868 2518 1003 2570 τρίχας
1019 2515 1205 2557 ἒίλλουσα
1227 2515 1369 2566 ἑαυτῆς
1388 2517 1562 2553 καλεῖται

100 2573 241 2628 ὄδύνή.
296 2578 462 2614 BAnrm.
1526 2621 1535 2630 ·

213 2634 282 2673 49.
341 2632 390 2670 ob
409 2632 597 2669 iniuriam
615 2631 733 2668 facile
750 2628 1001 2668 inferendam
1033 2642 1057 2665 a
1088 2628 1204 2665 turba
1227 2627 1269 2663 in
1291 2625 1446 2674 magnis
1470 2635 1562 2673 qui-—

103 2689 257 2740 busque
274 2690 432 2740 pompis
450 2689 648 2726 femineus
664 2700 786 2725 sexus
804 2693 1026 2737 spectatum
1046 2683 1316 2722 destinabatur
1339 2682 1381 2716 in
1402 2679 1561 2715 altiores

106 2743 267 2783 aedium
282 2750 428 2796 partes.
484 2744 676 2782 Martialis
702 2745 753 2785 10
783 2745 833 2784 6:
879 2749 915 2779 et
944 2741 1070 2779 omnis
1093 2736 1271 2790 florebat
1298 2735 1422 2773 Latia
1453 2733 1563 2771 culta
