1702 3060
1661 0 1697 108 ἒξ

263 149 358 198 164
400 153 617 196 CORIPPI
639 153 713 195 DE
733 153 892 195 LAUD.
908 152 1048 196 IUST.
1067 153 1183 196 MIN.
1200 153 1385 198 PRAEF.
1405 155 1477 199 ET
1495 156 1676 201 DEDIC.

287 263 342 302 20
369 267 408 298 te
428 269 537 312 pater
553 261 814 311 omnipotens,
843 273 1073 312 summaque
1091 262 1132 298 iu
1149 261 1241 299 sede
1258 262 1412 303 locavit.

369 335 494 364 mater
513 327 662 363 consilii
679 326 844 376 placidis
860 328 1072 377 vigilantia
1091 330 1228 365 vestris

369 406 524 442 semper
543 393 644 430 inest
664 394 807 441 oculis,
839 406 1034 445 quamque
1052 395 1159 433 omni
1177 401 1333 444 pectore
1354 403 1504 444 gestas,

368 459 473 494 alma
491 461 680 508 Augusta,
712 461 770 496 tui
789 473 944 498 consors
963 462 1161 511 Sapientia
1179 462 1302 510 regni.

369 529 414 560 tu
434 538 589 576 quoque
601 555 611 573 ,
639 527 809 563 iustitiae
826 540 971 563 nomen
997 526 1044 563 de
1061 528 1219 563 nomine
1238 539 1416 576 sumens,

286 587 341 630 25
369 590 479 627 frena
495 591 753 642 regendorum
772 594 913 631 retines
932 593 1151 630 firmissima
1173 606 1324 644 regum.

367 659 593 697 numinibus
611 659 734 697 tribus
754 658 816 696 his
834 661 977 709 regitur
995 659 1251 711 quodcunque
1271 664 1461 707 movetur,

370 726 546 760 certatim
563 731 699 774 gentes
717 727 892 764 Romana
911 725 960 763 ad
975 726 1133 765 foedera
1155 734 1333 763 currunt:

370 791 546 840 principe
565 804 633 840 pro
650 791 752 827 iusto
771 793 991 828 Romanum
1009 805 1154 828 nomen
1174 790 1343 840 amatur,'

371 857 521 908 subque
542 859 607 906 pio
628 855 786 897 domino
808 859 933 893 cuncti
951 857 1050 896 bene
1071 859 1203 899 vivere
1222 866 1428 910 quaerunt.

289 925 344 963 30
371 924 438 960 ille
458 925 597 970 etiam,
631 923 722 960 solis
744 923 810 974 qui
830 937 871 960 se
893 925 1081 960 subiactat
1099 927 1281 974 amicum,

290 1254 344 1295 35

372 989 494 1029 ardua
512 991 726 1040 suspiciens
746 991 956 1030 minuentis
979 1003 1120 1029 cornua
1136 993 1266 1041 limae,

371 1058 677 1106 noctivagosque
700 1057 830 1093 colens
849 1063 1039 1094 astrorum
1061 1059 1225 1095 consulit
1240 1060 1365 1108 ignes,

373 1129 534 1171 urgetur
549 1130 693 1159 terrore
710 1130 790 1170 tuo,
821 1130 1079 1174 properatque
1103 1125 1313 1175 superbum

373 1188 559 1226 inclinare
580 1195 694 1238 caput
711 1189 960 1240 subiectaque
980 1203 1123 1240 ponere
1142 1192 1254 1230 colla.

375 1254 470 1307 quid
488 1256 653 1306 Libycas
673 1263 820 1305 gentes,
853 1256 948 1307 quid
964 1258 1114 1308 Syrtica
1130 1259 1277 1307 proelia
1295 1256 1422 1295 dicam

374 1322 455 1356 iam
472 1321 581 1358 libris
602 1323 792 1372 completa
811 1326 909 1360 meis
921 1323 939 1360 ’ἔ
980 1326 1128 1360 maiora
1150 1322 1313 1360 canendi

376 1393 531 1437 tempus
552 1387 683 1428 adest:
712 1389 819 1428 senio
839 1389 1039 1436 dextram,
1074 1391 1158 1440 pie,
1187 1391 1342 1439 porrige
1359 1390 1478 1429 fesso.

375 1460 420 1490 tu
437 1453 535 1490 mihi
551 1455 757 1491 materiam
775 1453 931 1490 dicendi
953 1456 1132 1491 carminis
1153 1462 1296 1505 aptam,

375 1521 578 1570 ingenium
595 1519 845 1571 studiumque
864 1520 988 1558 dabis.
1045 1523 1107 1558 oui
1122 1523 1275 1558 vincere
1290 1522 1348 1559 fas
1367 1528 1425 1559 est

294 1586 349 1629 40
376 1586 584 1626 indomitas
605 1594 741 1636 gentes
763 1594 800 1623 et
816 1588 978 1624 'barbara
998 1587 1162 1625 subdere
1180 1599 1312 1637 regna,

376 1656 489 1691 vince
509 1667 619 1691 meae
637 1667 794 1690 saevam
815 1654 993 1691 fortunae
1006 1684 1015 1702 ‚
1045 1653 1231 1703 deprecor
1245 1683 1254 1701 ,
1287 1656 1411 1696 iram:

376 1722 531 1757 vincere
548 1722 746 1759 fortunam
763 1721 851 1770 plus
869 1727 926 1756 est
943 1733 1062 1771 quam
1077 1722 1231 1756 vincere
1251 1721 1370 1759 bella.

378 1785 548 1825 nudatus
569 1789 732 1837 propriis
750 1793 787 1822 et
806 1787 967 1822 vulnera
984 1788 1150 1836 plurima
1166 1800 1303 1837 passus

381 1853 432 1890 ad
451 1852 650 1891 medicum
669 1853 771 1898 veni,
803 1853 981 1901 precibus
997 1854 1061 1902 pia
1079 1859 1235 1903 pectora
1254 1855 1426 1904 pulsans,

378 1919 429 1957 ad
450 1919 648 1957 medicum
665 1919 782 1955 verbo
801 1925 951 1967 pestem
971 1920 1038 1969 qui
1057 1926 1275 1956 summovet
1292 1933 1371 1957 uno

380 1993 419 2023 et
439 1988 522 2023 sine
544 1987 755 2036 composito
773 1984 1031 2022 medioamine
1051 1986 1211 2021 vulnera
1233 1993 1353 2024 curat.

378 2051 472 2090 huic
493 2066 564 2103 ego
583 2053 756 2099 sananti,
785 2052 818 2088 si
840 2064 915 2102 qua
937 2058 994 2088 est
1010 2050 1150 2088 fiducia
1171 2055 1305 2100 servis,

382 2128 510 2171 grates
530 2133 683 2171 semper
703 2131 798 2170 ago,
829 2124 867 2155 et
882 2131 952 2171 pro
973 2131 1133 2158 munere
1154 2121 1324 2156 carmina
1343 2127 1468 2171 porto.

567 2393 1400 2451 DEDICATIO.

386 2491 631 2558 Immensam
652 2517 792 2553 silvam
807 2516 990 2564 laudum,
1019 2518 1080 2554 vir
1099 2518 1220 2564 iuste,
1250 2524 1403 2556 tuarum

388 2584 597 2632 aspiciens,
628 2584 751 2619 celsos
773 2585 875 2620 nitor
893 2585 1115 2633 contingere
1134 2596 1260 2620 ramos

387 2648 624 2699 grandiaque
644 2662 664 2684 a
685 2650 846 2685 summis
866 2649 1071 2699 decerpere
1091 2663 1207 2700 poma
1226 2651 1410 2688 racemis:

387 2715 455 2752 sed
473 2728 614 2766 parvus
631 2717 777 2752 maiora
796 2722 906 2766 peto,
945 2729 1016 2753 nec
1036 2716 1225 2768 prendere
1244 2729 1406 2768 possum
