1702 3060
282 140 374 186 182
670 142 890 184 >(JORIPPI
921 143 995 184 DE
1027 144 1292 186 LAUDIBUS

390 255 432 285 ut
450 246 557 284 decet
573 248 724 297 imperii
741 261 852 285 veros
871 246 1073 298 disponere
1090 257 1231 300 patres,

388 321 506 364 utque
524 313 642 362 pedes
663 316 836 364 proprios
859 320 896 350 et
916 315 1090 351 membra
1109 317 1259 353 minora
1279 316 1418 353 fovete.

387 391 466 414 non
487 380 615 415 minor
635 386 692 415 est
710 380 895 416 membriS
916 394 1004 417 cura
1025 381 1285 431 impendenda
1300 384 1470 421 minutis.

280 445 360 484 220
387 444 616 494 obsequium
634 444 797 495 pedibus
815 453 974 482 naturae
993 447 1080 496 lege
1098 447 1276 485 videmus

389 509 564 547 admotas
581 512 764 560 praebere
781 525 937 558 manus,
968 513 1176 563 oculosque
1194 516 1389 551 ministros

388 577 580 612 cernimus
602 590 684 614 esse
702 576 870 627 pedum,
903 579 1042 628 quibus
1063 580 1244 616 inferiora
1261 587 1426 616 tuemur.

389 650 479 679 ante
499 641 618 692 pedes
638 644 792 692 planete
813 645 914 679 vias:
943 656 991 680 ne
1010 646 1169 682 temnite
1189 653 1339 696 partem

386 710 538 758 magnis
557 708 692 746 officiis
711 711 948 760 summisque
968 711 1163 748 laboribus
1185 718 1326 762 aptam,

278 773 358 814 225
388 787 463 825 qua
484 773 637 811 vehitur
654 781 778 811 totum
797 788 948 812 summo
971 789 1059 812 cum
1080 779 1221 814 vertice
1243 791 1394 827 corpus.

388 841 456 890 qui
478 839 641 890 pedibus
664 845 776 878 rectis
798 841 989 891 graditur,
1019 843 1121 878 mala
1141 845 1248 879 nulla
1268 851 1432 891 veretur,

387 916 465 941 non
487 908 598 942 timet
617 906 823 944 offensam:
852 910 975 945 nescit
994 909 1056 944 via
1076 915 1177 944 recta
1198 910 1363 946 ruinam.

389 973 482 1022 quin
503 979 540 1009 et
556 986 669 1009 causa
690 975 744 1010 rei
765 975 870 1010 cultu
885 982 942 1011 est
963 974 1138 1011 ornanda
1160 973 1318 1010 diurno:

387 1039 518 1075 nullus
536 1039 613 1074 vile
634 1045 761 1088 putet,
799 1039 904 1090 quod
921 1042 1028 1077 novit
1047 1042 1215 1090 corporis
1233 1053 1331 1077 esse.

278 1105 359 1144 250
389 1105 439 1141 sit
460 1117 618 1141 censura
635 1111 808 1154 patrum,
841 1108 888 1143 sit
908 1106 1111 1157 disciplina
1133 1119 1202 1156 per
1219 1107 1366 1143 orbem.

387 1172 586 1219 priventur
605 1170 741 1208 caedes
756 1174 1006 1222 populorum,
1036 1173 1160 1221 iurgia
1181 1180 1344 1209 cessent.

388 1237 519 1272 nullus
535 1236 716 1274 laedendi
732 1245 861 1289 pateat
881 1240 987 1276 locus
999 1268 1009 1286 ,
1038 1252 1130 1275 usus
1148 1240 1305 1289 iniquae

390 1309 511 1338 cesset
531 1305 725 1342 avaritiae.
782 1306 963 1342 subiectis
979 1306 1123 1354 parcite
1142 1305 1294 1350 nostris,

388 1369 487 1403 colla
507 1370 759 1418 superboriun
778 1372 1019 1420 confringite.
1077 1371 1189 1419 culpa
1209 1375 1393 1406 nocentes

279 1432 360 1474 235
388 1436 524 1484 puniat
542 1435 625 1484 ipsa
643 1448 755 1483 suos,
786 1443 986 1473 serventur
1010 1438 1094 1472 iura
1118 1436 1270 1485 quietis.

387 1500 465 1537 huc
489 1513 599 1536 aures
619 1506 817 1552 totamque
830 1531 839 1548 ‚
869 1503 962 1549 viri,
997 1500 1185 1538 deflectite
1205 1508 1389 1548 mentem,

390 1579 567 1618 quaeque
586 1567 656 1613 sit,
687 1580 737 1603 ex
759 1567 891 1615 dictis,
921 1570 1038 1605 vestri
1055 1581 1160 1618 spes,
1193 1567 1326 1604 discite
1347 1568 1502 1606 nostris.

389 1633 579 1683 agricolae
599 1645 668 1668 sua
687 1646 774 1670 rura
795 1636 924 1671 colunt
937 1663 946 1681 ‚
977 1635 1159 1685 cultuque
1185 1633 1322 1669 diurno

388 1698 597 1747 implorant
616 1699 780 1747 fructus,
813 1707 850 1736 et
868 1708 1011 1737 terram
1029 1713 1184 1736 vomere
1206 1699 1369 1747 findunt,

279 1761 359 1803 240
389 1762 649 1814 dividiturque
670 1764 781 1801 bouis
800 1773 930 1815 gratus
947 1767 1057 1803 labor
1072 1767 1138 1802 ille
1156 1766 1322 1802 colonis:

390 1843 479 1880 pars
500 1829 639 1866 scindit
658 1832 790 1879 glebas
803 1861 812 1878 ‚
841 1845 929 1882 pars
948 1834 1064 1869 sulcis
1082 1834 1230 1869 semina
1246 1830 1417 1879 mandat,

391 1908 481 1944 pars
502 1894 672 1945 liquidas
691 1895 845 1933 deducit
867 1911 985 1948 aquas
1004 1897 1213 1948 hortosque
1234 1900 1402 1935 virentes

392 1963 526 2010 irrigat
545 1973 588 1997 ac
605 1964 735 1999 tractis
755 1965 867 1999 satiat
885 1966 1057 2013 pomaria
1080 1966 1184 2000 rivis.

389 2030 499 2064 novit
519 2029 620 2064 culta
638 2041 727 2065 suos
748 2030 862 2065 tellus
880 2029 1001 2066 ditare
1021 2031 1196 2066 colonos:

281 2092 361 2134 245
389 2096 444 2131 sic
462 2095 560 2129 bene
579 2095 806 2143 promeritos
829 2094 939 2132 (lonis
959 2096 1175 2145 respublica
1195 2094 1304 2141 ditat,

325 2155 328 2158 ¹
390 2169 491 2197 terra
514 2161 619 2197 velut
637 2162 814 2210 piuguis3
846 2162 1056 2210 cuiusspes
1075 2174 1216 2212 magna
1236 2168 1391 2199 senatus

390 2225 454 2262 hic
476 2228 584 2263 ssoret
605 2228 765 2274 virtute,
795 2227 890 2273 fide,
923 2229 1126 2276 gravitate,
1159 2230 1299 2277 rigore.

388 2291 491 2329 hanc
511 2294 730 2343 quicunque
754 2294 904 2339 colunt,
930 2294 1098 2329 multum
1117 2293 1304 2330 mercedis
1327 2292 1534 2332 habebunt.

372 2358 499 2410 ·quod
518 2359 597 2395 fisci
620 2366 696 2405 est,
731 2360 860 2396 nullus
883 2361 1026 2408 rapiat:
1058 2362 1276 2410 cognoscite
1298 2360 1432 2396 fiscum

282 2424 362 2466 250
389 2426 533 2461 ventris
556 2423 696 2460 habere
716 2425 865 2472 locum,
891 2439 960 2476 per
979 2438 1097 2476 quem
1117 2429 1246 2463 omnia
1263 2427 1438 2463 membra
1456 2428 1643 2466 cibantur.

394 2497 528 2526 venter
550 2490 617 2525 alit
639 2502 798 2540 corpus:
830 2492 946 2528 suerit
966 2494 999 2528 si
1017 2500 1151 2529 venter
1167 2493 1305 2539 inanis,

393 2557 522 2594 omnia
540 2554 741 2601 deficiunt,
769 2562 976 2594 tenuantur
997 2559 1130 2595 robore
1150 2558 1339 2605 membra,

394 2630 431 2658 et
457 2628 644 2658 contracta
671 2624 793 2671 rigent
814 2624 1008 2660 arentibus
1031 2636 1115 2660 ossa
1135 2622 1331 2661 medullis.

394 2690 522 2726 omnia
544 2688 738 2725 suffic-ituit
761 2690 897 2725 sacrati
915 2688 1116 2727 commoda
1136 2690 1230 2736 fisci,
