1702 3060
629 102 955 146 PRAEFATIO.
1279 119 1282 122 ’
1419 114 1532 145 xxm

61 214 247 253 Marcam
260 242 269 252 .
290 214 370 265 Ss.
394 214 439 252 V
431 214 668 255 ieeoomitem
677 242 694 260 ‚
722 216 880 266 Papiae
903 214 1119 258 Comitem,
1151 213 1211 250 Io.
1234 209 1398 262 Aloysii
1423 213 1529 250 Gui-

60 280 208 323 ‹hhoni
237 283 362 319 oracio
395 283 549 332 incipit-
620 281 773 320 ibidem
803 290 938 320 autem
970 282 1138 319 occurrit
1162 281 1417 331 peculiariter
1445 294 1526 318 vox

60 349 265 402 biequini‚
311 363 389 403 qua
420 351 528 389 solus
557 351 750 402 Corippus
779 351 946 389 fortasse
975 363 1070 387 usus
1099 350 1242 387 fuerat.
1301 349 1407 396 imo,
1446 348 1527 385 nisi

57 431 150 457 mea
177 431 243 455 me
265 418 371 455 fallit
394 419 554 469 opinio,
596 417 816 456 Mediolani
842 432 1001 470 semper
1031 418 1109 455 fuit
1138 417 1418 455 Trivultianus
1445 416 1526 453 Co·-

58 488 165 538 ‚rippi
195 485 335 524 codex.
393 499 486 523 eum
518 487 650 535 enhn,
702 493 745 528 ut
771 494 890 538 puto,
932 499 1011 523 una
1039 499 1131 522 cum
1158 486 1249 522 aliis
1276 483 1480 521 codicibus
1501 497 1526 521 a.

57 555 211 596 20viris
237 552 549 592 moderatoribus
582 555 756 592 fabricae
780 555 923 605 templi
947 555 1109 595 maioris
1130 552 1350 591 Mediolani
1378 553 1524 590 coemit

57 633 156 664 avus
170 623 305 670 Tuus,
340 622 558 659 clarissime
578 621 775 660 Iohannes
794 623 948 670 Iacobe,
980 618 1159 658 marchio
1179 633 1327 671 nempe
1342 620 1522 656 Alexan-

56 688 130 728 der
144 687 382 731 Theodorus
402 690 624 730 Trivultius
637 720 647 739 ,
682 689 731 727 de
757 691 900 730 litteris
921 689 1020 727 adeo
1042 689 1145 726 bene
1165 689 1331 725 meritus
1344 716 1354 735 ‚
1389 693 1432 726 ut
1459 693 1524 724 te-

53 764 208 796 stantur
237 758 372 809 plures
399 771 451 795 ex
473 759 802 809 praeclarissimis
830 759 980 796 saeculi
1006 758 1220 808 superioris
1250 755 1522 806 scriptoribus,

51 826 180 864 veluti
211 826 451 867 Muratorius
465 855 476 874 ‚
529 827 695 875 Gorius,
741 826 872 864 Guido
903 827 1107 863 Ferrarius
1133 825 1304 876 aliique,
1357 824 1427 876 qui
1455 823 1523 860 vel

50 906 173 946 opera
192 893 326 931 eidem
346 892 579 931 dicaverunt
596 895 663 931 vel
685 893 734 932 de
754 908 800 932 eo
818 897 1067 936 mentionem
1082 894 1125 934 in
1145 894 1227 929 suis
1245 893 1403 942 scriptis
1424 892 1522 930 reli-

50 968 244 1015 qum-mitt,
299 974 375 999 nec
400 974 483 999 non
511 962 605 1001 libri
631 959 852 999 Mediolani
884 960 1070 1010 impressi
1095 961 1290 1010 impensis
1318 959 1520 997 societatis

47 1030 256 1070 Palatinae
266 1027 293 1075 ,“.
326 1029 391 1063 cui
419 1025 504 1062 fere
529 1034 711 1076 praeerat
737 1040 937 1080 quamque
959 1025 1174 1080 aliquando
1197 1033 1256 1064 est
1272 1025 1520 1064 moderatus.

47 1110 140 1137 cum
154 1097 198 1135 in
217 1095 320 1134 vivis
340 1099 445 1131 esset
464 1093 734 1146 Hieronymus
753 1102 919 1147 patruus
942 1096 1057 1133 Tuus
1070 1124 1081 1144 ‚
1116 1097 1181 1132 cui
1195 1102 1353 1134 tantum
1375 1093 1518 1142 debeo,

43 1170 183 1215 utpote
212 1163 282 1215 qui
306 1175 373 1199 me
403 1161 476 1199 sub
497 1162 633 1199 Tuam
653 1163 883 1205 clientelam
905 1176 991 1201 esse
1014 1165 1167 1212 voluit,
1209 1164 1395 1201 narrabat
1413 1162 1517 1201 milii

43 1231 224 1271 codicem
242 1231 360 1272 illum
378 1232 596 1281 ingentem,
623 1233 692 1284 qui
711 1233 887 1273 continet
910 1233 1099 1283 epistolas
1117 1233 1320 1272 Francisci
1338 1230 1516 1280 Philem,

42 1296 122 1355 quo
150 1313 246 1338 usus
273 1306 332 1337 est
355 1300 584 1339 Rosminius
613 1301 657 1341 in
690 1298 922 1337 adornanda
946 1298 1067 1341 huius
1091 1302 1176 1339 vita
1186 1329 1203 1346 ,
1251 1302 1309 1339 sic
1332 1306 1515 1350 emptum

41 1370 167 1409 fuisse
190 1381 272 1406 una
303 1380 395 1404 cum
419 1367 572 1419 aliquot
600 1368 690 1405 aliis
719 1367 946 1416 codicibus,
986 1370 1055 1421 qui
1083 1370 1126 1405 in
1156 1366 1291 1405 arcliio
1316 1367 1513 1419 praedicti

41 1438 184 1490 templi
199 1436 396 1474 iacebant.
454 1438 559 1474 inter
581 1434 702 1474 hosce
734 1444 870 1473 autem
891 1437 1058 1473 coniicio
1078 1436 1202 1474 fuisse
1220 1437 1384 1487 Corippi
1407 1450 1509 1488 quo-

41 1520 119 1560 que
147 1518 226 1544 ms.
285 1505 434 1544 etenim
463 1502 680 1552 Quadrius,
726 1502 941 1542 Zacharias
968 1511 1007 1541 et
1036 1517 1168 1544 comes
1194 1503 1509 1545 Mazzuchellius

38 1575 159 1612 illum
178 1579 410 1610 enumerant
428 1573 533 1608 inter
560 1570 716 1609 oodioes
744 1584 842 1623 quos
870 1571 1099 1622 praedictus
1121 1571 1300 1610 marchio
1322 1571 1508 1623 posside-

40 1642 130 1690 bat3
170 1652 397 1693 quanquam
419 1651 580 1687 omnes,
623 1652 724 1677 unus
754 1647 845 1690 post
865 1640 990 1687 alimn
1003 1669 1013 1688 ‚
1055 1642 1273 1677 erraverint
1290 1642 1333 1676 iu
1354 1639 1507 1678 deseri—-

37 1707 170 1750 hendo
193 1707 291 1761 quid
318 1707 389 1745 ille
419 1708 651 1748 contineret.
708 1720 791 1744 non
818 1709 991 1746 multum
1022 1715 1113 1745 ante
1145 1721 1297 1750 anuum
1324 1709 1432 1750 1752
1464 1710 1507 1749 in

37 1775 275 1832 potestatem
290 1777 375 1814 iam
392 1773 545 1815 laudati
563 1772 805 1816 marchionis
816 1776 1008 1817 Trivultii
1026 1778 1230 1815 transiisse
1243 1775 1366 1815 hosce
1390 1776 1505 1814 codi-

37 1860 104 1885 ces
121 1851 272 1884 constat
290 1850 378 1885 tum
399 1857 450 1881 ex
466 1842 638 1896 Quadrio
656 1850 744 1882 tum
763 1857 814 1882 ex
833 1843 1029 1884 Zacharia
1052 1846 1157 1888 infra
1178 1845 1362 1889 citandis.
1431 1846 1502 1886 ille

34 1927 208 1967 namque
232 1914 480 1954 mentionem
511 1913 668 1954 nullam
693 1913 843 1950 fecerat
869 1912 956 1951 Ioh.
991 1913 1040 1952 de
1059 1916 1182 1952 Bonis
1205 1921 1301 1952 tom.
1326 1915 1352 1954 6
1374 1911 1438 1950 ed.
1462 1927 1501 1951 a.

34 1985 158 2031 1749,
177 1979 251 2020 sed
269 1987 425 2021 tantum
439 1982 482 2023 in
502 1979 785 2022 additamentis
809 1979 861 2018 ad
883 1980 1057 2023 eundem
1076 1989 1232 2025 tomum
1252 1982 1371 2020 editIs
1390 1989 1500 2020 tomo

31 2053 60 2093 7
84 2049 284 2104 praedicto
315 2062 353 2087 a.
384 2047 504 2091 1752.
563 2049 664 2090 alter
690 2061 784 2086 vero
811 2047 888 2086 1100
923 2049 1066 2089 eodem
1094 2063 1198 2088 anno
1226 2064 1309 2089 mss
1342 2049 1500 2088 codices

32 2118 197 2158 eosdem
216 2124 332 2157 vocat
353 2131 500 2159 novam
518 2116 711 2159 librorum
734 2117 1045 2172 supellectilem,
1095 2134 1178 2172 qua
1199 2119 1499 2158 selectis-simam

31 2186 309 2227 bibliothecam
323 2199 439 2226 suam
457 2183 567 2224 idem
582 2183 760 2225 marchio
779 2194 971 2233 auxerat,
1012 2201 1103 2228 cum
1120 2195 1258 2227 tamen
1274 2186 1497 2225 Mediolani

28 2254 266 2298 Zachariam
291 2255 489 2292 exstitisse
517 2260 651 2305 pateat
681 2267 704 2291 a
732 2255 835 2292 festo
855 2258 1095 2306 pentecostis
1126 2257 1376 2298 Christianae
1398 2257 1494 2294 anni

29 2321 140 2366 1747
158 2336 284 2376 usque
304 2322 364 2364 ad
379 2321 572 2363 kalenda-3
591 2323 811 2366 Ianuarias
831 2326 925 2363 anni
942 2326 1242 2379 subsequentis;
1273 2324 1382 2379 quod
1408 2325 1495 2362 col<-

27 2391 111 2443 ligo
131 2404 183 2430 ex
201 2404 288 2443 cap.
308 2394 335 2432 7
355 2391 418 2428 sui
437 2390 644 2428 Excursus
664 2391 852 2430 litterarii
866 2407 907 2444 p.
926 2396 952 2434 7
957 2396 996 2442 2,
1027 2396 1094 2442 90,
1127 2396 1195 2442 99,
1229 2396 1310 2435 120
1329 2400 1406 2430 etc.

137 2458 357 2507 Quadi-ius,
408 2459 476 2512 qui
507 2457 752 2498 marchionis
785 2461 976 2503 Trlvultii
1006 2461 1218 2499 familiaris
1250 2468 1290 2498 et
1317 2461 1366 2498 ab
1403 2461 1491 2498 eius

25 2525 267 2566 bibliotheca
292 2528 395 2576 fuit,
443 2533 554 2565 tomo
581 2531 610 2570 7
652 2542 724 2567 seu
748 2530 791 2566 in
820 2528 1017 2573 addendis
1044 2529 1097 2567 ad
1119 2543 1219 2582 opus
1252 2531 1489 2581 inscriptum

32 2594 164 2634 storia
191 2609 213 2633 e
236 2596 401 2648 ragione
431 2594 481 2637 (λ’
509 2597 608 2647 ogni
628 2599 769 2648 poesia
796 2611 837 2649 p.
866 2600 950 2640 266
988 2605 1029 2636 et
1065 2612 1149 2652 seq.
1182 2597 1284 2636 haec
1313 2599 1490 2650 reliquit.

23 2653 255 2705 “Giovanni
270 2663 320 2705 de
336 2665 459 2707 Bonis
479 2663 522 2702 di
538 2666 689 2704 Arezzo
718 2665 856 2707 fioriva
880 2658 1038 2705 intorno
1067 2668 1107 2708 a]
1135 2666 1214 2704 fine
1232 2665 1298 2704 del
1315 2665 1488 2704 tradice-

26 2729 128 2767 simo
147 2731 292 2773 secolo.
349 2731 427 2772 due
446 2730 595 2773 diversi
619 2732 748 2773 codici
764 2735 799 2773 si
817 2742 982 2775 travano
1003 2736 1111 2773 nella
1131 2732 1201 2787 piu
1225 2735 1330 2774 volte
1353 2733 1405 2772 da
1421 2746 1486 2771 me
