1702 3060
254 149 317 195 38
338 189 347 198 .
838 145 1075 194 ³CORIPP1

367 265 459 296 tunc
475 265 639 310 pereunt
657 259 822 296 miserae
840 256 992 310 dirupto
1011 259 1104 296 fune
1124 260 1287 309 carinae,
1309 274 1311 277 ·
1348 255 1350 260 ¹

368 333 406 362 et
426 326 555 375 pelagi
578 324 692 362 duros
711 325 866 362 tabulae
885 326 1037 362 iacuere
1058 339 1128 376 per
1147 339 1259 377 agros

366 404 482 441 saepe
502 392 593 427 ratis
606 419 616 438 ‚
645 395 854 442 putresque
873 392 990 428 simul
1006 405 1075 442 per
1093 395 1267 442 gramina
1284 407 1434 445 prome.
1488 406 1490 413 ¹

368 455 460 493 hinc
479 463 538 494 est
558 456 663 509 quod
679 462 857 494 metuunt
872 458 1104 509 fugiuntque
1124 461 1295 510 pericula
1312 468 1452 499 nautae

259 521 337 564 365
367 521 450 559 dira
468 523 565 571 loci3
595 531 785 576 portuque
805 531 942 574 petunt
961 524 1060 562 vada
1080 530 1163 562 tuta
1183 528 1327 578 quieto.

422 590 495 627 Illo
517 592 714 628 Romanae
731 597 913 628 steterant
929 593 970 628 in
990 593 1102 628 litore
1120 592 1273 642 classes,

365 663 537 707 tempore
556 670 631 708 quo
645 659 810 709 Libyc'a's
827 660 954 708 tetigit
971 660 1178 696 Belisarius
1199 672 1299 707 oras,
1322 665 1323 668 ’

366 722 597 760 Vandalicas
617 719 795 774 capturus
817 736 930 774 opes3
963 737 1058 776 quos
1076 727 1231 762 nomine
1247 730 1380 777 portus

368 789 515 824 alterna
537 803 606 839 pro
626 797 735 840 parte
755 790 880 839 Caput
897 789 1029 827 dixere
1046 790 1242 829 vadorum

257 857 338 895 370
366 855 514 906 antiqui
531 862 686 892 nautae.
743 857 903 893 veniens
920 854 984 892 hic
1001 857 1088 892 vela
1109 858 1267 894 resolvit

367 919 449 956 dux
465 934 619 973 quoque
638 923 910 973 magnanimus
929 923 1047 958 simili
1065 923 1205 958 virtute
1225 922 1431 964 Iohamxes.

364 987 464 1024 felix
481 987 548 1024 ille
566 989 673 1025 locus
686 1018 695 1036 ,
726 990 838 1025 statio
857 1000 933 1039 quo
949 995 1032 1025 tuta
1046 990 1195 1026 Latinis
1359 993 1362 996 ’

366 1049 552 1091 classibus
573 1060 688 1105 atque
708 1052 877 1091 seclmda
895 1054 983 1090 fuit.
1039 1059 1132 1091 tu'nc
1152 1069 1289 1094 ancora
1306 1070 1438 1098 morsu

364 1119 443 1156 fixa
460 1133 530 1156 suo
548 1122 671 1156 tenuit
692 1132 844 1157 securas
862 1120 972 1156 litore
989 1133 1154 1171 puppes.

254 1184 334 1226 375
364 1188 522 1236 agnovit
541 1193 673 1237 portus
693 1185 828 1223 ductor
841 1187 1075 1224 fortissimus
1094 1189 1196 1236 illos,

365 1253 596 1304 gavisusque
612 1254 707 1290 locis
726 1252 845 1303 digito
862 1255 1090 1290 monstravit
1103 1255 1153 1291 ab
1172 1253 1300 1303 undis,

366 1325 406 1355 et
425 1320 538 1356 sociis
556 1321 612 1356 sic
628 1319 752 1356 laetus
775 1321 841 1356 ait.
892 1314 1008 1355 “cum
1025 1322 1151 1370 prima
1169 1329 1345 1360 tenerent

365 1385 522 1422 ultrices
541 1383 638 1421 haec
659 1398 749 1421 arva
768 1391 890 1432 rates,
919 1383 994 1422 hoc
1011 1387 1122 1423 litore
1140 1389 1288 1438 primus

365 1451 449 1501 ipse
470 1451 597 1487 solum
617 1452 751 1501 tetigi,
781 1451 903 1488 fretus
921 1452 1154 1489 iuvenilibus
1173 1456 1314 1491 armisss·

255 1518 337 1559 380
366 1530 418 1554 ex
438 1515 599 1554 ducibus
619 1530 790 1568 namque
809 1530 910 1554 uuus
932 1530 1051 1554 eram.
1109 1531 1198 1556 oum
1217 1526 1367 1571 sceptra
1386 1527 1572 1574 tyrannus

366 1585 554 1620 Geilamir
569 1585 611 1620 iu
630 1584 787 1634 Libycis
810 1584 998 1620 tenuisset
1012 1583 1182 1634 perfidus
1201 1587 1290 1634 oris,
1352 1584 1354 1591 'V

367 1649 439 1687 has
455 1651 630 1686 Romana
649 1662 787 1686 manus
806 1650 931 1699 primo
951 1649 1051 1700 pede
1070 1652 1210 1701 pressit
1227 1664 1384 1702 arenas3

365 1715 430 1753 hic
451 1718 615 1766 Libycas
636 1717 783 1766 potavit
805 1728 945 1767 aquas,
975 1716 1050 1754 hoc
1068 1719 1244 1768 margine
1264 1720 1388 1759 fossas

366 1790 459 1820 tunc
477 1784 605 1834 posuit
622 1783 756 1832 primis
775 1783 935 1820 veniens
956 1785 1148 1821 exercitus
1167 1787 1298 1822 armis.

257 1848 337 1890 385
365 1851 432 1886 ille
452 1850 586 1900 procul
606 1849 780 1884 tumulus
793 1877 802 1895 ,
832 1850 970 1886 vicinis
990 1852 1190 1899 proximus
1207 1851 1335 1901 undis,

369 1916 523 1952 cernitis
542 1922 584 1951 ut
601 1915 711 1950 molli
730 1921 932 1964 congestus
950 1923 1093 1952 crescat
1113 1929 1229 1953 arena

365 1981 580 2018 mobilitate
599 1979 714 2017 Noti?
773 1979 907 2017 ductor
924 1982 1134 2018 Belisarius
1154 1983 1236 2019 illic

366 2049 481 2085 altius
501 2048 684 2097 imposuit
704 2048 849 2083 cunctis
869 2049 1033 2084 tentoria
1052 2050 1186 2098 siguis,

368 2127 487 2164 quem
506 2116 650 2150 circum
666 2127 828 2164 posuere
852 2112 968 2150 duces
991 2115 1172 2166 mistique
1190 2117 1348 2155 tribuni.

259 2181 339 2220 390
366 2178 440 2217 hoc
461 2194 552 2231 ego,
583 2193 767 2231 germano
786 2182 929 2230 pariter
950 2182 1155 2219 comitante
1174 2183 1298 2232 beato,

369 2253 490 2284 castra
507 2247 593 2284 loco
611 2249 732 2283 tenui.
789 2259 890 2294 sors,
920 2244 1016 2294 heu,
1049 2247 1252 2286 durissima
1271 2251 1354 2298 fati,

366 2310 548 2350 humanis
570 2315 725 2350 inimica
745 2311 875 2350 bonis!
933 2326 955 2350 ο
979 2313 1119 2364 gaudia
1138 2316 1302 2352 fratrmn

371 2386 515 2428 quanta
539 2381 638 2429 rapit
658 2379 783 2416 subito
805 2380 963 2417 veniens
980 2394 1084 2418 mors
1102 2394 1215 2418 saeva
1235 2382 1409 2432 piorum!

369 2458 444 2495 qua
465 2446 605 2482 virtute
622 2445 792 2482 fremens
811 2458 1016 2496 germanus
1036 2449 1198 2496 perculit
1214 2447 1346 2485 hostes

260 2509 340 2550 395
370 2511 435 2546 ille
454 2524 588 2559 meus,
617 2512 816 2562 sociosque
836 2513 957 2550 bouus
978 2525 1055 2564 qua
1074 2520 1206 2550 mente
1227 2513 1396 2564 regendo

258 2629 324 2664 364
344 2640 410 2674 que
424 2631 504 2665 aad.
520 2630 560 2664 M
661 2631 726 2666 365
750 2630 919 2676 portisque
937 2632 969 2664 Τ
1063 2631 1145 2665 ibid.
1169 2631 1283 2675 quiete
1301 2633 1332 2666 Τ
1432 2633 1500 2668 377
1521 2606 1595 2667 dum
1612 2633 1683 2667 m

257 2675 323 2708 379
352 2675 523 2708 iuvenibus
553 2676 647 2719 apud
677 2677 718 2710 M
748 2682 780 2710 et
811 2677 874 2710 hoc
905 2677 978 2710 loco
1012 2680 1044 2710 et
1069 2678 1106 2710 iu
1130 2677 1250 2710 indice.
1385 2678 1451 2713 385
1481 2679 1622 2713 tumidus
1651 2679 1683 2712 '1'

257 2718 323 2754 395
346 2720 521 2765 sociusque
536 2721 585 2756 Μ.
