1702 3060
457 112 808 159 IOHANNIDOS
838 112 944 156 LIB.
975 110 1030 155 Π.

125 227 330 278 omnibus,
361 233 399 266 et
418 227 529 266 nullo
550 232 610 266 est
627 236 797 264 vacuum
817 224 899 262 iam
919 225 962 262 in
981 229 1116 262 monte
1133 233 1335 270 cacumen,

125 297 295 350 qualiter
311 297 468 334 infusae
487 296 607 333 tellus
627 295 803 332 contecta
822 295 988 344 pruinae

123 366 231 403 nube
250 365 367 413 latet,
401 364 608 416 campique
629 368 668 399 et
688 367 844 398 montes
863 362 980 399 arbor
997 368 1036 399 et
1056 361 1184 400 omnis

0 433 1 440 ¹
40 433 98 476 20
125 433 251 481 albet,
282 440 321 470 et
341 434 427 484 ipse
447 433 527 470 suis
550 437 699 468 artatur
717 428 890 467 motibus
913 433 995 468 aer.

126 501 291 552 eripitur
311 500 455 539 crebris
475 500 598 536 facies
618 498 833 535 certissima
854 509 988 534 rerum

124 570 337 618 imbribus,
369 574 407 606 et
426 568 545 605 nullis
563 571 779 604 noscuntur
799 563 929 603 sidera
953 566 1091 617 signis.

179 638 274 685 Quis
292 635 394 675 mihi
410 642 468 674 tot
486 636 655 688 populos
674 640 891 687 gentesque
910 641 950 672 et
969 635 1120 686 proelia
1140 639 1249 670 vates

123 704 279 744 ordinet
299 711 380 742 arte
402 703 534 742 nova?
590 711 657 752 tu,
685 704 924 752 Iustiniane‚
957 702 1128 740 favendo

37 773 94 818 25
122 781 263 812 cuncta
281 772 399 811 doce:
429 771 603 811 admisce
622 771 770 810 blanda
791 770 1000 809 dulcedine
1019 773 1192 808 Musam.

120 847 314 894 temperet
333 842 499 879 insuetis
518 842 700 878 nutantia
719 841 894 878 carmina
911 839 1063 878 verbis:

119 923 214 948 nam
229 910 315 947 fera
332 908 559 946 barbaricae
577 910 722 947 latrant
742 922 812 947 sua
831 909 995 946 nomina
1015 908 1191 958 linguae.

175 979 332 1017 Primus
349 978 423 1014 init
438 977 588 1014 bellum
599 1006 610 1026 ,
642 978 814 1015 fraterna
831 983 957 1014 morte
978 982 1146 1023 coactus,

120 1048 346 1084 Maurorum
363 1046 565 1096 princeps,
595 1046 784 1083 Romanis
806 1043 986 1082 subditus
1008 1045 1105 1082 olim

36 1116 92 1158 30
119 1114 381 1166 principibus,
411 1120 546 1164 gratus
562 1111 726 1151 ducibus
746 1111 927 1165 fidusque
943 1113 1157 1163 megisti-Is,

119 1181 305 1229 Antalas3
337 1179 554 1234 duramque
569 1194 733 1219 movens
747 1182 790 1218 in
806 1182 957 1233 proelia
979 1179 1161 1218 dextram

118 1249 246 1287 erexit
265 1249 406 1288 furiale
424 1250 618 1298 fremens,
649 1261 727 1302 qua
745 1247 927 1286 turbidus
947 1250 1075 1286 omnis

118 1317 280 1369 impulit
294 1324 465 1356 armatas
483 1318 682 1355 bellorum
699 1315 750 1354 ad
765 1318 917 1368 proelia
938 1324 1092 1368 gentes.

118 1385 263 1424 finibus
278 1386 322 1423 in
337 1385 498 1436 Libycis
517 1392 698 1436 suscepta
717 1398 814 1436 pace
831 1384 961 1423 fidelis

30 1455 92 1500 35
118 1455 189 1492 ille
206 1453 303 1503 fuit,
333 1454 551 1504 plenosque
571 1451 710 1490 decem
725 1453 946 1504 perfecerat
965 1466 1104 1491 annos.

116 1522 220 1571 heu,
252 1520 362 1559 ducis
385 1521 519 1571 ignavi
540 1521 656 1574 quale
676 1519 903 1558 indiscretio
926 1521 1080 1558 bellum

116 1593 262 1639 movit,
293 1595 332 1626 et
351 1589 545 1626 extinctas
565 1588 659 1626 fecit
680 1589 919 1626 recalescere
938 1587 1144 1627 flammas!

118 1668 213 1699 tunc
234 1659 344 1696 furor
359 1657 506 1708 incepti
521 1658 654 1708 posuit
671 1657 866 1708 plantaria
887 1658 1049 1707 Martis3

116 1725 305 1780 perfidiae
322 1725 471 1764 crimen
487 1725 554 1763 vel
569 1732 701 1763 tantae
719 1727 871 1764 semina
886 1726 1026 1764 mortis

34 1795 90 1840 40
115 1796 176 1834 ira
193 1793 316 1833 dedit.
373 1800 511 1846 gentes
531 1794 681 1846 Libyae
702 1795 916 1833 commovit
936 1806 1091 1833 amaras

116 1864 244 1902 acrior
264 1869 304 1900 et
322 1869 449 1901 totum
472 1862 643 1901 turbavit
666 1861 851 1901 caedibus
871 1864 1023 1902 orbem.

115 1931 224 1971 lnmc
243 1932 541 1983 consanguineis
564 1932 741 1985 sequitur
762 1930 998 1970 densissima
1016 1931 1159 1970 turmis

114 2002 282 2050 Frexes,
315 2007 355 2039 et
373 1998 526 2038 tumida
543 1999 682 2038 laudat
701 2002 851 2039 cervice
873 2007 1092 2052 regentem,

114 2070 225 2108 for‘tis
245 2082 342 2121 gens
366 2076 404 2107 et
425 2067 523 2106 dura
543 2069 638 2107 viris
660 2069 835 2122 bellique
857 2070 1033 2107 tumultu

30 2135 86 2181 45
115 2137 257 2187 effera,
287 2151 359 2176 seu
381 2136 503 2190 pedes
523 2138 554 2174 it
575 2138 724 2188 campis
743 2145 1002 2189 praesumpta
1023 2151 1095 2189 per
1114 2135 1261 2187 hostes,

116 2207 199 2246 sive
221 2207 426 2244 frementis
446 2206 536 2258 equi
555 2205 687 2256 pulsat
706 2206 923 2244 calcaribus
945 2219 1090 2244 armos.

169 2273 268 2312 Inde
285 2276 394 2314 leves
415 2276 592 2327 equitum
610 2280 763 2312 turmae
787 2275 996 2312 comitante
1015 2274 1181 2312 Siclifan

116 2355 226 2380 anna
240 2343 374 2381 ferunt
402 2342 568 2396 (saevus
583 2340 763 2379 medium
780 2344 888 2380 volat
907 2343 975 2380 ille
991 2356 1063 2394 per
1081 2355 1225 2394 agmen

115 2410 210 2449 fisus
231 2408 358 2464 equo)
388 2417 637 2462 armatasque
658 2418 819 2448 movent
838 2411 1077 2465 pulsantque
1098 2410 1344 2464 phalangas3

33 2476 90 2520 50
116 2479 197 2516 Aor
213 2486 253 2517 et
270 2477 486 2517 indomitus
503 2479 604 2516 latos
625 2478 806 2517 discurrit
822 2481 863 2516 in
884 2493 1027 2531 agros„

117 2542 210 2584 hinc
229 2546 396 2587 indivise
415 2548 566 2586 bellant
582 2561 655 2600 per
673 2548 780 2587 bella
801 2547 993 2600 cohortes,

1403 107 1469 154 45

8 2657 52 2691 18
75 2658 285 2694 contequ
417 2660 462 2696 25
485 2659 608 2695 amisce
627 2661 660 2695 Τ
794 2662 839 2696 96
861 2666 1047 2708 nutantque
1068 2663 1101 2698 Τ
1241 2663 1286 2697 33
1302 2663 1412 2694 aratas
1431 2661 1464 2693 Τ

7 2703 89 2740 {Md-
114 2714 198 2747 gens
214 2705 247 2738 Τ
389 2706 435 2741 38
454 2706 581 2751 incepti
596 2706 645 2748 L,
677 2706 795 2741 incetti
815 2709 861 2753 T,
895 2709 1013 2743 incerti
1030 2710 1071 2743 M
1215 2709 1259 2743 39
1284 2707 1413 2751 perfide
1432 2707 1466 2740 Τ

6 2748 50 2784 41
74 2749 230 2794 gentibus
247 2750 280 2783 '1'
410 2752 456 2787 43
478 2753 615 2786 laudant.
629 2755 723 2798 apud
738 2755 780 2788 M
915 2758 958 2790 51
985 2756 1073 2789 hunc
1088 2754 1254 2789 sinusdisa
1271 2755 1313 2788 Τ.
