1702 3060
483 91 835 138 IOHANNIDOS
868 91 973 135 ΠΒ.
1006 90 1086 136 Vl.
1414 84 1475 134 14
1483 87 1506 133 1

166 203 424 258 cornipedum
442 204 599 250 fodiens
617 203 750 243 densis
767 203 984 241 calcaribus
1002 212 1132 240 armos

53 270 137 317 445
163 272 289 312 hostis
310 281 475 326 uterque
495 274 616 311 volat.
674 273 852 324 sequitur
870 278 964 309 tunc
981 272 1141 322 agmina
1157 267 1302 322 pulvis,

163 341 436 395 significatque
453 342 553 380 vias.
609 339 765 391 dirupto
783 352 938 377 carcere
959 346 1101 376 ventus

163 422 244 446 non
261 410 375 448 aliter
390 417 544 448 teneras
563 410 659 446 flatu
677 408 876 446 convolvit
895 419 1048 455 arenas,

162 490 256 515 cum
272 476 447 515 tumidus
463 479 630 526 Boreas,
660 473 848 527 Scythica
866 475 947 511 iam
963 474 1065 511 liber
1082 474 1131 510 ab
1150 473 1256 522 aula,

163 546 330 597 perfurit
350 546 392 582 in
414 555 597 596 campos:
627 544 741 582 turbo
761 542 870 581 volat
887 540 1072 580 horridus
1091 549 1197 591 ante,

48 609 132 654 450
159 619 358 651 contortus
380 613 524 650 virtute
544 611 658 660 Noti3
691 622 869 663 gyroque
891 617 1048 648 coactus

159 679 275 719 vertit
293 694 498 730 arenosas,
530 679 766 718 conturbans
791 691 984 730 aequora,
1013 685 1154 716 terras.

214 750 378 802 lamque
397 755 554 787 secutus
572 755 655 786 erat
670 749 787 785 miles
806 747 974 798 fugitiva
993 759 1064 798 per
1085 759 1201 797 agros

158 818 318 868 agmina
337 819 463 856 Marte
485 818 640 866 furens,
668 817 971 868 bellatricesque
996 821 1172 852 catervas

158 885 369 936 spargebat
386 884 519 938 tepido
536 883 707 923 fundens
726 898 798 935 per
815 883 995 935 gramina
1016 883 1136 921 ferro.

47 950 130 996 455
158 951 325 1005 despicit
341 955 426 1005 ipse
447 961 580 991 tamen
599 951 913 1003 dedignaturque
933 951 1114 988 tribunus

157 1029 331 1060 sternere
350 1019 469 1059 caede
487 1022 612 1068 viros,
642 1019 753 1056 vivos
770 1017 842 1056 sed
859 1016 1053 1069 prendere
1073 1025 1226 1058 certans

155 1090 284 1128 veloci
305 1089 494 1128 volitabat
515 1100 640 1140 equo,
672 1086 879 1138 pilumque
899 1092 1131 1138 retorquens

155 1155 319 1208 grandia
339 1156 534 1208 percussis
553 1154 722 1192 iactabat
742 1167 903 1205 corpora
923 1155 1128 1194 membris.

154 1231 338 1278 quattuor
358 1225 503 1262 electos
525 1224 681 1274 rapiens
703 1235 756 1259 ex
774 1223 932 1273 agmiue
950 1223 1109 1260 Mauros

41 1290 124 1336 460
151 1295 303 1342 vinxit,
329 1299 368 1330 et
386 1292 588 1343 implicitis
609 1291 864 1341 praestrinxit
883 1289 1043 1327 brachia
1063 1291 1193 1341 nodis,

152 1362 401 1412 servavitque
420 1361 546 1408 viros,
574 1370 720 1408 magno
741 1364 890 1395 secreta
909 1359 1099 1408 magistro

152 1431 222 1482 qui
241 1429 412 1466 referant
426 1428 651 1478 linguisque
670 1427 751 1463 suis
773 1439 914 1463 arcana
936 1427 1150 1465 resolvant.

150 1499 367 1537 Varinnum
387 1495 540 1546 prensis
561 1494 689 1544 rapuit
711 1495 853 1532 virtute
878 1496 1031 1546 capillis

148 1572 188 1603 et
206 1563 411 1616 suspendit
430 1574 547 1615 equo.
604 1563 764 1599 tremuit
782 1561 1001 1615 dextraque
1022 1563 1212 1615 pependit

38 1630 121 1674 465
148 1632 292 1670 infelix
309 1634 530 1678 Nasamon;
561 1642 682 1681 quem
700 1630 880 1680 protinus
898 1631 966 1668 ille
985 1634 1195 1669 remissum

148 1700 286 1738 stravit
301 1697 435 1748 humi,
464 1699 665 1750 veloxque
684 1710 802 1748 super
818 1698 902 1735 fera
920 1706 1078 1750 pectora
1097 1699 1215 1749 sedit,

148 1764 391 1805 descendens
409 1767 568 1804 levitate
587 1778 658 1803 sua
671 1793 682 1814 ,
711 1766 904 1818 tortisque
923 1767 1080 1806 lacertis

146 1846 286 1884 aspera
305 1843 382 1886 per·
397 1835 576 1886 geminas
597 1833 833 1871 substrinxit
852 1836 1011 1873 vincula
1033 1837 1202 1888 palmas.

146 1899 302 1939 ducitur
319 1901 413 1940 hinc
432 1903 604 1950 vinctus,
634 1901 818 1939 manibus
836 1909 925 1953 post
943 1910 1054 1954 terga
1072 1906 1271 1955 revinctis,

34 1969 116 2013 470
145 1982 235 2007 cum
253 1971 368 2008 sociis
385 1972 581 2009 Varinnus
604 1976 739 2019 atrox,
770 1971 962 2023 vultuque
983 1973 1148 2010 remisso

97 2039 106 2044 ’
144 2036 314 2075 ductoris
339 2039 446 2076 stetit
468 2045 558 2075 ante
577 2037 714 2090 pedes.
771 2045 865 2076 tunc
885 2039 1014 2076 omnis
1035 2040 1077 2076 in
1098 2041 1214 2079 illum

143 2106 258 2144 turba
276 2106 353 2143 coit
373 2119 530 2144 currens
547 2105 677 2144 studio
695 2108 873 2144 Romana
891 2106 1043 2156 tuendi,

143 2174 386 2225 Massylique
406 2172 526 2211 duces
545 2173 677 2225 cupidi
696 2173 921 2212 condiscere
948 2188 1099 2224 causas,

142 2249 182 2279 et
204 2254 306 2294 quae
326 2242 377 2278 sit
397 2242 609 2279 manifesta
628 2241 740 2280 fides.
798 2244 999 2294 victorque
1018 2244 1164 2280 referre

31 2306 112 2351 475
141 2309 360 2347 Caecilides
376 2311 432 2346 sic
450 2310 580 2347 iussus
599 2311 666 2347 ait.
719 2305 813 2347 “tua
831 2312 1009 2348 maxima
1027 2325 1189 2350 servans

140 2377 288 2428 optime
307 2379 412 2415 iussa
434 2375 600 2426 ducum,
633 2375 787 2414 Christo
808 2385 1012 2428 pugnante
1033 2381 1187 2419 cucurri

139 2457 211 2496 per
227 2444 380 2483 medios
399 2443 554 2493 hostes,
586 2452 624 2482 et
645 2453 770 2483 castra
790 2446 928 2484 feralia
949 2446 1047 2498 vidi,

143 2523 244 2563 quae
263 2513 384 2550 fixere
408 2514 482 2550 viri
503 2514 638 2551 miseri
656 2514 915 2552 Vincensibus
939 2517 1058 2554 arvis.

141 2578 340 2630 ingressus
357 2580 553 2633 trepidam
570 2583 689 2620 bellis
710 2584 957 2634 cingentibus
976 2584 1117 2621 urbem

26 2677 310 2762 ggbffituliffiluit
326 2679 360 2714 Τ
457 2713 460 2715 Α
483 2681 550 2717 451
575 2691 663 2728 equo
682 2683 714 2717 Τ
839 2682 907 2719 465
930 2692 1097 2718 mamasac
1114 2683 1147 2717 Τ
1267 2682 1334 2718 478
1356 2681 1485 2718 invicte
