1702 3060
452 61 529 105 DE
561 61 833 106 LAU'DIBUS
847 99 851 106 ,
865 59 1086 106 IUSTINI.
1393 58 1491 107 453

0 199 2 204 .
46 170 160 222 plum
177 168 354 208 Iustitiae
375 170 561 222 appellat.
618 169 763 210 horum
790 184 954 223 operum
974 171 1096 209 talem
1120 167 1319 223 quondam
1334 169 1490 220 ¹institui

49 227 381 276 comparationem
400 234 438 264 et
457 227 775 266 celebrationem.
834 229 1015 266 histitiae
1034 226 1280 278 Sophiaeque
1301 226 1395 265 olim
1410 242 1488 265 au-

45 283 276 334 gustissima
296 283 442 333 templa
459 291 553 320 sunt
571 291 721 321 structa
733 285 941 334 auspiciis,
969 284 1205 329 Iustiniane,
1234 284 1325 320 tuis.
1383 284 1492 322 illud

45 339 146 375 iuris
159 351 271 376 amor
287 339 421 390 legum
437 346 474 376 et
488 339 664 377 studiosa
679 340 881 385 voluntas,
908 354 930 377 o
947 340 1140 385 Astraea,
1169 339 1257 385 tibi,
1273 339 1374 387 filia
1393 353 1488 378 cara

46 394 170 438 Iovis,
198 394 273 432 hoc
290 394 366 431 tibi
383 396 573 441 sacravit,
594 397 727 445 patris
748 397 960 446 sapientia,
994 396 1160 441 Christe,
1188 397 1230 432 in
1254 396 1383 433 cultus
1395 398 1486 447 pie-

46 456 108 486 tas
123 449 295 500 officiosa
314 457 413 488 tuos.
470 453 650 488 materies
672 451 737 488 illi
759 451 862 503 leges
878 465 928 489 ac
945 453 1044 490 scita
1053 452 1227 503 ficerunt
1241 452 1486 502 prudentum

45 511 83 542 et
98 505 230 542 Latiis
255 505 488 545 Caesaribus
498 507 671 557 placita:
702 509 902 544 materiem
923 507 1075 558 lapides
1098 508 1192 545 huic
1219 515 1255 545 et
1285 516 1486 546 caementa

43 559 235 599 dederunt
254 569 464 613 argentum
485 571 521 599 et
533 577 714 614 gemmae
734 570 770 600 et
777 563 906 615 fulva
923 564 1087 601 metalla
1106 578 1234 602 suam.
1274 564 1371 602 haec
1387 565 1485 602 edu-

43 623 109 654 cta
113 616 207 668 ficit
207 616 349 669 fabris
364 618 422 655 ad
436 618 565 656 sidera
581 619 719 665 moles,
747 633 900 671 organa
917 622 1006 671 quis
1020 635 1165 667 serrae,
1183 620 1351 658 malleus
1365 629 1486 672 atque

43 685 202 710 manus:
231 673 306 712 illa
339 673 578 713 stibonmno
604 682 729 713 erecta
751 683 806 712 est
825 683 1023 714 structura
1047 679 1254 728 magistro;
1282 679 1485 728 ingenium

41 735 79 765 et
107 729 288 767 calamus
315 729 483 767 malleus
507 730 627 768 huius
656 738 751 769 erat.
814 731 985 770 barbara
1012 732 1156 770 detinet
1178 733 1252 771 hoc
1281 735 1363 770 iam
1385 747 1485 785 gens

4 824 6 826 ,
40 783 317 823 Muhametica
344 794 522 836 captum,
562 795 598 824 et
619 789 755 825 misere
777 795 940 838 spurcat
953 789 1082 840 jbeda
1111 790 1347 839 superstitio:
1379 789 1487 826 illud

40 840 316 893 desuetumque
335 842 406 880 diu
425 842 665 895 tenebrisque
685 844 882 893 sepultum
901 846 943 881 in
964 845 1090 882 lucem
1113 846 1219 882 Saxo
1231 845 1402 895 protulit
1418 852 1483 882 at-

4 925 8 930 .
40 897 277 948 qztejbrum.
338 905 505 949 tempore
528 900 610 936 iam
634 913 680 937 ex
703 899 773 936 illo
791 900 958 937 redivivi
969 901 1104 952 gloria
1120 903 1218 937 iuris
1235 901 1422 938 Romulei
1439 902 1483 938 in

38 954 150 990 terris
171 959 207 990 et
229 967 348 1004 scher
369 961 479 992 astra
505 955 631 1002 vola&
661 955 1086 1006 muneribusquearas
1107 964 1311 993 onerantes
1336 957 1484 1006 templa

25 1008 290 1060 frequentant
314 1009 429 1056 haec,
458 1024 555 1061 quos
580 1011 642 1048 sol
664 1012 790 1048 oriens
806 1011 1068 1063 occiduusque
1086 1012 1205 1050 videt.
1267 1013 1331 1049 clic
1350 1020 1483 1049 utrum

34 1064 174 1102 melior
192 1065 382 1116 templum
389 1066 564 1117 fortuna
591 1074 795 1118 sequatur,
823 1081 928 1104 anne
953 1081 1111 1105 sacrum
1140 1068 1331 1118 Sophiae,
1359 1069 1482 1105 Iusti-

0 1157 2 1160 ,
34 1122 114 1156 tiae
140 1134 245 1158 anne
271 1121 456 1159 sacrum?
494 1123 643 1160 scilicet
670 1124 821 1174 ingenii
842 1125 1081 1160 monimenta
1100 1125 1293 1174 perennia
1315 1124 1482 1169 durant,

32 1176 105 1214 sed
130 1177 239 1228 quod
257 1191 356 1228 opus
372 1191 516 1215 manus
534 1178 632 1216 llaec
651 1179 844 1224 condidit,
873 1179 947 1216 illa
967 1181 1059 1216 ruit.
1120 1181 1306 1225 nominis,
1339 1194 1360 1216 o
1386 1179 1483 1216 hone

39 1231 218 1279 Christe,
261 1235 322 1271 tui
355 1236 579 1286 consur-gito
609 1234 778 1281 vindex,
818 1241 855 1271 et
888 1235 1061 1286 Sophiae
1078 1236 1233 1287 fanum
1261 1236 1378 1273 redde
1405 1249 1480 1286 age

36 1287 291 1329 Christicolis.
351 1291 475 1328 Rrr'r.

142 1366 237 1410 264.
294 1370 496 1420 sanxerat]
529 1368 683 1406 celeber
703 1377 761 1407 est
783 1368 849 1407 hic
868 1370 977 1408 locus
997 1368 1103 1421 apud
1122 1368 1275 1408 criticos
1295 1369 1346 1407 ad
1366 1382 1476 1408 com-

29 1423 279 1476 probandum
297 1438 413 1462 usum
432 1425 542 1463 verbi
561 1427 714 1462 sancire
733 1439 803 1477 pro
826 1439 1074 1475 consecrare3
1107 1433 1145 1463 et
1163 1428 1249 1477 ipse
1271 1428 1390 1463 etiam
1409 1439 1477 1463 su-

28 1481 161 1532 perius
190 1479 242 1518 ad
272 1479 348 1518 hoc
376 1482 512 1529 citavi,
543 1480 614 1518 sed
643 1482 818 1519 fortassis
844 1483 1000 1519 frustra.
1060 1495 1150 1519 cum
1170 1489 1306 1533 postea
1327 1484 1377 1520 sit
1394 1495 1476 1519 vox

27 1536 201 1583 dicarat,
228 1535 444 1588 legendum
469 1536 535 1574 hic
562 1550 647 1575 esse
672 1537 907 1576 crediderim
929 1546 1117 1584 sarserat,
1149 1537 1225 1575 hoc
1247 1545 1305 1576 est
1324 1539 1477 1575 refece-

26 1599 100 1630 rat.
159 1592 252 1631 audi
272 1594 457 1631 Festum:
488 1595 634 1630 sarcire
655 1601 711 1631 est
731 1594 1089 1646 integrumfaeere.
1148 1595 1239 1646 Ulp.
1260 1595 1289 1631 l.
1314 1597 1333 1634 1
1355 1595 1404 1630 D.
1429 1594 1477 1631 de

25 1650 122 1687 rivis
143 1646 165 1702 ξ
187 1653 236 1692 6:
265 1648 381 1687 verbo
401 1649 603 1698 reficiendi
623 1657 764 1701 tegere,
793 1649 1029 1696 substruere,
1057 1651 1219 1696 sarcire,
1247 1650 1475 1698 aedficare,

25 1706 118 1743 item
135 1705 327 1745 advehere
343 1713 628 1757 apportareque
645 1720 690 1743 ea
713 1721 814 1757 quae
829 1706 887 1743 acl
900 1720 987 1743 eam
1001 1719 1083 1743 rem
1102 1720 1200 1756 opus
1217 1713 1340 1742 essent
1342 1734 1357 1751 ,
1381 1719 1477 1742 con-

25 1762 213 1800 tinentur.
256 1769 294 1800 et
310 1775 405 1800 sane
427 1761 598 1812 Sophiae
614 1765 842 1813 cognomine
857 1762 1046 1813 templum
1062 1763 1301 1800 lastinianus
1318 1764 1373 1798 M.
1394 1774 1474 1798 non

23 1818 178 1870 primus
207 1817 403 1867 condidit,
437 1817 507 1856 sed
524 1819 603 1855 iam
625 1818 827 1856 conditum
844 1831 866 1855 a
884 1819 1138 1856 Constantino
1158 1819 1212 1858 M.
1225 1847 1236 1866 ‚
1268 1824 1305 1854 et
1325 1831 1346 1854 a
1368 1818 1477 1854 Con-‘

24 1874 168 1916 stantio
198 1875 419 1926 perfectum
446 1880 484 1911 et
518 1886 540 1910 a
566 1873 795 1912 Theodosio
826 1875 976 1912 iuniore
1003 1875 1288 1921 instauratum,
1321 1886 1411 1910 cum
1428 1874 1471 1908 in

25 1929 219 1968 seditione
235 1931 538 1970 Victoriatorum
558 1931 844 1981 conflagrasset,
868 1932 910 1967 in
929 1932 1197 1982 augustiorem
1215 1930 1386 1966 somnam
1406 1942 1471 1964 re-

23 1986 198 2027 novavit.
256 1987 448 2038 Corippus
476 1987 598 2037 igitur
627 2000 783 2037 semper
810 1985 918 2024 idem
938 1984 989 2023 ad
1010 1999 1156 2023 nomen
1174 1986 1310 2022 uxoris
1330 1983 1470 2022 Iustini

24 2041 190 2090 alludit,
219 2049 258 2080 et
284 2042 398 2093 fingit
423 2045 742 2094 praenuntiatum
771 2042 1153 2093 praefiguratumque
1180 2042 1301 2078 fuisse
1329 2039 1469 2077 Iustini

25 2104 66 2136 et
87 2099 224 2136 uxoris
243 2097 416 2149 Sophiae
433 2100 644 2149 imperium
660 2100 702 2136 in
721 2111 766 2135 eo
786 2097 893 2150 quod
909 2099 1123 2135 Iustiniano
1143 2099 1184 2133 M
1201 2103 1238 2134 et
1257 2094 1469 2133 Theodora

25 2152 207 2192 eiusdem
223 2167 348 2192 uxore
369 2155 652 2205 imperantibus
676 2155 867 2191 refectum
891 2153 1019 2191 fuerat
1039 2152 1212 2204 Sophiae
1234 2151 1468 2203 cognomine

23 2210 218 2262 templum
240 2217 279 2248 et
299 2209 455 2248 condita
476 2223 550 2247 arx
569 2209 783 2261 Sophiana.
840 2211 970 2248 Foco.

133 2279 232 2319 266.
287 2277 440 2328 votens]
473 2277 528 2314 ita
549 2278 701 2314 restitui
721 2283 805 2314 tum
823 2278 940 2314 metri
960 2288 1097 2324 causa,
1125 2281 1211 2312 tum
1235 2272 1327 2325 quia
1351 2275 1469 2323 potita

6 2333 247 2384 ‘exprimere
273 2331 443 2370 intendit
460 2334 723 2370 Iustinianum
747 2333 923 2371 consulto
944 2333 1115 2371 voluisse
1137 2345 1183 2369 eo
1204 2327 1377 2380 Sophiae
1398 2340 1465 2365 co-

25 2391 213 2440 gnomine
235 2387 435 2428 chrisnun
455 2390 647 2440 intelligi,
677 2390 745 2441 qui
762 2396 820 2427 est
839 2390 960 2441 patris
985 2389 1189 2439 sapientia.
1217 2386 1348 2425 Foco·
1404 2395 1465 2420 ms

19 2459 177 2484 vovens.

134 2515 218 2555 268
235 2519 276 2552 et
289 2514 386 2555 269.
442 2513 531 2564 lege
549 2513 663 2550 duxit
677 2519 714 2550 et
733 2514 824 2550 sint.
884 2506 1044 2550 Venox.

135 2581 232 2624 268.
288 2580 439 2618 restitui
465 2580 593 2618 duxit:
623 2580 833 2617 manifesto
853 2580 961 2616 enim
978 2578 1155 2630 loquitur
1170 2575 1218 2613 de
1233 2570 1462 2613 Iustiniano·

25 2633 70 2677 td
89 2643 181 2683 ante
195 2638 398 2688 sequentis
414 2649 551 2676 versus
570 2637 727 2688 respicit
746 2636 864 2675 verba
883 2636 1073 2687 auspiciis
1085 2646 1242 2672 sacrare
1253 2632 1347 2682 piis.
1392 2627 1463 2666 de-
