1702 3060
417 109 491 152 DE
525 78 799 152 LAUnmus
833 105 1055 151 msrm.
1360 100 1462 149 -345

77 184 222 278 J.314
280 221 374 258 soli-s
390 220 553 271 honore]
585 220 627 257 in
646 217 839 257 honorem
859 219 968 256 solis.
1014 218 1070 255 sic
1091 215 1331 268 epigramma
1349 223 1462 255 vetus

189 291 252 326 m,
282 276 390 330 quod
408 278 576 328 Corippo
598 287 831 314 consonum:
857 276 994 326 gratia
1011 287 1163 325 magna
1182 273 1324 326 quibus
1345 275 1464 312 erevit

117 349 160 372 re
180 335 311 372 deum.
371 335 534 387 BAn’rn.
982 346 986 349 ·

50 382 76 423 ’ᾇτ’
127 389 181 428 ib.
242 389 454 428 Bar-thius
442 403 485 427 m
504 388 578 426 hos
598 401 734 427 versus
751 388 876 424 multa
895 386 1070 435 disserit,
1103 385 1174 424 sed
1193 399 1296 438 aqua
1313 385 1464 434 haeret,

32 439 62 486 tt
83 449 216 495 aiunt3
249 448 484 498 egregieque
511 446 662 482 fallitur
681 446 938 495 Dempsterus
956 446 998 480 in
1020 442 1184 480 dubium
1205 456 1392 480 revocans
1416 456 1467 479 an

32 516 88 542 -uo
112 504 200 542 loco
227 505 330 542 Circi
358 502 566 553 descriptio
586 500 650 539 hic
668 503 815 538 inserta
836 501 955 537 fuerit
975 514 997 536 a
1017 501 1141 536 veteri
1161 500 1320 536 librario
1337 529 1345 547 ‚
1377 512 1466 536 cum

33 558 101 597 udi
131 560 332 597 Circenses
363 559 608 596 celebrentur
634 558 705 594 lib.
726 560 767 597 2.
827 558 974 608 optime
1003 554 1070 593 hic
1100 557 1258 594 Circum
1277 557 1469 606 Corippus

26 614 217 666 inscribit,
246 623 291 653 ut
301 615 434 653 locum
452 614 631 664 designet
647 627 724 665 quo
743 615 876 650 statim
899 627 944 650 ac
962 626 1095 650 rumor
1110 613 1304 650 increbuit
1319 625 1468 649 novum

27 679 203 715 &senatu
227 673 506 724 imperatorem
527 671 697 708 electmn
715 670 837 707 fuisse
859 671 1030 736 populus
1050 671 1257 707 universus
1277 681 1468 719 propera-

25 728 104 777 rit,
125 735 171 766 ut
189 742 281 767 eum
302 729 508 766 salutaret·
538 729 581 765 in
606 728 716 764 Circo
741 728 847 763 enim
869 729 1043 778 primum
1062 739 1149 764 mos
1173 732 1255 763 erat
1277 731 1321 762 ut
1340 738 1466 763 novus

24 784 197 837 princeps
213 799 256 823 se
274 784 535 836 spectandum
556 783 774 834 praeberet.
834 785 963 821 Foco.

125 843 220 883 816.
277 841 444 880 Suidas:
477 838 650 892 ἀστέρων
681 839 902 891 τέθριππος
933 839 1138 877 stellarum
1170 839 1395 891 quadriga,
1425 838 1470 875 icl

18 892 72 942 ed,
89 910 228 935 currus
246 898 357 943 solis;
388 904 427 933 et
450 897 508 934 sol
529 895 700 934 Pindaro
719 897 780 933 Ol.
798 898 824 936 7
848 893 967 946 ἆρχός
984 897 1132 936 ἵππων.
1192 895 1398 933 Claudian.
1417 894 1467 931 de

16 952 124 991 laud.
146 950 302 991 Stilich.
326 955 375 993 1:
406 958 500 988 tunc
521 957 558 986 et
572 950 666 987 solis
685 962 815 1000 equos,
877 949 948 987 sed
976 953 1044 1002 qui
1076 953 1174 998 sint,
1204 952 1275 987 vix
1301 957 1465 988 constat.

0 1011 210 1047 &Homerus
240 1008 336 1045 facit
362 1014 462 1055 tres,
490 1007 569 1043 nisi
598 1006 722 1042 falsus
753 1003 880 1042 codex
910 1008 1080 1057 Hygini,
1112 1019 1281 1058 quorum
1305 1009 1468 1044 nomina

18 1063 176 1110 Abrax,
203 1064 325 1110 Aslo,
363 1062 565 1101 Therbeeo.
625 1063 815 1099 Eumelus
849 1062 1075 1101 Corinthius
1107 1062 1204 1100 duos
1231 1076 1361 1100 mares
1383 1071 1466 1101 sta-

2 1122 110 1170 vtuit,
139 1121 269 1158 Eoum
297 1121 410 1173 quasi
434 1120 695 1167 matutinum,
724 1118 963 1169 Aethiopem
983 1121 1096 1171 quasi
1117 1119 1367 1168 flammeum,
1399 1121 1468 1172 qui

17 1183 157 1231 coquat
178 1178 334 1228 fruges3
366 1175 463 1214 duas
490 1176 683 1223 feminas,
715 1175 924 1221 Brontem‚
955 1189 1056 1228 quae
1082 1178 1253 1213 tonitrua
1276 1184 1467 1228 procreat,

21 1233 245 1284 Steropem,
285 1246 386 1286 quae
417 1233 589 1284 fulgura.
648 1234 796 1284 Hygin.
827 1232 908 1269 fab.
945 1235 1036 1274 183.
1096 1233 1183 1269 aliis
1213 1240 1471 1270 numerantur

0 1289 204 1339 ’totidem,
236 1289 308 1328 sed
326 1289 473 1341 dispari
490 1290 672 1337 nomine,
701 1290 789 1340 pari
810 1288 972 1326 effectu:
1003 1289 1249 1339 Erythraeus
1269 1291 1381 1341 quasi
1404 1303 1471 1326 ru-

0 1346 136 1395 inens,
166 1345 276 1399 quod
303 1347 364 1384 sol
390 1348 607 1383 matutinus
635 1344 853 1382 rubicundo
880 1347 930 1383 sit
946 1346 1126 1393 lumine,
1157 1346 1340 1383 Actaeon
1359 1346 1472 1398 quasi

17 1402 253 1456 splendens,
278 1403 474 1453 Lampos,
504 1401 611 1454 quod
635 1402 812 1452 fulgeat,
841 1402 910 1439 ubi
939 1401 990 1439 ad
1015 1403 1252 1439 umbilicum
1274 1401 1353 1439 diei
1376 1415 1472 1440 con-

0 1461 182 1498 'trarium
223 1458 443 1497 ascenderit
485 1459 694 1507 circulum,
738 1458 958 1510 Philogeus
968 1488 983 1505 ,
1024 1459 1132 1511 quod
1166 1466 1312 1496 terram
1350 1466 1470 1496 amet.

0 1516 198 1567 'Fulgenh
221 1518 241 1557 1
277 1517 341 1556 11.
383 1515 580 1553 notissimi
597 1522 688 1554 sunt
708 1529 845 1553 versus
865 1514 1047 1553 Ovidiani
1063 1517 1224 1552 Metam.
1245 1519 1294 1556 2:
1326 1517 1473 1552 interea

16 1571 195 1610 volucres
211 1573 354 1623 Pyrois
372 1572 483 1609 Eous
501 1579 537 1608 et
554 1571 717 1608 Aethon
738 1571 844 1607 Solis
872 1573 962 1622 equi
960 1600 978 1617 2
1009 1579 1252 1623 quartusque
1270 1572 1471 1624 Phlegon,

0 1627 237 1666 >hinnitibus
260 1640 384 1664 auras
406 1627 614 1677 implevere
635 1629 729 1664 suis.
790 1628 978 1666 Dnmrs'r.

128 1685 223 1726 317-
282 1682 474 1736 quadriga
494 1684 568 1721 soli
588 1696 695 1721 sacra
715 1684 763 1721 ob
783 1683 1088 1736 quadripartitas
1108 1692 1334 1737 temporum
1353 1684 1470 1723 diffe-

17 1741 162 1780 rentias
179 1741 245 1778 vel
263 1739 562 1792 quadruplicem
583 1739 662 1777 diei
679 1739 867 1777 horarum
889 1741 1086 1779 effectum.
1132 1744 1365 1793 Fulgentius
1382 1743 1469 1779 loco

16 1796 191 1835 laudato.
249 1803 288 1834 et
319 1798 411 1849 quia
442 1797 643 1834 Circenses
671 1797 804 1847 imago
836 1798 953 1847 solis,
1000 1806 1184 1850 quattuor
1212 1801 1323 1851 equis
1352 1802 1393 1835 in
1419 1801 1469 1835 iis

17 1860 221 1892 certatum.
279 1866 342 1891 res
366 1860 472 1891 nota.
530 1854 642 1891 Serv.
673 1852 725 1890 ad
755 1854 899 1904 Georg.
931 1858 978 1896 3:
1017 1856 1278 1907 quadriiugos
1307 1855 1469 1906 agitabo

15 1910 262 1961 adflumina
286 1923 437 1947 currus.
497 1911 684 1948 DEMPs'r.
727 1920 729 1922 ’

23 1971 30 1987 ’·
64 1983 66 1986 >
125 1965 180 2004 ib.
241 1964 349 2004 idem
382 1968 647 2031 epigramma:
688 1974 863 2018 tempora
897 1967 1122 2018 cornipedes
1155 1968 1358 2019 referunt,
1392 1967 1470 2004 ele-

17 2029 149 2062 menta
177 2022 338 2069 colores,
367 2025 531 2075 auriga,
560 2031 605 2061 ut
628 2023 830 2069 Phoebus,
871 2031 1058 2075 quattuor
1085 2032 1195 2075 aptet
1223 2038 1353 2076 equos.
1415 2026 1471 2061 ita

4 2038 124 2141 itpud
140 2079 257 2117 illum
273 2081 455 2131 ignotum
473 2082 703 2132 scriptorem
724 2079 955 2131 legendum.
1015 2080 1063 2118 de
1084 2083 1234 2118 ratione
1254 2095 1346 2118 vero
1369 2082 1471 2118 Circi

6 2125 111 2175 ivide
134 2136 293 2188 aliquot
321 2138 447 2187 capita
474 2137 640 2175 Isiodori
669 2138 721 2177 18
751 2139 969 2188 Originffum
998 2139 1163 2175 BAn'rn.
1223 2144 1267 2173 ut
1287 2144 1472 2188 quattuor

16 2187 140 2234 horae
159 2205 229 2230 seu
248 2200 426 2244 tempora
447 2201 550 2242 sunt,
579 2195 634 2230 ita
653 2206 775 2259 equ-os
796 2193 964 2230 totidem
984 2195 1061 2232 soli
1078 2193 1316 2241 tribuebant,
1347 2194 1471 2230 veluti

52 2250 122 2286 tri
142 2256 181 2286 et
198 2251 347 2287 vectori
368 2248 568 2287 horarum.
626 2251 790 2287 nomina
810 2248 873 2288 his
896 2252 1169 2301 imposuerunt
1188 2251 1327 2286 Graeci
1354 2250 1472 2286 fabu-

77 2317 163 2343 0res
193 2306 293 2354 ista,
333 2307 521 2356 Pyroeis,
559 2306 697 2352 Eous,
726 2306 888 2344 Aethon
918 2313 955 2344 et
984 2306 1180 2358 Phlegon.
1243 2305 1324 2344 vid.
1358 2305 1473 2344 Ovid.

3 2344 179 2400 metam.
197 2365 225 2404 2
255 2362 348 2403 153.
403 2364 528 2400 Rrrr.

4 2429 18 2451 ἱ
130 2420 226 2460 319.
284 2418 440 2457 colores
504 2418 724 2457 cassiodor.
744 2421 769 2459 3
793 2433 854 2471 ep.
874 2417 949 2460 51:
984 2419 1128 2456 colores
1157 2422 1199 2457 in
1224 2420 1350 2457 vicem
1378 2427 1474 2455 tem-

6 2458 160 2524 ⁴³¹3porum
178 2475 470 2528 quadrifariam
476 2476 729 2527 funduntut
773 2477 966 2526 prasinus
984 2475 1130 2514 virenti
1147 2490 1283 2522 verno,
1315 2483 1475 2513 venetus

9 2529 184 2577 nubilae
202 2531 340 2579 hiemi,
367 2547 498 2570 roseus
517 2534 660 2570 aestati
666 2534 914 2583 flammeae,
935 2533 1053 2570 albus
1070 2535 1262 2584 pruinoso
1283 2540 1475 2569 autumno

0 2585 181 2627 dicatus
205 2595 272 2626 eet.
333 2591 390 2626 sic
405 2590 572 2642 sactum
601 2597 646 2627 ut
672 2597 842 2627 naturae
869 2592 1054 2641 mysteria
1091 2590 1198 2642 (non
1229 2584 1473 2635 ministeria)

0 2639 332 2694 *ssaepeotaculorum
353 2647 578 2696 composita
585 2647 871 2700 imaginatione
891 2647 1131 2684 luderentur.
1194 2646 1319 2683 Solin.
1341 2657 1373 2680 c.
1396 2641 1472 2681 47·

4 2695 189 2758 fflqm'dam
221 2702 312 2752 equi
342 2703 523 2740 cantibus
553 2703 759 2749 tibiarum,
789 2704 953 2754 quidam
981 2701 1278 2745 saltationibus,
1309 2698 1472 2750 quidam

0 2748 181 2810 ficibus
194 2759 384 2804 accensis,
412 2760 577 2811 quidam
597 2760 771 2797 colorum
790 2762 980 2797 1arietate
996 2760 1054 2797 ad
1069 2771 1230 2796 cursum
1245 2769 1349 2806 prot
1349 2768 1470 2791 ocan-
