1650 3054
390 135 726 180 IMMANUELIS
759 138 1012 180 BEKKERI
1044 139 1358 182 PRAEFATIO.

157 245 348 298 servavi,
377 245 640 290 Iohannidos
670 246 831 290 abieci:
867 261 974 304 quos
1002 262 1058 291 ne
1086 249 1178 305 quis
1208 249 1321 293 forte
1352 250 1581 307 desideret,
1639 246 1650 302 ἶ,

157 322 318 364 initium
339 323 450 366 infra
470 325 613 382 posui.

371 410 541 447 Pellitur
559 412 717 447 interea.
778 411 969 449 sectmdus
988 413 1086 450 liber
1106 415 1260 464 incipit,
1294 415 1335 452 in
1356 427 1432 466 quo
1451 421 1582 452 auctor

266 477 462 512 continuat
487 489 508 511 a
533 475 799 526 praecedente.
856 491 950 515 nam
976 493 1090 530 supra
1117 488 1269 517 narrato
1290 480 1406 518 modo
1423 482 1579 518 Mauro-

265 554 351 577 rum
388 541 562 579 bellandj
599 557 669 594 per
695 542 909 581 Iohannem
940 547 1040 592 suis,
1078 554 1116 582 et
1142 547 1316 584 descensi
1345 546 1396 583 ad
1422 554 1578 584 terram.

265 609 392 643 Mauri
413 611 479 658 qui
504 616 612 646 erant
636 623 707 660 per
728 612 944 659 provincias
958 643 967 658 ‚
1000 612 1220 649 infestando
1241 614 1367 663 ipsam
1387 620 1424 650 et
1445 615 1579 650 civita-

264 681 342 721 tes,
381 677 589 712 sentientes
623 682 660 712 et
687 675 862 713 videntes
894 680 1107 714 exercitum
1134 681 1418 726 Romanorum,
1457 687 1578 716 retra—

263 739 363 776 hunt
394 753 434 776 se
466 740 515 777 ad
545 748 696 778 montes
730 749 767 778 et
793 741 843 778 acl
869 744 1077 781 fortilitios.
1136 753 1174 782 et
1203 746 1296 783 facit
1322 751 1455 782 auctor
1483 744 1578 783 duas

264 809 567 856 comparationes
581 836 590 853 ‚
619 821 742 858 usque
764 809 840 845 ibi:
872 812 960 859 quis
976 810 1085 848 mihi.

365 872 543 909 Secundo
568 874 721 909 invocat
750 876 1029 922 Iustinianum,
1060 876 1164 926 quod
1189 879 1317 927 ipsum
1349 877 1504 915 adiuvet
1528 878 1579 915 ad

261 937 557 988 exprimendam
575 938 865 976 multitudinem
886 943 1061 990 gentimn
1079 943 1301 978 Maurorum
1312 971 1323 989 ,
1355 957 1479 996 usque
1497 946 1553 981 ibi
1565 957 1577 981 z

254 1005 411 1052 primas
435 1005 511 1040 init
535 1003 692 1041 bellum.

365 1071 499 1107 Tertio
520 1078 651 1107 narrat
671 1073 837 1122 qualiter
863 1073 1019 1110 Antalas
1039 1074 1217 1122 princeps
1238 1073 1478 1121 Maurorum,
1510 1077 1577 1126 qui

260 1138 340 1172 iam
370 1137 496 1173 fuerat
526 1151 615 1173 cum
645 1139 853 1186 Romanis,
884 1141 955 1175 init
979 1140 1139 1176 bellum.
1197 1146 1236 1175 et
1262 1138 1355 1176 dicit
1381 1141 1576 1191 quomodo

260 1205 343 1252 ipse
364 1211 547 1240 convocat
567 1205 729 1253 amicos,
761 1212 798 1241 et
818 1204 1010 1242 distribuit
1030 1207 1217 1257 populos,
1246 1207 1315 1258 qui
1331 1215 1519 1245 venerunt
1535 1211 1576 1245 in

259 1271 342 1306 eius
362 1271 573 1317 auxilium,
606 1284 728 1322 usque
748 1273 825 1308 ibi:
855 1273 936 1308 iam
943 1273 1079 1323 sortzsss.

362 1337 501 1382 Quarto
525 1335 615 1372 dicit
636 1338 829 1388 quomodo
847 1341 1036 1390 incipiunt
1053 1345 1184 1389 aptare
1202 1351 1243 1375 se
1266 1337 1316 1375 ad
1334 1339 1573 1390 bellandum,

255 1409 292 1438 et
318 1401 411 1438 dant
432 1402 628 1450 ordinem,
657 1418 780 1461 usque
799 1406 876 1441 ibi:
906 1406 1127 1456 auxilioque
1148 1412 1272 1442 vocat.

363 1469 502 1513 Quinto
524 1467 615 1504 dicit
634 1468 739 1519 quod
756 1471 900 1506 Frexes
913 1499 922 1517 ‚
954 1472 1020 1521 qui
1040 1479 1129 1506 sunt
1147 1478 1280 1519 gentes
1298 1472 1404 1510 leves
1422 1475 1572 1522 armati,

256 1534 464 1583 incipitmt,
498 1535 625 1570 et'eos
650 1543 863 1585 sequuntur
884 1537 985 1584 aliis
1003 1542 1044 1571 ut
1071 1542 1178 1585 patet
1204 1537 1247 1572 in
1274 1537 1421 1585 littera,
1451 1553 1574 1591 usquo

255 1601 332 1637 ibi:
363 1601 469 1636 hunc
490 1614 633 1650 aggere
654 1601 765 1638 celso.

359 1668 479 1703 Sexto
510 1666 601 1703 dicit
633 1666 738 1718 quod
765 1669 930 1704 Romani
962 1669 1171 1705 existentes
1203 1669 1246 1704 in
1275 1681 1411 1719 campo
1440 1683 1574 1708 eorum

254 1733 447 1770 fortificari
490 1734 744 1783 respiciebant
780 1733 1070 1770 multitudinem
1109 1736 1355 1783 Maurorum3
1404 1743 1442 1773 et
1480 1738 1574 1774 facit

255 1801 582 1850 comparationem
618 1799 666 1836 de
705 1802 863 1838 locustis
903 1799 954 1837 ad
992 1814 1079 1849 eos,
1129 1815 1252 1853 usque
1296 1802 1375 1838 ibi:
1417 1804 1574 1855 iamque

245 1865 400 1914 pedem.
490 1894 501 1910 ,,

357 1932 530 1982 Septimo
564 1934 753 1984 incipiunt
784 1934 1080 1982 scaramociaoe,
1126 1940 1164 1971 et
1189 1942 1386 1985 ponuntur
1413 1938 1572 1976 nomina

252 1996 418 2046 ducum,
467 2000 612 2037 faciens
653 1998 851 2051 quandam
893 2001 1220 2049 comparationem
1259 2000 1308 2039 de
1341 2009 1570 2054 tempestate

249 2070 475 2112 ventorum,
504 2079 628 2118 usque
649 2067 724 2102 ibi:
755 2064 933 2102 dentibus
953 2066 1169 2116 itffremztit.

273 2143 483 2187 Eiusdem
509 2146 638 2204 pretii
662 2145 867 2188 lemmata
897 2150 993 2188 sunt
1023 2162 1048 2190 e
1075 2148 1272 2207 margine
1291 2148 1491 2196 codicum
1511 2150 1568 2194 ab

140 2220 378 2266 editoribus
401 2223 553 2266 sedulo
572 2224 730 2276 relata3
764 2237 878 2280 quae
897 2229 939 2266 et
959 2224 1056 2283 ipsa
1075 2226 1255 2271 resecui.

273 2299 413 2344 Scrib.
430 2301 622 2346 Berolini
640 2302 706 2347 Id.
726 2300 825 2346 Oct.
847 2316 886 2344 a.
908 2300 1053 2348 1835.

708 2524 973 2531 em—q—
