1702 3060
466 118 814 163 IOHANNIDOS
848 118 952 161 LIB.
983 118 1057 161 111.
1422 119 1484 174 63

153 241 339 267 concussa
361 228 511 267 cervice
531 229 661 279 farm-3
695 229 903 282 subitoque
922 230 1150 268 tremiscens

153 298 359 345 conticuit,
390 304 579 350 vastoque
602 296 653 335 ad
670 304 815 335 terram
832 296 1006 348 pondere
1026 299 1154 346 fluxit,

119 371 190 421 :set
211 363 376 402 dubium
395 378 576 403 murmur
598 363 751 402 defessa
767 378 841 416 per
860 377 948 402 ossa
968 367 1149 402 cucurrit.

41 429 120 474 145
149 433 225 482 sic,
254 433 322 470 ubi
342 431 610 484 lymphigeros
636 430 791 469 deducit
810 431 940 469 fistula
961 439 1106 469 tractus

149 512 239 537 aere
258 513 352 537 cavo
363 529 374 549 ‚
403 498 578 553 liquidus
598 497 694 536 dum
709 512 867 537 currens
883 498 1061 536 funditur
1079 501 1218 546 amnis,

149 579 265 604 rauca
287 580 430 606 sonans
443 597 454 616 ,
484 567 675 618 placitum
695 568 730 604 si
750 567 888 604 fluctus
909 567 1045 604 sistere
1067 565 1217 614 ductus,

151 634 262 671 obice
284 641 457 672 contorto
479 636 660 686 patulum
679 634 784 671 celer
801 641 882 671 arte
901 635 1090 685 magister

149 701 315 738 obstruit
332 704 459 740 amnis
478 704 573 750 iter3
604 709 743 740 vertex
762 708 964 739 truncatur
980 714 1170 753 aquarum

42 766 121 811 160
148 768 324 807 obicibus
344 770 486 807 clausis
499 799 509 818 ,
542 768 592 807 ad
608 771 761 807 fontem
781 770 908 806 refluit
926 770 1067 818 amnis,

148 843 187 874 et
205 837 380 889 reliquus
397 838 502 875 fessa
520 839 750 875 transcurrit
767 838 917 874 rivulus
939 836 1057 874 unda.

200 905 414 956 Responsis
431 905 584 943 sublata
600 906 713 942 novis
732 903 955 956 gaudetque
975 905 1165 956 siletque:

145 983 316 1024 namque
337 971 499 1011 humilis
516 986 612 1023 gens
628 973 699 1009 illa
716 972 806 1009 fuit.
866 979 999 1008 tamen
1017 972 1144 1007 omnis
1162 971 1203 1006 in
1223 972 1337 1011 illum

146 1053 314 1092 spesque
335 1048 542 1091 metusque
563 1040 663 1076 coit:
694 1051 849 1076 sacrum
868 1045 1103 1090 servantque
1123 1038 1348 1092 foventque,

37 1106 116 1151 155
142 1109 414 1160 promissoque
434 1107 510 1144 sibi
528 1107 701 1144 fatorum
720 1120 884 1144 munere
903 1105 1092 1158 gaudent.

201 1176 399 1227 Septimus
420 1180 459 1211 et
477 1173 652 1212 decimus
670 1181 898 1212 nascentem
918 1179 1093 1212 senserat
1114 1185 1251 1222 annus,

141 1256 233 1281 cum
250 1256 350 1294 puer
365 1242 548 1279 infaustis
567 1240 740 1280 admovit
757 1242 918 1280 brachia
935 1243 1063 1279 furtis.

142 1311 266 1348 Cacus
286 1317 330 1348 ut
349 1311 554 1359 Herculeis
579 1313 768 1349 cariturus
789 1313 876 1348 luce
896 1312 1066 1358 lacertis,

141 1380 266 1416 noctis
286 1380 361 1415 iter
378 1377 614 1415 metuendus
632 1379 726 1426 init,
757 1385 992 1430 raptumque
1010 1377 1175 1413 retraxit

36 1447 113 1488 160
141 1444 343 1483 ductorem
360 1453 593 1497 patremque
615 1447 745 1496 gregis
759 1475 769 1493 ‚
800 1447 982 1497 colloque
1002 1445 1149 1481 levavit

140 1514 310 1551 obnixus
326 1519 566 1564 portansque
585 1513 742 1561 furens,
775 1519 813 1550 et
833 1515 961 1564 pergit
982 1513 1024 1549 in
1050 1518 1219 1548 antrum.

141 1580 359 1631 strangulat
376 1579 470 1617 inde
488 1593 671 1631 premens
683 1610 693 1630 ‚
725 1583 931 1619 constricto
955 1587 1112 1631 gutture
1132 1592 1279 1630 pugno.

142 1650 284 1686 corruit
301 1653 391 1684 ante
407 1645 530 1699 pedes
550 1649 651 1686 aries
672 1655 886 1700 prostratus
906 1647 1053 1696 anheli,

141 1715 298 1752 laniferi
315 1729 404 1767 spes
424 1728 502 1752 una
517 1716 662 1766 gregis.
721 1721 814 1753 tunc
835 1730 927 1754 ense
947 1717 1123 1753 reclauso

34 1783 111 1826 165
141 1781 274 1834 diripit
294 1785 491 1822 astrictam
509 1796 654 1834 magno
675 1797 764 1820 cum
781 1783 956 1834 pondere
975 1784 1147 1835 pellem:

138 1852 287 1889 viscera
306 1851 412 1888 nuda
430 1858 579 1902 patent.
637 1852 772 1889 frustis
790 1850 1007 1889 conciditur
1028 1851 1117 1887 altis

141 1932 258 1957 omne
277 1932 420 1971 pecus,
450 1919 699 1971 verubusque
721 1926 934 1957 trementes
957 1920 1126 1956 conserit
1148 1924 1274 1955 artus:
1307 1930 1314 1934 ’

141 1988 265 2024 uritur
282 1985 525 2024 horrendum
539 1987 698 2023 flamma
715 1993 887 2024 torrente
909 1985 1091 2024 cadaver.

138 2055 295 2106 ignibus
316 2056 359 2091 in
380 2054 524 2096 mediis
549 2057 784 2092 semiustum
804 2055 936 2093 sorbet
957 2052 1148 2090 anhelans

34 2122 111 2163 170
139 2128 178 2159 et
191 2120 387 2173 trepidus,
415 2129 620 2174 totumque
639 2124 724 2160 fero
743 2123 986 2174 consumpsit
1006 2120 1133 2158 hiatu.

193 2189 391 2241 Tempore
407 2191 489 2226 iam
508 2202 560 2227 ex
577 2191 647 2228 illo
667 2192 795 2229 saevis
815 2189 1039 2228 adolescere
1057 2187 1174 2225 furtis

138 2256 292 2307 incipit,
323 2257 575 2309 obscurisque
595 2258 774 2295 faventes
791 2271 951 2310 pascere
970 2255 1143 2308 praedis.

138 2322 332 2363 contrahit
348 2324 442 2363 inde
459 2327 564 2363 viros
575 2354 585 2373 ‚
615 2338 828 2377 secumque
847 2325 899 2363 ad
914 2325 1020 2362 furta
1036 2321 1232 2362 nefandus

138 2391 181 2428 in
201 2391 343 2430 mediis
362 2395 501 2431 tacitos
519 2391 734 2430 exhortans
751 2394 808 2430 ire
825 2394 997 2431 tenebris

30 2458 110 2500 175
137 2465 218 2497 arte
238 2459 370 2511 docet3
398 2468 606 2514 totumque
623 2458 744 2497 trahit
763 2461 845 2496 iam
864 2467 996 2512 raptor
1016 2461 1120 2504 ovile

138 2527 296 2580 iamque
318 2535 495 2568 armenta
513 2529 660 2577 boum3
695 2527 890 2580 celsisque
913 2525 1153 2566 abscondere
1173 2523 1364 2578 praedam

33 2643 109 2683 145'
122 2647 218 2682 siculi
233 2649 267 2683 Τ
376 2653 441 2687 147
465 2663 511 2686 απ
525 2650 672 2685 ductos?
782 2649 848 2685 154
870 2650 1054 2694 fauentque
1071 2650 1104 2682 Τ
1208 2648 1274 2684 158
1300 2648 1411 2682 cacus
1427 2646 1477 2681 Μ.

29 2699 151 2728 cautus
169 2694 202 2727 Τ
306 2696 370 2731 159
392 2697 461 2731 iter
474 2699 524 2740 L,
548 2698 616 2731 itus
632 2697 707 2731 ΜΤ
816 2697 880 2731 161
904 2695 1112 2741 portatque?
1218 2696 1284 2729 172
1306 2691 1431 2737 incepit
1447 2691 1480 2724 Τ

8 2751 9 2754 ’
33 2740 100 2775 176
121 2739 245 2774 bouum
261 2742 354 2785 apud
373 2743 413 2775 Μ
546 2743 630 2778 ibid.
653 2741 838 2776 ascendere
852 2741 978 2787 praeda
997 2743 1037 2774 '1'-

92 2803 222 2839 Merob.
250 2809 282 2838 et
312 2804 389 2837 Cor.
1174 2800 1200 2837 9
