1702 3060
454 104 531 146 DE
565 102 844 147 LAUDIBUS
876 100 1100 146 IUSTINI.
1403 97 1502 145 395

47 211 251 266 ,ἔξζωσιςθ
271 212 315 252 ff.
347 212 401 251 ad
429 214 459 252 l.
487 212 620 252 Rhod.
649 211 698 250 de
722 214 839 261 iact.‚
879 218 919 250 et
946 212 976 248 l.
1004 212 1106 248 bene
1135 223 1158 248 a
1184 211 1344 248 Zenone
1374 211 1419 248 C.
1453 209 1503 248 de

47 270 183 326 ffladr.
204 272 434 322 praescript.
493 270 584 308 vide
604 277 642 308 et
661 270 856 308 Senecam
875 268 924 306 (le
944 268 1110 306 benefic.
1129 271 1156 309 7
1185 267 1220 308 4-
1242 275 1281 305 et
1298 269 1338 310 5.
1376 270 1502 306 Rrr‘r.

59 348 79 381 t*
156 340 254 379 372.
310 337 362 375 de
379 338 473 376 fisco
488 336 615 376 multa
630 351 762 388 supra.
819 336 888 374 ille
905 337 1116 387 principis,
1146 342 1190 372 ut
1209 336 1404 372 aerarium
1423 335 1502 372 rei-

37 396 241 450 publicae.
299 395 456 432 Plinius
485 397 637 446 Paneg.
661 395 851 431 Traiani.
884 406 965 430 non
987 393 1123 429 eadem
1145 392 1348 429 severitate
1354 391 1507 439 fiscum

43 466 124 505 μα
145 452 347 490 aerarium
367 450 539 497 cohibes,
569 453 689 488 immo
712 457 823 487 tanto
840 451 988 486 maiore
1007 455 1156 499 quanto
1174 448 1275 499 plus
1298 446 1372 484 tibi
1392 448 1507 485 licere

39 507 90 550 ἅ
120 516 194 546 tuo
215 521 338 559 quam
365 508 414 545 de
436 507 603 558 publico
638 507 777 544 credis.
839 513 930 557 post
963 518 1054 542 eum
1087 506 1320 556 Spartianus
1349 506 1392 541 in
1422 507 1505 542 Ha-

44 564 211 607 thiano:-
249 563 530 602 damnatorum
569 563 672 601 bona
711 565 754 600 in
779 563 934 611 fiscum
961 564 1061 612 priv
1061 570 1174 599 atum
1203 562 1333 611 redigi
1362 563 1506 607 vetuit,

31 623 154 663 omni
173 634 330 659 summa
354 622 399 657 in
421 621 576 658 aerario
596 619 762 670 publico
783 627 952 668 recepta.
1015 619 1118 656 bene
1141 619 1211 655 ille
1234 617 1340 669 apud
1359 619 1506 655 Diaco-

31 684 142 717 211an
171 681 241 718 11:
283 677 450 727 quidam
478 676 681 727 improbas
706 678 926 713 exactiones
955 675 1152 712 detestans
1180 674 1336 724 dicebat
1350 674 1504 723 fiscum

39 747 118 775 ense
138 733 298 778 lienem,
328 733 437 784 quod
453 747 494 770 eo
514 740 706 770 crescente
728 733 877 784 reliqui
894 739 1008 769 artus
1028 731 1244 769 tabescant.
1307 732 1506 769 crescebat

30 798 173 832 autem
191 802 245 827 ex
262 789 486 827 addictione
503 789 693 826 bonorum
705 791 1030 840 proscriptorum.
1079 787 1256 827 Cassiod.
1281 786 1308 828 4
1338 790 1408 830 32.
1454 787 1504 826 de

31 845 225 890 ⁴ariditate
241 846 460 883 Domitiani
481 847 660 884 Iuvenal.
682 849 733 887 2:
768 846 962 897 quicquid
981 847 1239 896 conspicuum
1258 844 1503 894 pulchrum—

29 917 114 957 «que
145 916 191 941 ex
217 915 387 952 aequore
415 909 511 947 toto,
540 916 602 939 res
614 903 715 951 fisci
732 910 788 939 est
805 902 1031 953 ubicunque
1052 908 1181 939 natat.
1241 908 1376 938 tamen
1396 901 1503 953 apud

36 966 216 1001 auctores
243 959 371 996 bonos
401 958 709 996 confunduntur.
767 959 878 995 locus
904 960 1066 1008 elegans
1086 957 1193 1008 apud
1211 956 1502 1008 Symmachum

29 1019 173 1067 ⁴1()·.ep
194 1013 271 1056 54·
288 1015 421 1062 fiscus
440 1014 629 1052 bonorum
642 1016 874 1065 principum
891 1027 971 1050 non
966 988 1240 1052 osaeerdotam
1256 1015 1415 1051 damnis
1432 1016 1504 1052 sed

23 1071 205 1114 ,boetium
233 1070 372 1121 spoliis
400 1078 611 1123 augeatur.
675 1069 777 1107 dixit
806 1069 857 1107 ad
884 1071 1044 1108 Consul.
1068 1071 1210 1107 Manlii
1232 1069 1498 1109 Claudianus:

34 1127 282 1179 abductoque
300 1127 507 1165 hominum
527 1127 737 1166 cumulant
758 1128 916 1164 aeraria
936 1140 1070 1164 censu.
1131 1128 1319 1164 DzMPST.

150 1198 249 1238 373.
308 1194 476 1232 subiecti
497 1196 618 1233 nimis
641 1196 767 1246 pressi
788 1195 941 1246 gravati
966 1201 1085 1246 atque
1104 1192 1290 1232 exhausti
1310 1208 1392 1233 non
1414 1196 1501 1234 sus-

35 1251 174 1290 ficiunt
195 1250 362 1289 tandem
386 1251 544 1289 tributis
565 1250 803 1303 pendendis.
862 1251 974 1288 novis
999 1250 1282 1288 indictionibus
1295 1254 1428 1301 pressi
1446 1253 1506 1290 ad

33 1316 167 1347 uetera
182 1307 333 1346 tributa
353 1307 562 1356 deficiunt,
583 1310 715 1360 inquit
732 1309 887 1345 Plinius
906 1309 1104 1359 Panegyr.
1123 1306 1175 1344 ad
1192 1308 1415 1345 Traianum
1431 1308 1500 1350 29.

33 1362 130 1404 hinc
157 1363 208 1402 de
238 1366 301 1402 sui
328 1365 416 1402 aevi
449 1365 580 1401 Gallia
611 1363 800 1402 Sidonius
823 1366 1043 1401 carminum
1060 1364 1108 1404 5:
1144 1363 1286 1401 Gallia
1305 1367 1503 1403 continuis

35 1434 270 1474 quanquam
301 1422 355 1458 sit
386 1420 498 1457 lassa
530 1420 701 1458 tributis.
761 1419 854 1459 vide
888 1428 927 1458 et
954 1420 1189 1458 salvianum
1214 1419 1263 1457 de
1291 1421 1500 1471 gubernat.

34 1477 102 1516 dei
117 1477 144 1519 5
157 1506 168 1525 ,
202 1484 241 1514 et
259 1477 450 1516 Savaron.
471 1475 523 1514 ad
540 1476 679 1515 Sidon.
701 1477 726 1519 5
749 1491 812 1528 ep.
839 1480 902 1519 17.
948 1489 1070 1529 quare
1092 1475 1371 1516 callidissimus
1388 1479 1502 1530 prin-

33 1547 126 1586 ceps
150 1534 338 1572 Tiberius
365 1540 471 1570 recte
500 1533 630 1570 aiebat
658 1533 752 1570 boni
769 1535 946 1584 pastoris
975 1547 1054 1570 esse
1075 1534 1234 1571 tondere
1245 1547 1390 1584 pecus,
1419 1548 1500 1572 non

32 1589 261 1643 deglubere;
290 1602 527 1641 semperque
560 1589 713 1627 laudati
742 1597 833 1627 sunt
855 1591 1056 1641 principes
1082 1591 1151 1642 qui
1174 1590 1319 1627 tributa
1339 1592 1500 1628 minue-

32 1644 132 1696 rin't,
161 1653 207 1684 ut
239 1647 471 1694 Gratianus,
502 1645 552 1683 de
581 1659 661 1698 quo
687 1647 889 1684 Ausonius
921 1648 963 1683 in
993 1648 1210 1697 gratiarum
1238 1647 1418 1695 actione3
1454 1655 1498 1685 nt

30 1704 199 1752 valens,
229 1701 280 1740 de
305 1715 382 1755 quo
408 1701 659 1740 Themistius
679 1701 915 1754 Euphradas
938 1703 1122 1740 Oratione
1142 1701 1191 1740 de
1212 1715 1334 1755 pace3
1362 1710 1405 1740 ut
1427 1705 1498 1741 Iu·-

28 1760 182 1808 fflnus,
213 1761 284 1812 qui
310 1761 396 1810 ipse
423 1757 471 1796 de
491 1772 533 1796 se
554 1761 597 1796 in
617 1760 877 1811 Misopogone
897 1765 1064 1797 testatur
1079 1773 1120 1796 se
1138 1761 1321 1811 quintam
1340 1766 1496 1811 partem

22 1814 361 1856 Antiochensibus
381 1816 594 1854 remisisse.
650 1817 776 1854 Rrrr.

0 2597 17 2637 fx

31 1887 39 1936 J
74 1918 79 1922 .
142 1882 239 1926 375.
296 1884 584 1922 Du-Fresnius
611 1883 746 1921 Const.
777 1881 922 1920 Christ.
946 1883 1018 1920 lib.
1038 1885 1066 1925 2
1094 1896 1135 1934 Ρ.
1157 1880 1236 1924 154
1262 1880 1373 1920 hunc
1397 1897 1492 1921 ver-

26 1951 119 1990 sum
148 1941 310 1992 Corippi
337 1940 505 1990 allegat,
535 1940 606 1977 ubi
634 1941 715 1990 agit
739 1938 896 1977 deloco
919 1940 960 1976 in
984 1952 1062 1992 quo
1080 1941 1366 1990 imperatorum
1386 1939 1490 1977 bona

26 1997 319 2049 patrimonialia
348 1995 685 2044 recondebantur,
715 2003 754 2033 et
783 1997 904 2047 quein
933 1992 1065 2036 ἰδικόν
1092 1995 1299 2033 vocabant.
1359 1997 1490 2032 enim-

27 2055 122 2094 Vero
136 2054 346 2103 privatum
365 2053 544 2098 absolute
562 2066 634 2104 pro
654 2066 696 2090 re
713 2053 866 2103 privata
887 2053 1076 2103 principis
1097 2058 1261 2102 usurpat
1280 2053 1329 2090 L.
1350 2052 1377 2094 5
1400 2051 1489 2089 cod.

26 2107 187 2148 Theod.
209 2107 258 2146 de
277 2116 406 2146 exact.
444 2108 517 2146 sed
533 2108 636 2146 mihi
654 2107 813 2146 videtur
831 2109 1024 2159 Corippus
1047 2109 1105 2144 uti
1120 2106 1188 2143 hic
1204 2119 1301 2144 voce
1321 2108 1491 2158 privata

24 2177 109 2211 non
126 2177 239 2203 secus
255 2177 300 2202 ac
317 2165 497 2215 superius
515 2178 554 2202 v.
573 2164 655 2206 257
672 2164 724 2202 ad
744 2163 989 2215 designanda
1008 2164 1180 2201 cuiusvis
1198 2164 1352 2213 privata
1369 2164 1488 2213 bona,

27 2233 130 2280 quae
151 2222 287 2259 omnia
309 2233 395 2259 esse
417 2227 552 2258 tamen
574 2222 765 2272 principis
786 2219 837 2258 ad
860 2221 1169 2258 assentationem
1190 2217 1298 2257 dicit.
1355 2221 1488 2258 Fose.

138 2291 238 2331 376.
294 2288 486 2339 diurnae]
516 2288 560 2324 in
588 2290 767 2339 singulos
793 2287 877 2326 dies
898 2289 1143 2325 frumentum
1163 2285 1493 2339 suppeditabatur

11 2344 159 2405 plebi,
189 2357 280 2386 cum
305 2357 462 2382 annona
479 2345 696 2395 incipiebat
715 2344 894 2382 deficere.
951 2344 1075 2392 nulli,
1107 2342 1214 2396 quod
1235 2345 1383 2392 sciam,
1414 2345 1488 2382 ob-

6 2404 239 2448 servatum.
299 2400 504 2438 claudian.
547 2398 597 2438 de
631 2402 739 2439 bello
778 2399 940 2439 Gildon.
981 2402 1108 2438 Roma
1146 2400 1253 2438 fame
1287 2401 1487 2438 laborans.
1524 2425 1529 2427 -

20 2457 251 2509 gaudetque
278 2457 442 2494 diurnos
473 2464 519 2494 ut
531 2456 724 2508 famulae
744 2456 936 2508 praebere
965 2455 1085 2494 cibos.
1146 2457 1277 2496 alias
1265 2471 1309 2494 in
1328 2469 1490 2495 menses

13 2512 144 2551 'fiebat
164 2513 439 2562 frumentatio,
469 2521 513 2551 ut
535 2514 746 2555 observant
769 2513 888 2552 docti.
945 2514 1133 2551 Demsi·-

136 2582 234 2623 378
283 2582 410 2632 parvi
426 2580 506 2618 cibi
520 2587 659 2619 tenues
682 2587 794 2629 sunt,
823 2582 956 2632 pauci.
1011 2580 1106 2619 vide
1127 2593 1230 2633 quae
1249 2580 1319 2617 lib.
1342 2582 1396 2620 37
1415 2591 1489 2616 su-

0 2647 105 2687 Jira
114 2635 166 2674 ad
185 2636 363 2675 caelium
380 2639 640 2676 Aurelianum
658 2639 899 2676 notavimus.
955 2639 1123 2679 BARTH.

137 2694 234 2734 379.
289 2693 378 2744 lege
386 2694 493 2743 flere
509 2694 581 2731 diu
598 2701 729 2731 tantos
745 2707 815 2745 pro
832 2701 906 2740 tot,
933 2700 979 2731 ut
997 2696 1022 2735 1
1049 2694 1148 2735 252.
1176 2693 1336 2730 Voncx.
1392 2700 1485 2726 ma·—

0 2744 99 2791 lim
116 2761 182 2786 me
201 2748 346 2799 legisse
367 2763 460 2790 cum
474 2747 652 2789 Vonokio
669 2757 813 2790 tantos.
845 2751 978 2794 ane.
1035 2762 1099 2788 ms
1117 2748 1250 2786 tamc's.
