1702 3060
269 156 332 203 26
585 158 800 206 CORIPPI
831 158 891 207 IN
922 158 1148 207 IOHANN,
1179 161 1362 207 PRAEF-

375 266 574 306 doctorum
598 268 800 318 ingenium
817 266 927 305 docto
942 279 1022 305 non
1042 270 1209 308 carmine
1229 278 1354 321 canto,

425 342 464 371 et
481 337 619 372 retinet
634 336 812 385 linguam
829 341 960 385 torpor
976 336 1018 372 in
1039 349 1104 372 ore
1120 349 1265 375 meam.

287 397 341 440 25
369 399 463 450 quid
627 401 785 451 ignarus
804 400 1003 452 quondam
1021 415 1092 452 per
1110 415 1199 440 rura
1215 403 1381 453 locutus,

422 465 527 503 urbis
546 480 618 517 per
634 467 800 518 populos
821 470 990 506 carmina
1007 471 1119 506 mitto
1136 470 1284 519 palam.

365 531 527 569 forsitan
548 545 599 570 ex
619 534 740 571 fracto
764 541 930 585 ponetur
949 535 1100 586 syllaba
1117 548 1253 573 versu:

422 599 624 637 confiteor:
653 602 766 638 Musa
788 607 846 639 est
863 602 1003 638 rustica
1020 614 1188 653 namque
1206 615 1310 639 mea.

365 676 506 716 nempe
527 665 766 704 admittenda
786 674 844 704 est
861 666 1045 704 dicendae
1067 668 1191 717 gloria
1208 667 1339 706 laudis

284 734 337 773 30
418 731 628 771 fraudabor
647 734 754 771 solus
774 745 955 782 munere,
983 734 1093 770 nulla
1110 733 1282 776 canens?

365 799 531 836 concitat
550 811 616 834 ora
636 800 761 847 magis
775 826 785 845 ,
813 800 949 848 pulsus
968 799 1015 836 de
1033 807 1211 850 pectore,
1237 807 1383 840 terror:

418 863 600 901 laudibus
621 865 806 901 hmnissis
824 865 874 901 sit
893 865 1004 902 favor
1023 878 1088 907 ore
1102 880 1206 907 meo,

364 942 462 981 quos
485 928 657 966 doctriua
673 936 811 980 negat,
841 931 990 967 confert
1007 931 1167 968 victoria
1183 943 1316 968 versus
1327 943 1340 969 ε

420 996 654 1033 carminibus
675 996 822 1033 fessum
839 996 982 1047 gaudia
998 1003 1106 1033 tanta
1123 997 1270 1035 levant.

284 1062 337 1104 35
364 1061 531 1112 gaudeat
548 1063 590 1098 iu
607 1063 741 1100 multis
763 1063 818 1099 sio
838 1077 880 1100 se
899 1060 1091 1112 Carthago
1107 1061 1337 1112 triumphis:

418 1130 468 1166 sit
486 1127 584 1165 mihi
605 1130 675 1165 rite
698 1129 832 1177 favor-3
863 1130 933 1176 sit,
963 1142 1078 1178 rogo,
1107 1135 1234 1167 vester
1255 1142 1377 1172 amorq

364 1196 505 1232 rustica
523 1196 707 1232 Romanis
728 1193 821 1232 dum
840 1202 958 1232 certat
975 1197 1086 1232 Musa
1103 1196 1296 1244 Camenis,

417 1261 615 1299 ductorem
630 1267 806 1298 nostrtun
821 1262 926 1298 fama
946 1275 1016 1312 per
1036 1268 1138 1298 astra
1158 1261 1280 1299 vehit.

360 1328 395 1365 si
411 1328 539 1377 placet
558 1335 602 1364 ut
620 1329 738 1378 primi
755 1329 915 1364 recitem
933 1341 1022 1364 mea
1041 1327 1143 1365 dicta
1157 1329 1294 1376 libelli,

276 1390 330 1432 40
410 1399 503 1430 tunc
524 1396 686 1431 meritus
706 1395 822 1431 iussis
845 1395 1015 1431 earmina
1032 1395 1159 1445 prima
1175 1407 1285 1436 cauo.

245 1511 290 1545 25
326 1511 439 1554 quidni
462 1512 493 1545 si
515 1512 651 1556 ignarus
675 1512 788 1546 Mazz.
921 1511 1005 1547 ibid.
1038 1512 1171 1546 lucutus
1196 1514 1229 1546 Τ
1249 1517 1283 1547 et
1305 1512 1364 1547 Ιιοο
1390 1512 1462 1546 low
1486 1516 1522 1548 et
1543 1513 1566 1547 2
1589 1512 1668 1555 336,

244 1557 269 1590 3
299 1557 341 1590 12
375 1561 410 1590 et
441 1557 498 1591 53.
543 1558 595 1590 ita
627 1558 874 1598 conglumerans
897 1557 918 1591 5
941 1557 1028 1600 484,
1061 1569 1164 1592 curnu
1185 1559 1209 1592 2
1234 1557 1320 1600 446,
1349 1557 1525 1592 muriturus
1545 1560 1569 1592 4
1590 1558 1670 1597 202,

245 1605 359 1634 muuet
382 1601 404 1635 4
427 1602 515 1645 425,
549 1602 668 1636 utinam
693 1602 716 1636 3
738 1603 781 1636 72
807 1605 841 1634 et
866 1603 942 1637 256.
1097 1604 1143 1639 32
1165 1614 1224 1638 oro
1248 1604 1281 1637 'I'

244 1645 290 1680 38
314 1645 482 1679 doctorem
501 1648 533 1680 Τ
660 1646 705 1681 40
727 1657 813 1680 nunc
827 1646 950 1680 meritis
965 1646 1016 1681 M.

1431 1601 1477 1638 34
1497 1602 1611 1642 levans
1641 1603 1673 1638 Τ
