1702 3060
258 147 350 194 142
807 147 830 155 ”
856 148 1073 194 CORIPPI
1095 150 1106 162 ⁵
1127 156 1131 162 ‘
1152 159 1154 162 ’

252 256 332 298 480
347 255 554 294 ¹001nlolui.
611 257 690 293 illic
711 269 853 306 magna
874 258 1214 295 tamen'miracnla
1234 257 1343 296 vidie.

361 337 529 373 namque
548 324 673 359 iacent
691 325 808 360 nullis
829 325 1062 362 circumdata
1081 327 1234 362 moenia
1253 327 1398 375 muris,-

360 388 551 439 praesidio
572 390 720 426 munita
739 389 816 427 dei.
871 404 948 429 non
970 393 1138 429 turribus
1151 394 1264 430 illam

362 453 479 490 ardua
501 455 649 504 pinnati
669 455 882 495 defendunt
900 461 1067 496 culmina
1082 461 1192 496 tecti.

359 524 593 558 mansuescit
613 530 747 572 gentes
766 526 872 562 verbi
893 528 1034 563 virtute
1054 524 1256 563 sacerdos:
1294 539 1307 546 ⁶
1334 539 1337 547 ·

252 585 333 628 485
362 589 416 624 sic
436 595 545 638 parat
565 588 752 626 indociles
771 586 946 629 caelestis
970 595 1092 642 gratia
1109 599 1275 629 mentes.

362 655 428 690 illc
447 661 572 704 potest
589 657 744 693 monit1s
763 658 1052 697 rabidoslenire
1071 660 1203 696 leones

364 727 402 757 et
417 722 568 771 placare
586 722 709 769 feras3
739 732 1013 761 mansuescunt
1030 725 1143 762 corda
1161 727 1360 775 luporunn‘

363 795 478 839 atque
499 787 622 824 avidis
640 795 792 825 teneros
812 803 890 826 non
912 791 1071 827 laedunt
1090 792 1282 828 morsibus
1301 804 1435 841 agnos.
1457 803 1459 806 ’
1483 815 1486 816 ⁷

364 853 616 904 hortaturque
634 856 773 902 simul,
802 857 937 894 iubeas
953 870 1158 907 properare
1174 858 1377 908 sequendo
1411 874 1414 887 τ

253 919 334 962 490
361 922 525 971 proelia,
555 922 739 958 Romanis
755 922 952 959 confidens·
966 934 1148 973 prospera
1166 924 1293 961 rebus.

360 990 393 1024 si
411 989 564 1034 venias,
594 988 762 1025 lacrimis
780 1002 857 1025 non
879 989 1028 1026 desinet
1044 990 1111 1026 ille
1128 989 1322 1040 precando
1341 1019 1343 1022 .

358 1066 427 1103 pro
446 1055 600 1104 populis
620 1057 811 1106 armisque
829 1057 904 1092 tuis
925 1057 1132 1106 castrisque
1150 1058 1312 1105 Latinis,

361 1133 525 1157 exorans
545 1122 686 1170 ingiter
701 1128 852 1158 nostros
872 1128 915 1158 ut
933 1128 1102 1158 conterat
1122 1121 1252 1160 hostes

362 1188 625 1236 omnipotens,
658 1186 899 1238 humiletque
919 1194 987 1224 tua
1007 1190 1147 1224 virtute
1164 1189 1363 1238 superbos.

251 1251 331 1294 495
360 1252 430 1289 hos
455 1266 525 1302 ego
549 1253 743 1303 digressus
761 1255 882 1291 nimio
900 1254 1038 1291 sudore
1057 1255 1220 1292 rebelles

362 1318 509 1356 detinui
520 1348 529 1366 ,
559 1322 627 1370 qui
645 1327 780 1356 cuncta
795 1322 866 1357 tibi
883 1327 1028 1358 secreta
1047 1322 1240 1358 resolvant

360 1386 486 1435 gentis
504 1386 637 1437 iniqua
656 1399 768 1434 suae,
799 1385 1038 1438 doceantque
1057 1399 1108 1423 ex
1129 1386 1263 1424 ordine
1283 1385 1498 1427 mentem.”

414 1453 584 1488 Finierat
607 1451 740 1500 dictis,
772 1466 871 1503 quae
890 1460 1080 1503 gesserat,
1110 1460 1194 1489 acta
1213 1454 1403 1493 tribunus.

359 1525 398 1554 at
417 1517 551 1555 ductor
570 1520 718 1556 vinctos
737 1518 967 1555 iamdudum
986 1519 1132 1555 lumine
1149 1526 1258 1556 torvo

249 1585 331 1627 500
360 1585 575 1636 despiciens
594 1587 713 1622 iratus
735 1588 787 1622 ait
809 1581 903 1637 “qui
921 1587 1117 1622 mentibus
1138 1583 1281 1623 ausus?

362 1651 496 1699 dicite,
525 1652 712 1688 furciferi.
770 1665 868 1704 quae
890 1665 958 1689 vos
977 1665 1058 1689 sors
1078 1651 1161 1688 dira
1178 1653 1304 1702 coegit

358 1717 451 1755 hinc
469 1719 634 1768 Libycos
654 1719 767 1755 bellis
786 1721 927 1755 iterum
948 1731 1119 1755 remeare
1136 1732 1207 1769 per
1224 1728 1350 1769 agros,

359 1791 398 1821 et
421 1787 560 1821 vetitas
582 1791 728 1820 tentare
750 1787 852 1832 vias,
883 1786 1082 1835 solitisque
1101 1787 1246 1835 rapinis

358 1851 578 1887 Poenorum
596 1851 762 1899 spoliare
783 1850 917 1887 domos
936 1859 1147 1902 gentesque
1163 1849 1347 1888 Latinas?

251 1916 331 1959 505
360 1918 548 1953 Carcasan
571 1917 707 1953 vicisse
726 1924 836 1966 putat
845 1916 864 1953 ’ζ
895 1930 1012 1968 quem
1027 1924 1200 1967 tempore
1219 1924 1322 1953 certo

361 1983 538 2020 subiiciet
557 1989 644 2032 post
663 1983 767 2019 bella
786 1982 900 2031 deus,
926 1987 1174 2035 vinctumque
1193 1982 1340 2019 videbit

359 2050 470 2100 plebs
494 2051 668 2085 Romana
692 2051 771 2086 suis
796 2051 1107 2100 captivatumque
1128 2051 1198 2087 sub
1219 2051 1350 2086 armis.

360 2124 449 2153 ante
471 2117 624 2162 tubam,
659 2128 854 2163 memora,
885 2117 970 2167 quis
991 2123 1164 2152 mentem
1182 2123 1303 2151 terror
1321 2114 1451 2166 adegit

360 2181 522 2219 insidias
543 2188 766 2232 vestrosque
789 2181 896 2219 dolos
917 2181 1150 2233 fraudesque
1168 2183 1267 2218 tueri
1276 2177 1324 2218 ‘P'

251 2249 331 2291 510
413 2249 527 2284 Tunc
543 2250 737 2284 Nasamon
754 2250 934 2298 pinnatus
954 2250 1007 2284 ait
1029 2244 1118 2284 “me
1137 2255 1272 2285 cuncta
1289 2248 1403 2284 fateri

358 2315 477 2350 iussio
497 2313 591 2350 dura
609 2317 762 2364 premit.
819 2322 984 2352 mortem
1001 2316 1091 2351 licet
1109 2317 1193 2365 ipsa
1208 2316 1404 2351 minentur

358 2381 475 2417 verba
493 2379 592 2416 mihi
610 2383 807 2428 meritam,
838 2394 997 2418 narrans
1017 2372 1149 2417 tamen
1169 2381 1298 2417 omnia
1315 2378 1457 2418 dicam.

362 2447 551 2483 Carcasan
572 2449 711 2484 nostris
733 2446 815 2484 dux
835 2454 893 2483 est
909 2447 1141 2483 fortissimus
1161 2446 1290 2482 armis.

358 2511 474 2548 huius
494 2513 535 2547 in
555 2514 723 2562 auspicio
743 2515 863 2550 nostri
884 2526 971 2562 spes
989 2512 1164 2548 maxima
1182 2511 1290 2560 regni
1311 2517 1382 2558 est,
1432 2527 1434 2534 r

249 2578 329 2620 515
361 2586 398 2615 et
414 2578 619 2615 manifesta
637 2585 783 2614 manet.
841 2580 980 2615 cecinit
999 2580 1054 2615 sic
1066 2578 1244 2628 gentibus
1260 2579 1431 2614 Ammon

250 2677 317 2709 482
338 2685 411 2709 nam
427 2675 499 2709 ΜΤ
627 2674 693 2709 494
716 2674 915 2718 humilesque
933 2675 964 2708 Τ
1089 2674 1157 2709 502
1178 2673 1269 2707 huc?
1378 2672 1463 2708 1506
1484 2671 1622 2707 subicite
1640 2672 1676 2706 T-

251 2721 317 2755 509
339 2726 471 2755 tuorum
489 2721 522 2754 Τ
654 2719 721 2754 510
744 2719 901 2754 sadanma
918 2720 957 2753 Τ.
1474 2734 1477 2739 ·
