1702 3060
363 100 423 144 IN
456 94 806 144 IOHANNIDOS
836 95 904 140 IV
935 95 1140 140 NOTAE.
1379 93 1477 139 263

30 213 172 254 emi
186 211 429 251 consuevisse
438 224 455 259 ;
494 216 534 248 et
557 207 691 248 subdit
711 208 988 260 prudentiores
1006 215 1107 246 certe
1123 208 1258 260 fuisse
1272 203 1476 244 Romano-

37 284 115 317 ,ω
134 270 296 308 illorum
308 274 512 320 posteros,
545 268 622 304 imo
644 274 680 304 et
700 266 870 318 reliquos
886 266 1084 317 populos,
1122 266 1193 317 qui
1209 263 1478 316 pericula-um

32 324 123 368 >deo
149 333 372 372 certamen,
414 323 467 362 ab
497 325 588 361 unis
614 322 761 362 vilibus
784 321 1082 374 gladiatoribus
1105 322 1203 360 olim
1222 328 1478 373 usurpatum,

22 391 149 424 'amm
171 384 351 422 dimisere
375 381 554 434 agilitati
572 380 866 430 (temeritatique
882 381 1134 430 Hispanicae
1156 380 1314 431 gentis,
1356 393 1480 431 quam

39 441 141 480 aella
169 441 359 479 hactenus
384 450 544 475 suorum
562 437 719 488 funera
748 435 800 473 ab
829 436 1032 474 hiusmocli
1058 437 1283 487 spectaculo
1308 443 1482 473 avertere

39 504 245 537 ›om-mat.
307 494 478 534 eundem
513 495 579 532 vel
617 495 700 532 fere
735 494 911 531 similem
937 492 1080 530 ludum
1109 495 1286 544 viguisse
1322 506 1481 550 quoque

38 557 240 594 Jremonae
265 551 396 591 mum
421 552 579 589 saeculo
605 553 654 591 16
678 557 811 588 narrat
831 552 926 587 Ant.
952 551 1125 601 Campus
1146 551 1216 587 lib.
1243 554 1269 592 2
1290 547 1480 587 historiae

27 612 131 651 tuin.
152 611 260 650 urbis
280 608 332 647 ad
346 621 495 646 annum
518 607 623 649 1250
642 620 684 659 p.
709 607 764 650 44
784 606 846 644 ed.
868 609 962 644 anni
986 609 1106 656 1575,
1136 608 1206 644 ubi
1220 605 1319 643 haec
1334 607 1483 657 legun-

30 679 112 706 mr:
149 681 228 706 non
255 665 382 704 lacero
411 664 544 716 quello
568 663 637 701 che
656 663 878 716 affermano
901 664 1068 710 alcuni,
1112 663 1141 700 l’
1165 678 1318 701 usanza
1338 663 1387 701 -di
1404 664 1484 715 sar

35 735 154 762 :offer
178 723 215 760 il
241 729 322 760 toro
340 721 440 774 vogn’
468 734 575 758 anno
606 721 673 758 nel
698 722 841 772 giorno
867 721 961 758 dell'
982 721 1235 758 Assunzione
1268 721 1312 758 di
1341 722 1485 757 fflaria

35 781 202 833 Vergine
215 779 338 818 havet·
358 779 508 816 havuto
530 779 681 829 origine
696 780 740 814 in
756 785 888 829 questo
910 785 1056 828 tempo,
1078 791 1155 828 per
1170 779 1358 815 memoria
1377 777 1486 814 della

22 836 250 888 eopmdesoa
270 836 431 874 vittoria
454 835 596 887 (quam
615 836 899 872 Cremonenses
931 835 1148 872 retulerant
1177 833 1227 872 de
1255 836 1487 871 Parmensi-

18 892 118 944 bus)
131 923 142 942 ‚
165 907 242 944 per
257 906 358 930 esser
377 891 498 944 quell'
516 891 692 928 animale
713 893 880 942 insegna
901 891 970 928 de’.
984 892 1261 942 Parmegiani.
1297 890 1317 926 ὲ
1338 891 1488 928 durata

24 949 150 1002 quest'
170 963 347 995 usanza,
376 962 398 985 ο
411 945 489 999 piu
507 955 602 984 tosto
620 946 743 984 abuso
755 976 771 993 ,
801 949 886 985 sino
907 946 982 984 att’
1002 961 1109 984 anno
1131 947 1237 989 ’1575
1251 978 1261 995 ,
1302 948 1370 984 nel
1390 947 1491 999 qual

16 1020 132 1045 anno
158 1006 317 1044 essendo
345 1011 487 1043 venato
502 1005 554 1040 sin
587 1004 779 1041 Cremona
809 1003 926 1041 Cario
957 1004 1174 1040 Borromeo
1207 1005 1424 1041 cardinale
1446 1004 1492 1041 cli

30 1063 162 1101 Senta
182 1062 337 1107 chiesa,
374 1063 619 1098 arcivescovo
637 1060 681 1097 di
697 1060 859 1098 Mlano
881 1075 901 1097 e
920 1062 1103 1098 visitator
1119 1060 1354 1110 Apostolico
1366 1089 1381 1107 ‚
1412 1075 1490 1111 per

29 1119 96 1163 sar
111 1119 155 1156 la
170 1119 288 1157 visita
306 1117 413 1154 detta
431 1117 563 1153 chiesa
592 1117 817 1155 Cremonese
826 1146 842 1163 ,
872 1118 932 1169 fic
945 1131 1022 1167 per
1042 1119 1245 1155 riverenza
1263 1118 1340 1167 (mi
1358 1117 1490 1169 credo)

27 1175 74 1213 di
91 1174 192 1213 tant’
210 1173 354 1211 huomo
374 1173 602 1209 interm-essa
621 1180 658 1209 et
677 1172 847 1210 lasciata
868 1174 936 1210 del
952 1180 1065 1210 tutto.

137 1230 234 1272 577.
297 1230 536 1281 comparatio
561 1228 771 1280 desumpta
794 1237 852 1267 est
872 1231 920 1267 ab
942 1242 1090 1280 organo
1115 1230 1268 1267 musico
1291 1244 1491 1282 pneuma-

18 1288 120 1326 oeioo.
175 1285 423 1325 Blaudianus
448 1286 499 1323 de
529 1286 741 1323 consulatu
764 1287 890 1323 Mall.
932 1286 1079 1324 sl'lzeod.
1104 1289 1271 1329 316-9
1297 1299 1493 1338 organum

17 1345 226 1383 »musicum
246 1342 527 1394 descripserat,
558 1341 630 1380 sed
648 1341 951 1394 hydraulicum:
982 1341 1059 1380 hoc
1081 1350 1216 1380 autem
1238 1342 1286 1380 de
1311 1356 1389 1395 quo
1412 1346 1494 1395 agit

17 1404 147 1453 {poeta
163 1407 319 1448 noster,
349 1406 431 1448 est,
457 1406 505 1436 ut
525 1406 646 1450 patet,
675 1402 996 1450 pneumaticum3
1028 1402 1138 1438 cuius
1158 1402 1239 1437 iam
1258 1403 1496 1437 meminerat

16 1458 75 1497 «S.
109 1458 356 1507 Augustinus
385 1457 428 1493 in
456 1456 606 1492 Enarr.
638 1457 681 1492 in
709 1457 780 1493 Ps.
815 1457 868 1498 56
903 1459 965 1497 16.
1032 1458 1133 1508 Opp.
1165 1464 1194 1494 t.
1223 1455 1250 1496 4
1275 1456 1338 1493 ed.
1366 1459 1493 1494 Par1s.

32 1514 138 1557 1681
162 1513 237 1550 col.
260 1513 414 1564 538g,
452 1514 553 1549 etin
574 1513 646 1549 Ps.
677 1512 756 1553 150
776 1512 803 1554 4
826 1525 867 1550 n.
894 1517 920 1554 7
948 1514 1023 1551 col.
1062 1515 1169 1554 1697
1196 1528 1236 1550 a.
1270 1512 1349 1551 hoc
1377 1516 1499 1550 etiam

31 1582 227 1621 organum
256 1568 443 1607 describit
467 1569 646 1606 Iulianus
676 1568 840 1621 quidam
867 1570 911 1606 in
936 1572 1224 1622 epigrammate
1251 1571 1403 1607 Graeco
1433 1572 1500 1607 in-

0 1666 1 1676 *
31 1633 136 1666 serto
151 1628 194 1663 in
217 1625 469 1676 Anthologia
492 1629 512 1667 1
538 1624 630 1673 164,
661 1624 848 1678 quodque
866 1628 1004 1664 recitat
1023 1629 1087 1663 Du
1108 1628 1240 1678 Gange
1259 1628 1301 1664 in
1331 1627 1501 1664 Glossa-

0 1685 90 1721 rio
112 1682 265 1720 mediae
290 1688 333 1719 et
355 1681 519 1730 infimae
543 1682 780 1719 Latinitatis
807 1683 929 1720 verbo
954 1684 1178 1735 Organum.
1243 1697 1333 1720 cum
1365 1691 1502 1720 autem

34 1739 85 1777 de
105 1739 252 1776 Iuliani
275 1745 402 1776 aetate
419 1752 500 1776 non
520 1746 682 1787 constet,
712 1747 886 1790 praestat
902 1738 980 1778 huc
1001 1741 1146 1777 referre
1166 1739 1405 1789 Cassiodori‚
1429 1739 1499 1791 qui

33 1802 126 1835 ante
150 1796 365 1847 Corippum
382 1797 497 1844 vixit,
527 1794 710 1833 eiusdem
728 1798 983 1834 instrumenti
999 1799 1142 1835 musici
1160 1798 1407 1834 luculentam
1426 1796 1500 1833 de-

34 1853 315 1904 scriptionem,
345 1865 466 1904 quam
485 1853 581 1889 fecit
596 1854 639 1890 in
657 1853 835 1903 Exposit.
858 1854 901 1890 in
923 1855 987 1891 cit.
1011 1855 1083 1891 Ps.
1107 1854 1187 1896 150
1206 1855 1308 1905 Opp.
1329 1861 1359 1891 t.
1385 1856 1412 1895 2
1431 1852 1496 1890 ed.

32 1910 244 1960 Rotomag.
271 1910 378 1951 1679
398 1922 439 1960 p.
463 1910 542 1952 501
566 1915 606 1946 et
627 1921 712 1962 seq.
774 1923 990 1961 organum,
1018 1912 1170 1963 inquit,
1203 1918 1258 1948 est
1276 1911 1395 1962 quasi
1416 1917 1504 1947 tur-

35 1967 91 2004 ris
110 1965 308 2018 quaedam
325 1965 492 2003 dibersis
500 1964 657 2013 fistulis
665 1965 880 2017 fabricata
890 1995 907 2013 ,
950 1967 1094 2019 quibus
1102 1968 1217 2017 flatu
1227 1967 1401 2018 sollium
1426 1980 1504 2004 vox

36 2023 304 2074 copiosissima
324 2022 545 2059 destinatur
552 2037 570 2070 ,·
609 2030 646 2059 et
675 2030 721 2060 ut
747 2037 834 2060 eam
860 2024 1077 2061 modulatio
1106 2024 1248 2061 decora
1275 2030 1506 2074 componat,

36 2079 187 2131 2112qu
215 2077 453 2130 quibusdam
484 2079 627 2130 ligneis
661 2077 714 2116 ab
738 2081 917 2117 interiori
939 2088 1059 2131 parte
1089 2081 1357 2125 construitur,
1400 2093 1502 2131 quas

35 2134 382 2187 disciplinabiliter
398 2137 681 2187 magistrorum
698 2135 816 2188 digiti
829 2138 1084 2187 reprimentes
1100 2136 1392 2188 grandisonam
1409 2134 1502 2187 essi-

37 2193 151 2231 ciunt
168 2198 206 2228 et
221 2193 501 2230 suavissimam
518 2193 773 2230 cantilenam.
836 2191 886 2230 de
909 2193 1050 2231 eodem
1067 2195 1329 2230 instrumento
1347 2194 1503 2230 musico

37 2249 215 2302 loquitur
243 2248 354 2287 idem
385 2256 520 2287 auctor
552 2251 674 2287 etiam
694 2250 795 2288 libro
825 2252 845 2290 1
883 2250 1043 2288 Variar.
1072 2251 1187 2300 epist.
1212 2248 1267 2291 45
1291 2250 1392 2300 Opp.
1418 2256 1448 2286 t.
1478 2253 1500 2290 1

38 2318 80 2358 p.
101 2308 178 2355 21,
219 2313 258 2344 et
286 2306 335 2343 de
362 2305 516 2343 artibus
542 2319 576 2343 c.
607 2306 633 2348 5
666 2306 714 2344 cle
740 2307 893 2343 musica
916 2308 1016 2358 Opp.
1040 2312 1071 2344 t.
1096 2309 1123 2347 2
1143 2319 1185 2357 p.
1214 2307 1296 2348 587
1315 2307 1382 2343 vel
1402 2305 1500 2347 579.

38 2359 134 2400 hino
157 2363 280 2400 miror
296 2363 451 2400 nullam
470 2361 600 2400 adhuc
620 2364 835 2414 specialem
853 2366 1101 2402 mentionem
1116 2364 1265 2401 factam
1282 2361 1331 2399 de
1353 2375 1503 2414 organo

40 2421 292 2470 pneumatice
321 2421 365 2457 in
393 2420 536 2458 lexicis
553 2421 715 2471 linguae
735 2422 916 2458 Latinae.

153 2476 248 2519 587.
307 2478 417 2528 virg.
445 2475 555 2514 Aen.
589 2481 638 2519 11
665 2477 770 2520 658:
802 2478 998 2529 pacisque
1029 2465 1152 2514 bonae
1184 2476 1354 2529 bellique
1382 2475 1506 2513 mini-

41 2535 252 2630 nam-588-
312 2587 421 2640 apud
440 2587 582 2628 Matth.
609 2589 717 2627 enim
740 2592 787 2631 11
810 2591 864 2631 29
894 2591 950 2628 ait
969 2588 1173 2628 Christus:
1215 2590 1354 2627 discite
1377 2601 1403 2624 a
1428 2600 1508 2631 me,

47 2643 147 2694 quia
179 2643 287 2680 mitis
318 2658 407 2683 sum
442 2654 479 2684 et
505 2646 668 2684 humilis
696 2646 835 2694 corde5
885 2659 1007 2699 quam
1040 2648 1282 2685 sententiam
1311 2648 1509 2682 Iuvencus

49 2699 160 2736 Hist.
181 2699 342 2750 Evang.
362 2704 391 2743 2
407 2702 489 2744 568
507 2705 562 2741 sic
578 2702 774 2741 reddidit:
805 2717 978 2755 namque
995 2703 1142 2741 humili
1151 2703 1312 2740 dulcem
1330 2698 1509 2750 largibor

51 2755 166 2794 corde
189 2755 371 2794 salutem.
432 2759 504 2796 Pe.
525 2761 578 2801 33
600 2762 678 2802 19:
707 2759 877 2798 humiles
904 2761 1048 2810 spiritu
1070 2757 1293 2812 (dominus)
1318 2754 1504 2794 salvabit.
