1702 3060
461 71 538 115 DE
570 70 844 116 nummus
876 67 1101 115 ms‘nm.
1239 122 1242 126 ,
1405 65 1506 116 445

48 195 276 235 superesse,
310 180 441 235 quaIIs
460 186 520 219 est
535 181 761 233 plumbeus,
789 179 892 219 nihil
907 187 1125 233 praeterea.
1154 176 1263 218 idem
1277 177 1320 218 in
1333 180 1509 219 Mostell.

56 253 112 279 se.
134 239 200 278 illi
215 239 416 281 Bucidae:
445 244 532 274 tace
551 237 757 290 δίο-[αὔρη
794 240 866 289 qni
887 238 1027 275 cudere
1050 237 1150 275 soles
1162 236 1372 288 plumbeos
1389 251 1511 275 num-

55 310 154 336 mos.
215 302 255 333 et
271 297 314 332 in
336 295 521 333 Trinum.
546 307 601 332 sc.
618 295 715 332 huic
742 307 834 346 ego:
866 296 950 331 eine
971 308 1117 332 aurum
1132 293 1355 332 crederem?
1394 293 1461 332 cui
1474 295 1512 331 εἰ

55 353 199 403 capitis
214 365 277 390 rec
291 351 381 396 siet,
409 363 618 388 nummum
636 365 845 402 nunquam
864 351 1023 388 credam
1038 349 1286 401 plumbeum.
1323 351 1513 390 Dsnrsr.

169 409 266 450 113.
322 409 513 458 utraque]
545 407 632 444 auri
648 408 838 444 nimirum
855 414 894 444 et
909 409 1076 458 argenti.
1134 408 1266 445 Foco.

167 462 222 501 ib.
283 463 490 515 profusam
509 464 650 500 Iustini
681 463 930 500 consulatum
956 464 1129 501 ineuntis
1151 464 1431 500 liberalitatem
1449 469 1514 501 te·-

54 525 182 566 statur
198 517 484 570 Theophanes.
541 519 749 556 consulum
769 533 892 565 more,
919 521 1063 572 inquit,
1095 533 1241 557 munus
1262 520 1371 557 (ledit
1390 519 1515 557 Iusti»-

55 590 152 642 ⁷⁸⁰⁸?
179 575 404 627 multasque
414 577 629 626 pecuniae,
664 574 808 628 quibus
826 577 945 614 etlam
961 589 1070 614 nunc
1083 576 1224 628 plures
1239 576 1374 623 ditati,
1397 589 1516 627 spar-

47 634 106 672 ait
122 633 167 671 ιἰι
179 631 394 684 populum.
452 632 585 670 Foco.

171 688 274 731 114.
291 689 335 726 in
355 687 529 726 secunda
544 695 656 740 parte
673 689 772 726 tomi
792 687 956 727 secundi
974 687 1152 727 thesauri
1176 695 1356 728 veterum
1377 687 1513 740 dipty-

44 737 220 790 chorum
245 757 270 782 a
290 746 410 783 Gorio
434 745 589 782 collecti
609 743 756 783 videsis
775 746 930 784 tabulas
960 749 1011 786 10
1033 753 1071 783 et
1094 747 1166 794 11,
1207 759 1308 799 quae
1328 745 1426 783 duas
1446 758 1514 782 re-

47 807 308 854 praesentant
331 801 500 839 tabellas
518 802 730 851 eburneas,
765 804 936 853 primam
952 803 1206 840 Florentiae·
1194 815 1237 839 ιιι
1255 815 1393 840 museo
1417 803 1513 840 Ric-

53 857 258 906 cardiano,
300 858 467 895 alteram
487 859 648 895 Parisiis
671 860 714 895 in
739 871 877 896 museo
905 860 1013 909 regio
1046 865 1249 897 exstantes
1280 859 1510 910 (manifesto

46 921 190 952 samen
218 915 323 951 inter
351 912 540 966 diptycha
561 927 643 951 non
662 913 1000 962 adnumerandas,
1042 922 1084 952 ut
1103 916 1395 966 sculpturarum
1414 927 1510 966 pro-

0 971 2 980 *
44 971 246 1011 ›minentia
261 976 302 1007 et
321 971 526 1022 utriusque
546 970 693 1008 limbus
711 983 782 1008 seu
799 983 936 1021 margo
955 970 1258 1019 demonstrant),
1279 973 1320 1008 in
1340 983 1509 1022 quarum

42 1039 133 1064 nna
154 1027 362 1064 lustin-iani
378 1027 434 1064 Μ.
449 1055 459 1074 ,
494 1028 538 1063 in
555 1027 679 1063 altera
697 1027 837 1064 Iustini
857 1028 1021 1064 Minoris
1041 1028 1257 1077 imaginem
1278 1039 1510 1078 expressam

47 1095 140 1121 esse
157 1083 299 1121 Gorius
318 1083 490 1121 coniicit.
521 1095 612 1119 cum
632 1089 799 1134 utraque
818 1083 953 1120 tabula
974 1084 1025 1120 sit
1045 1082 1363 1134 anepigraphica‚
1388 1095 1510 1135 quem

50 1141 278 1190 Augustum
308 1145 604 1190 repraesentent
631 1137 809 1176 divinare
834 1152 914 1176 non
945 1140 1092 1187 ausim,
1138 1139 1348 1176 indubium
1373 1146 1510 1176 tamen

46 1209 194 1234 censeo
219 1194 318 1233 duos
346 1202 642 1246 repraesentare
669 1208 722 1232 ex
747 1197 937 1246 Augustis
963 1197 1216 1247 Byzantinis;
1248 1203 1286 1233 et
1306 1197 1511 1247 utriusque

39 1252 224 1303 ..Augusti
241 1252 475 1290 vestimenta
489 1281 499 1300 ,
540 1252 660 1299 sella,
688 1250 873 1300 thronus,
905 1259 943 1289 et
966 1254 1067 1290 sacri
1091 1251 1222 1303 adyti,
1252 1253 1295 1289 in
1316 1265 1395 1304 quo
1414 1253 1514 1289 alter

51 1307 220 1357 sedens,
253 1309 354 1345 alter
369 1309 483 1360 quasi
500 1321 729 1359 processum
745 1308 874 1346 facere
894 1309 1088 1359 iucipiens
1109 1310 1338 1356 consistunt,
1368 1309 1512 1356 forma,

52 1363 208 1419 tholus,
244 1364 358 1412 vela,
399 1365 607 1402 columnae
641 1365 798 1416 aliaque
825 1372 1057 1402 ornamenta
1083 1364 1246 1403 mirifice
1273 1363 1513 1416 respondent

47 1419 161 1463 hisce
179 1421 342 1471 Corippi
360 1422 486 1458 nostri
504 1420 704 1469 versibus,
735 1428 775 1458 et
794 1422 843 1459 iis
865 1434 966 1474 quae
986 1427 1204 1472 exaggerat
1223 1424 1251 1463 2
1275 1422 1370 1462 100.
1429 1427 1467 1458 et
1485 1423 1512 1462 3
1531 1456 1539 1463 ,,

49 1476 134 1518 194
152 1483 192 1514 et
211 1476 309 1518 255.
365 1477 496 1514 Foco.

165 1534 258 1574 116.
315 1531 470 1584 lumen]
502 1533 704 1571 Ammian.
727 1535 777 1574 16
789 1544 802 1571 z
842 1532 1038 1570 insidebat
1056 1546 1176 1570 aureo
1194 1533 1302 1570 solus
1320 1533 1404 1583 ipse
1422 1545 1516 1570 ear-

44 1595 186 1639 pento,
201 1588 388 1640 fulgenti
405 1589 644 1627 clar-iludine
663 1589 848 1640 lapidum
867 1591 1084 1627 variorum.
1144 1603 1263 1641 supra
1280 1592 1305 1631 3
1326 1592 1381 1631 20
1403 1587 1511 1627 vide.

49 1646 239 1684 Dnmsr.

4 1706 18 1727 ³
50 1725 55 1733 ¹
166 1703 262 1744 120.
318 1700 497 1738 imitatur
519 1702 732 1753 Corippus,
772 1709 892 1753 atque
911 1700 1011 1739 adeo
1029 1702 1152 1739 vincit
1169 1714 1354 1754 quoque,
1394 1698 1511 1739 Ovid.

0 1780 7 1786 ‹
50 1757 215 1795 Metam.
232 1760 260 1798 2
281 1761 308 1800 2
328 1756 526 1795 dmentem
531 1759 806 1810 flamma-sque
822 1759 1003 1795 imitante
1016 1771 1185 1808 pyropo.
1245 1759 1376 1795 Foco.

164 1814 259 1854 122.
315 1812 440 1859 hanc,
478 1815 532 1851 ita
552 1821 596 1852 ut
615 1814 666 1851 ad
684 1817 831 1860 sedem,
862 1813 912 1851 de
929 1827 1008 1866 qua
1028 1816 1213 1865 proxime
1234 1815 1427 1865 Corippus
1446 1812 1511 1850 di-

5 1878 15 1899 ·
38 1869 135 1918 xit,
164 1869 377 1918 referatur,
407 1883 478 1920 pro
501 1870 602 1908 haec
627 1873 874 1922 reposuimus
902 1872 943 1908 in
972 1869 1048 1908 hoc
1069 1883 1210 1918 v·ersu
1241 1871 1310 1907 ubi
1331 1871 1508 1908 fortassis

49 1926 195 1964 melius
207 1926 435 1976 procederet
453 1934 492 1964 et
510 1927 553 1964 in
569 1928 741 1965 mediam
753 1927 894 1965 aulam
906 1927 1118 1965 accusandi
1131 1939 1244 1965 casus
1260 1928 1380 1963 etiam
1393 1927 1508 1977 lege-

0 2008 29 2025 .
48 1989 172 2020 retur.
226 1983 350 2021 Rmz.

0 2031 18 2052 ⁵
163 2039 260 2079 123.
315 2044 467 2090 tapetes
491 2039 533 2076 in
556 2052 633 2077 usu
648 2037 818 2077 heroicis
832 2039 1099 2090 temporibus:
1130 2040 1324 2076 Homerus
1342 2038 1508 2088 passim.

5 2083 19 2101 ”
44 2093 194 2132 etiam
214 2106 238 2130 a
256 2096 443 2133 Romanis
464 2097 633 2147 recepti:
673 2097 831 2147 Ulpian-
858 2097 908 2132 lc
937 2096 1007 2134 lib.
1040 2096 1093 2135 12
1122 2093 1167 2131 ff.
1203 2093 1252 2131 de
1282 2095 1395 2131 instr.
1424 2095 1506 2145 leg.

39 2149 268 2200 „voluptatis
290 2151 429 2201 gratia
459 2159 552 2188 sunt
580 2152 805 2201 specularia
832 2158 868 2188 et
892 2151 1012 2188 velm
1056 2153 1194 2188 luveu.
1221 2152 1268 2197 9,
1313 2152 1454 2187 citatus
1484 2163 1508 2188 a

40 2206 253 2245 :San-esber.
274 2208 299 2246 3
327 2207 401 2254 12,
431 2213 470 2243 et
491 2208 584 2245 alii:
625 2207 716 2244 vela
741 2214 879 2259 tegant
907 2209 1049 2253 rimas,
1085 2209 1206 2259 iunge
1223 2206 1338 2243 ostia.
1396 2205 1508 2245 idem

50 2263 102 2304 6:
124 2263 341 2314 pendentia
360 2262 509 2314 linquit
523 2264 614 2301 vela
631 2264 784 2301 domus.
844 2265 1031 2301 Denrsr.

166 2321 260 2362 127.
316 2317 473 2357 videtur
499 2318 575 2357 hoc
603 2320 690 2357 loco
722 2321 915 2371 Corippus
946 2321 1121 2357 imitatus
1148 2319 1356 2356 Lucanum
1378 2319 1449 2356 lib.
1471 2319 1509 2367 1,

51 2374 122 2413 ubi
142 2376 218 2413 ait:
251 2374 369 2412 turba
384 2377 513 2412 minor
531 2377 612 2414 ritu
629 2377 807 2428 sequitur
827 2377 1029 2414 succincta
1053 2375 1224 2413 Gabino.
1286 2377 1356 2428 qui
1377 2382 1511 2412 autem

50 2432 172 2470 fuerit
196 2432 345 2470 cinctus
364 2432 564 2482 Gabinus,
604 2432 777 2471 ostendit
795 2433 989 2471 Servius
978 2445 1020 2470 ιιι
1029 2431 1142 2474 illud
1158 2432 1314 2482 Virgilii
1334 2433 1434 2469 Aen.
1458 2435 1510 2472 7·

0 2524 5 2530 ,
39 2489 136 2538 -zJoee
158 2487 363 2538 Quirinali
386 2481 524 2527 trabea
551 2490 760 2541 cinctuque
785 2488 961 2527 Gahmo:
993 2496 1033 2528 et
1059 2461 1252 2527 1sidorus⁰
1257 2487 1432 2540 Etymol.
1456 2488 1510 2529 19

42 2542 121 2586 24.
177 2545 300 2585 Ruxz.

4 2640 13 2643 v
164 2600 220 2639 ih.
287 2599 479 2639 Gabinos.
519 2614 582 2640 res
599 2608 707 2640 nota.
747 2614 770 2639 a
787 2602 960 2640 Romulo
976 2614 1088 2653 reges
1108 2607 1148 2639 et
1167 2599 1349 2638 consules
1371 2604 1507 2648 togam

3 2655 5 2657 ’
51 2655 275 2708 cingebant,
290 2664 334 2695 ut
349 2658 393 2695 in
409 2658 568 2696 laevum
587 2657 800 2696 humerum
817 2659 985 2696 laciniae
1003 2670 1094 2709 pars
1114 2658 1352 2694 reiiceretur.
1383 2655 1506 2691 Clau-

44 2710 162 2755 dian.
183 2712 235 2753 de
257 2716 284 2757 3
301 2715 453 2754 Honor.
471 2715 646 2756 consum
674 2717 902 2769 cinctusque
926 2715 1085 2753 imitata
1112 2711 1308 2759 Gabinos,
1337 2717 1376 2750 et
1401 2709 1451 2749 de
1477 2709 1504 2752 4
