1702 3060
403 132 464 176 IN
492 129 846 176 IOHANNIDOS
879 129 901 173 Ι
933 128 1138 173 NOTAE.
1404 126 1501 172 221

39 259 65 305 g
94 286 97 290 ,
148 245 246 287 312.
303 241 432 282 adieci
448 243 602 295 frangi
624 240 676 280 ad
702 241 1042 293 complementum
1064 252 1204 278 versus
1223 249 1277 276 ex
1295 235 1437 276 Claud.
1456 236 1506 275 de

36 308 160 362 mpla
179 303 365 352 Proserp.
384 303 406 341 1
427 300 507 343 75:
537 307 574 336 et
577 299 744 351 fractae
762 299 928 336 redeunt
946 299 990 335 in
1011 298 1188 335 claustra
1200 295 1416 347 procellae.

6 411 9 413 .
38 370 72 415 τέ’
149 371 247 411 813.
304 370 414 420 Virg.
449 369 594 418 Georg.
630 368 651 406 1
682 369 788 408 397:
833 367 969 403 tenuia
1000 379 1072 402 nec
1102 365 1220 402 lanae
1244 377 1321 415 per
1350 362 1506 400 caelum

36 418 311 477 &elleraserriss
374 424 482 478 quod
500 424 745 460 Forcellinus
764 423 806 459 in
823 423 970 459 Lexico
989 423 1188 473 explicat:
1217 421 1292 458 hoc
1310 427 1367 458 est
1382 419 1506 458 nubes

35 483 229 523 vellerum
243 484 388 520 instar.
436 482 492 519 sic
508 483 658 518 Lucan.
678 479 705 521 4
730 479 834 521 124:
865 486 902 516 et
916 493 999 530 par
1017 478 1204 516 Phoebus
1226 479 1347 530 aquis
1365 478 1510 515 densas

36 541 82 578 in
101 539 251 578 vellera
267 538 392 577 nubes
407 544 620 589 sparserat.

151 606 247 649 324.
304 612 402 658 puto
430 609 591 657 poetam
620 605 771 641 Martie
797 603 971 642 harenas
993 604 1198 642 meavisse
1219 603 1416 654 Africam
1443 602 1507 639 vel

38 670 200 716 propter
215 663 324 701 bella
342 663 426 699 fere
447 663 632 699 continua
651 662 708 698 ibi
725 660 861 698 habita
882 675 904 699 a
924 662 1130 710 Romanis,
1153 661 1218 698 vel
1237 667 1400 712 propter
1419 660 1511 696 bel-

38 722 208 758 licosum
227 719 423 771 populum
448 719 625 756 Africam
653 719 910 756 incolentem.
969 717 1116 756 idcirco
1140 724 1322 765 narrant,
1362 718 1431 769 qui
1460 715 1511 753 de

39 779 193 828 brigine
214 774 465 826 Carthaginis
486 777 750 827 scripserunt,
782 777 988 812 inventum
1008 776 1131 812 fuisse
1154 781 1272 826 eaput
1294 775 1409 826 equi,
1442 775 1509 825 qui

37 834 155 872 Marti
173 839 232 871 est
250 846 380 880 sacer,
412 833 453 869 in
473 834 557 870 eius
576 831 862 870 fundamentis.
921 831 1031 869 idem
1051 839 1169 884 caput
1189 830 1382 868 exhibent
1404 832 1511 867 auli-

39 892 109 943 qui
136 891 291 927 nulmni
319 890 427 927 illius
456 890 588 937 urbis,
628 902 798 941 quorum
825 891 960 941 plures
988 890 1099 926 aurei
1128 888 1308 940 argentei
1334 894 1373 925 et
1403 888 1510 925 aerei

37 953 197 985 exstant
218 948 340 984 etiam
361 948 402 982 in
419 959 557 983 museo
574 947 612 984 T
616 947 790 983 rix-ultio.

151 1016 247 1056 336.
304 1020 398 1051 nota
431 1013 538 1066 quod
565 1014 754 1064 Virgilius
787 1013 908 1050 octies
934 1013 1073 1064 incipit
1106 1026 1268 1051 versum
1306 1024 1360 1049 ex
1396 1009 1508 1050 hisce

39 1071 203 1109 vocibus
227 1070 344 1108 haud
362 1070 505 1117 aliter,
534 1084 680 1121 nempe
703 1074 808 1107 Aen.
836 1069 862 1110 4
879 1070 983 1120 256,
1014 1071 1041 1112 5
1059 1070 1141 1112 592
1155 1099 1166 1120 ,
1197 1072 1222 1111 9
1243 1069 1328 1111 554
1349 1075 1388 1106 et
1410 1071 1508 1118 797,

39 1130 93 1170 10
115 1129 197 1169 360
217 1134 257 1165 et
275 1128 378 1176 716,
412 1128 462 1167 11
485 1129 590 1176 757,
626 1134 666 1164 et
686 1130 734 1168 12
757 1130 856 1168 723.

148 1196 244 1236 338.
301 1196 498 1233 Iuvencus
516 1196 698 1233 Prooem.
721 1197 799 1237 23:
826 1195 1116 1245 flammivoma
1143 1193 1382 1232 descendens
1405 1193 1511 1231 nube

36 1263 250 1290 commeans
264 1252 397 1290 iudex.

149 1307 205 1346 ib.
265 1307 475 1346 claudian.
495 1307 543 1345 de
560 1314 745 1360 magnete
765 1320 887 1344 carm.
909 1305 962 1349 48
980 1306 1056 1349 52:
1095 1315 1139 1345 lu
1166 1321 1364 1358 magnum
1393 1321 1512 1357 supe-

37 1378 106 1402 ras
145 1364 293 1403 almon.
353 1366 412 1403 ibi
434 1363 612 1417 Pyrrhus
642 1366 836 1416 interpres
866 1365 942 1402 ait:
980 1371 1024 1401 tn
1052 1366 1181 1402 vincis
1203 1365 1518 1415 summumficla

38 1434 140 1459 men.

151 1476 248 1519 348·
304 1477 415 1528 Virg.
441 1476 550 1515 Aen.
587 1479 612 1518 6
644 1481 692 1520 3:
735 1476 945 1514 obvertunt
963 1477 1115 1528 pelago
1141 1486 1302 1528 proras.
1331 1484 1370 1515 et
1389 1480 1416 1519 7
1435 1478 1515 1520 35:

37 1540 241 1586 terraeque
267 1534 470 1572 advertere
499 1548 646 1586 proras
681 1536 853 1586 imperat
867 1562 883 1580 ‚
926 1541 964 1571 et
1000 1534 1130 1572 laetus
1158 1535 1297 1585 fluvio
1336 1535 1515 1572 ‚succedit

36 1604 175 1641 opaco.

150 1645 248 1690 349.
305 1646 415 1699 Virg.
436 1645 546 1685 Aen.
570 1645 595 1688 5
615 1644 694 1689 34:
734 1655 773 1684 et
797 1647 960 1686 tandem
987 1647 1086 1685 laeti
1110 1654 1228 1685 notae
1246 1646 1512 1686 advertuntur

37 1715 194 1743 arenae.

86 1800 90 1803 ,
149 1759 247 1802 350.
303 1773 343 1799 v.
365 1762 533 1813 Procop.
554 1760 603 1798 de
622 1758 723 1798 bello
746 1761 882 1800 Vand.
905 1765 931 1804 2
948 1762 1018 1803 28.

152 1827 249 1868 352.
306 1827 474 1866 fortasse
495 1828 778 1880 compendium
799 1817 826 1865 ἶ
841 1829 918 1866 fuit
937 1830 1128 1881 scriptum
1150 1842 1223 1880 pro
1244 1829 1442 1868 consimili
1467 1845 1504 1867 e.

38 1879 142 1921 illud
168 1890 303 1920 autem
331 1891 566 1936 usurpatum
594 1899 752 1936 semper
772 1886 848 1923 fuit
868 1899 940 1937 pro
960 1894 1038 1932 est,
1076 1885 1185 1923 istud
1206 1900 1300 1924 vero
1320 1901 1391 1938 pro
1414 1901 1505 1924 con.

38 1940 147 1990 Virg-
173 1941 320 1992 Geotg.
355 1942 378 1981 1
399 1944 503 1982 360:
545 1943 628 1979 iam
654 1942 733 1980 sibi
762 1950 848 1979 tum
874 1944 1008 1979 curvis
1037 1943 1144 1980 male
1172 1950 1366 1994 temperat
1393 1944 1508 1981 unda

38 1997 199 2034 earinis.
259 1998 368 2034 Aen.
393 2000 419 2039 2
439 2000 518 2038 232
553 2006 589 2035 et
607 2001 725 2037 statio
745 1999 937 2048 malefida
960 2001 1123 2038 carinis.
1165 2007 1204 2038 et
1222 2003 1326 2043 179:
1355 2007 1393 2038 et
1413 2015 1506 2038 our-

37 2053 100 2103 υἷε
115 2066 248 2090 secum
264 2054 455 2091 advexere
475 2056 638 2094 carinis.

148 2111 245 2151 353.
301 2110 411 2149 vada
429 2111 538 2149 salsa
556 2114 665 2164 Virg.
682 2113 791 2150 Aen.
814 2111 839 2154 5
862 2113 958 2154 158.

150 2168 248 2208 367.
304 2169 544 2206 Belisarium
559 2170 737 2207 Africam
754 2170 955 2221 appulisse
974 2181 1048 2206 nos
1068 2166 1182 2206 docet
1199 2170 1350 2207 Paulus
1371 2167 1508 2208 diaco-

39 2234 114 2261 nus
130 2221 232 2260 libro
258 2223 310 2264 18
331 2224 586 2275 superaddito
606 2228 815 2264 Historiae
836 2227 1040 2276 EutropiI,
1083 2227 1152 2263 ubi
1179 2228 1233 2263 ait
1262 2226 1370 2279 quod
1389 2229 1511 2266 Iusti-

39 2280 181 2317 niauus
209 2293 281 2330 per
302 2282 542 2319 Belisarium
572 2283 852 2321 Vanclalorum
876 2290 1064 2333 gentem,
1107 2290 1224 2333 capto
1254 2297 1389 2321 eorum
1419 2299 1512 2336 rege

47 2335 262 2382 Gilimere‚
308 2352 434 2389 usque
456 2339 515 2376 ad
540 2341 843 2377 internecionem
869 2339 1016 2376 delevit
1029 2367 1043 2384 ,
1086 2341 1360 2391 Africamque
1386 2349 1511 2379 totam

34 2399 128 2442 post
141 2406 268 2430 armos
288 2395 342 2436 96
364 2396 527 2445 imperio
547 2397 734 2434 Romano
752 2397 936 2433 restituit.
971 2395 1043 2433 sed
1066 2410 1128 2434 res
1151 2399 1354 2448 praeclare
1375 2406 1510 2449 gestas

41 2450 154 2486 annis
179 2451 258 2490 533
279 2457 318 2487 et
338 2451 391 2492 34
412 2466 435 2489 a
455 2454 649 2491 Belisario
677 2454 804 2491 fusius
824 2452 1033 2504 descripsit
1053 2455 1269 2505 Procopius
1300 2455 1390 2507 (qui
1418 2469 1511 2492 eum

41 2511 199 2543 secutus
225 2505 353 2545 fuerat
383 2510 424 2546 iu
455 2511 525 2547 illa
544 2509 802 2562 expeditione
816 2539 826 2558 ‚
859 2517 996 2562 utpote
1020 2511 1129 2549 illius
1149 2525 1172 2549 a
1194 2511 1376 2564 secretis)
1397 2513 1510 2550 libris

42 2559 195 2599 duobus
214 2562 264 2599 de
283 2562 383 2602 hello
410 2567 635 2605 Vandalico
651 2568 866 2618 inscriptis.
1109 2608 1112 2610 ,

154 2620 249 2659 369.
310 2621 442 2673 Caput
475 2624 695 2664 Vadomm.
757 2624 952 2677 Procopio
985 2624 1035 2663 de
1063 2624 1166 2663 bello
1203 2625 1337 2664 Vand.
1377 2627 1401 2666 1
1439 2623 1510 2666 14.

39 2671 313 2724 ιΟαΡιιᾱιιαᾱα.

27 2752 29 2754 ·
154 2733 251 2772 373.
306 2747 454 2772 ancora
475 2750 608 2776 morsu
628 2738 738 2790 Virg.
763 2738 873 2778 Aen.
899 2740 923 2780 1
952 2740 1047 2780 173.

155 2787 252 2828 381.
308 2790 542 2844 Procopius,
579 2797 649 2848 qui
670 2794 790 2834 huius
814 2797 1005 2848 postremi
1023 2795 1129 2848 regis
1149 2794 1420 2835 vandalorum
1437 2792 1504 2833 hi-
