1702 3060
246 131 339 178 100
709 133 713 135 ’
790 131 797 136 “
847 129 1065 174 CORJPPI

378 240 553 291 protinus
573 239 763 277 inflexum
783 244 917 275 curvat
934 238 1167 276 fortissimus
1186 250 1330 288 arcum,

378 318 618 356 excussaque
639 305 729 341 ferit
747 304 889 342 fortem
907 306 1078 354 Maggite
1099 307 1253 356 sagitta.

271 371 351 414 975
380 372 547 409 volvitur
565 371 632 406 ille
651 368 813 407 cadens:
843 383 975 407 cursus
995 373 1163 408 servavit
1185 370 1332 408 arundo

378 437 492 487 pulsa
513 449 623 484 suos,
652 438 758 474 saevi
777 437 930 487 fugiens
947 450 1018 487 per
1033 439 1200 488 timpora
1217 438 1386 475 Cambri.

379 502 567 540 cambrus
583 509 627 540 ut
644 503 785 540 infelix
797 532 807 551 ,
837 503 964 540 alieno
979 504 1138 540 vulnere
1157 511 1301 555 raptus5

381 571 523 606 corruit
537 570 578 605 in
597 570 783 618 frontem,
813 571 1047 619 armigerum
1066 572 1252 622 Barsippa
1268 570 1405 621 petivit

380 641 574 688 protectus
595 636 740 686 clipeo,
770 642 809 672 et
824 637 963 672 librata
983 638 1153 675 concitus
1168 636 1279 675 hasta

270 703 351 744 980
379 703 585 740 subsiliens
596 731 606 749 ‚
636 701 729 738 dum
746 701 846 739 ludit
859 715 1045 752 magnum
1062 704 1229 740 umbone
1245 716 1315 754 per
1331 701 1497 751 hostem,

379 770 627 819 pinnigerum
644 769 831 818 Barsippa
852 769 950 805 levis
972 782 1042 819 per
1063 771 1208 807 viscera
1228 771 1374 807 ferrum

377 836 559 885 suscipit,
590 840 628 871 et
648 846 791 883 magno
813 832 863 869 ad
879 840 1022 870 terram
1043 847 1130 871 cum
1150 835 1321 886 pondere
1345 837 1472 874 fluxit.

379 902 633 953 praecipitem
649 901 802 938 Vulmir
821 901 1020 947 zisacum,
1049 914 1119 951 per
1136 901 1241 938 bella
1261 908 1450 950 ruentem,

383 968 649 1018 consequitur,
678 967 874 1016 missaque
891 966 1020 1003 infixit
1039 969 1254 1004 comminus
1270 965 1395 1004 hasta.

271 1032 352 1075 985
379 1033 471 1071 hinc
485 1035 642 1082 nigrum
659 1033 897 1069 Manonasen
919 1034 1019 1082 agit,
1054 1034 1264 1084 sternitque
1283 1040 1486 1072 cruentum

382 1113 474 1137 ense
491 1101 632 1137 virum.
689 1106 798 1149 rapto
820 1100 983 1136 moritur
999 1100 1164 1137 Vascina
1182 1100 1340 1137 lacerto.

379 1166 568 1204 Bulmizis
587 1178 770 1202 mucrone
789 1165 903 1201 ferox
922 1165 1110 1216 sortisque
1129 1166 1306 1203 Tamazu

379 1233 583 1281 sternitur,
613 1238 651 1270 et
670 1230 765 1268 duro
788 1231 950 1268 confisus
970 1232 1159 1268 Martzara
1181 1231 1276 1281 pilo.

385 1299 456 1335 Ast
476 1300 559 1336 Tor
578 1298 714 1335 acerba
731 1299 885 1345 furens,
915 1310 1120 1348 germanus
1141 1298 1360 1347 comprimit
1380 1300 1520 1349 Amen,

270 1364 352 1404 990
379 1371 418 1401 at
437 1365 565 1402 Salius
583 1363 786 1411 Meniden,
815 1364 1043 1415 Mestanque
1059 1365 1100 1400 in
1117 1376 1212 1413 rupe
1229 1362 1434 1403 Iohannes.

382 1430 535 1468 Tanala
555 1438 698 1468 mactat
713 1433 816 1478 Iten,
841 1430 978 1467 Vitalis
998 1428 1184 1466 arundine
1201 1430 1339 1479 Tizen‚

382 1496 613 1549 Fisculaque
631 1498 829 1547 ingentem
847 1495 986 1533 deiecit
1000 1496 1158 1533 vanere
1175 1497 1349 1535 Frecten.

436 1565 521 1600 Iam
541 1565 668 1614 gravis
686 1563 914 1600 incumbens
931 1565 1084 1600 Mavors
1101 1563 1300 1613 compulsa
1317 1564 1461 1603 timore

382 1632 537 1680 agmina
559 1631 720 1681 cogebat
737 1629 824 1667 fidis
844 1628 1048 1667 succedere
1067 1630 1222 1677 castris3

272 1693 354 1736 995
381 1698 494 1734 miles
515 1704 552 1734 et
572 1700 613 1735 in
631 1696 770 1734 mediis
786 1699 941 1734 Mauros
956 1703 1132 1733 truncare
1148 1695 1307 1732 camelis

381 1770 573 1814 coeperat,
605 1763 854 1815 obsessasque
872 1764 999 1814 gravis
1021 1761 1238 1813 dirumpere
1257 1763 1395 1802 fossas.

381 1827 447 1866 hic
466 1843 557 1867 vero
578 1831 727 1880 ingenti
747 1831 984 1866 concurritur
1001 1827 1172 1880 undique
1194 1841 1345 1879 pugna3

381 1896 623 1948 Romanique
643 1896 760 1933 simul
778 1895 896 1932 fortes
912 1896 1114 1946 Maurique
1134 1895 1298 1932 rebelles

381 1962 607 2015 pacIficique
625 1968 754 1999 ruunt.
808 1961 927 1999 frater
942 1974 1016 1997 nec
1033 1962 1207 2011 cognitus
1224 1962 1298 1998 ulli

250 2027 354 2068 1000
380 2029 539 2078 pulvere
558 2035 755 2065 concretus
767 2057 777 2075 ,
808 2040 938 2064 carum
956 2040 1029 2064 nec
1050 2035 1164 2065 notus
1182 2028 1350 2064 amicum

381 2107 537 2132 cernere
555 2102 647 2132 tunc
665 2095 790 2145 potuit
801 2123 811 2142 ‚
844 2095 1016 2130 civemve
1037 2106 1243 2143 agnoscere
1259 2095 1366 2132 civis.

383 2164 618 2198 miscuerant
640 2163 742 2198 acies
762 2160 870 2198 nullo
894 2159 1113 2197 discrimine
1133 2167 1278 2198 turmas

382 2228 505 2264 Marte
524 2229 651 2278 gravi,
680 2225 884 2278 densisque
901 2228 1099 2263 incurrunt
1118 2228 1272 2276 agmina
1292 2227 1394 2264 telis.

382 2294 452 2330 vix
474 2295 565 2331 sinit
583 2293 747 2330 obnixas
770 2294 928 2330 confuso
947 2295 1067 2330 Marte
1089 2300 1258 2330 catervas

249 2358 355 2400 1005
382 2360 494 2396 turba
511 2373 665 2397 movere
684 2372 844 2397 manus:
879 2360 1126 2409 confringunt
1145 2366 1297 2411 pectore
1315 2367 1450 2410 pectus

385 2433 424 2463 et
443 2427 577 2477 clipeis
596 2427 759 2477 clipeos,
790 2433 829 2464 et
842 2428 948 2464 conis
964 2429 1141 2478 proxima
1159 2433 1341 2477 quassant

383 2494 498 2529 fortia
521 2493 619 2530 colla
638 2495 778 2530 virum.
833 2495 913 2530 iam
930 2495 1082 2530 nescius
1100 2494 1239 2542 accipit
1254 2491 1376 2530 hostis

384 2571 498 2597 saeva
517 2573 586 2610 per
602 2560 770 2596 occultos
791 2560 989 2597 confossus
1009 2560 1168 2596 vulnera
1191 2559 1346 2596 cultros.

249 2657 315 2690 977
338 2655 415 2690 felix
443 2657 474 2690 '1'
601 2657 668 2691 997
689 2657 790 2699 vero]
822 2667 885 2688 non
917 2657 963 2696 T,
998 2660 1105 2689 tamen
1131 2655 1169 2688 M
1302 2657 1385 2692 1001
1408 2667 1609 2702 cognoscere
1635 2659 1667 2693 Τ

249 2701 338 2735 1003
359 2701 487 2746 agmine
500 2702 592 2747 apud
607 2701 647 2736 M
780 2702 864 2736 1008
886 2702 1044 2736 confoxus
1061 2701 1196 2735 uulnere
1213 2701 1252 2737 T.

1663 143 1666 147 -
1642 0 1675 107 affl
