1702 3060
454 83 805 128 IOHANNIDOS
839 83 945 127 LIB.
978 83 1076 127 VII.
1402 83 1492 127 151

152 203 257 236 sorte
282 195 412 245 dedit,
441 198 575 235 Latias
594 196 702 234 bello
721 209 907 248 superare
927 189 1148 234 catervas?

201 259 407 302 “Crastina
428 265 530 302 festa
552 263 637 303 dies
657 265 803 316 populo
819 263 1045 316 peragenda
1063 263 1206 303 Latino
1227 258 1328 312 est,'’

39 317 123 376 255
151 333 300 383 excipit
319 333 526 371 Autiliten.
577 327 804 370 “Romanus
824 332 975 383 proelia
993 332 1110 369 miles

152 401 263 437 nulla
282 407 400 451 pavet
419 401 555 438 solitus
571 402 704 437 sacris.
762 407 857 437 tuno
878 413 986 437 arma
1002 412 1165 436 movere

151 474 286 505 nostra
303 468 410 505 iube.
467 469 687 519 incomptos
706 467 835 505 subito
855 480 1085 518 rumpamus
1105 469 1146 503 in
1167 465 1315 516 hostes,

154 534 250 572 dum
267 535 400 574 medio
418 537 518 573 calet
536 534 634 573 hora
657 535 741 584 die,
773 534 871 572 dum
888 542 1026 572 cuncta
1044 535 1117 572 sub
1137 535 1288 573 umbris

152 617 315 655 oorpora
337 604 442 641 fessa
461 606 611 652 iacent,
645 605 768 641 nimio
791 605 936 642 lassata
957 604 1099 640 calore.

38 671 122 712 260
149 679 350 722 praeterea
371 674 551 723 geminas
569 679 725 709 tantum
742 671 964 709 rescindere
981 672 1108 710 fossas

153 746 214 776 est
233 741 387 778 virtutis
407 754 521 792 opus.
580 739 668 778 duri
687 743 859 792 primum
879 743 964 792 ipsa
983 738 1171 778 Iohannis

152 814 278 845 castra
299 811 417 857 time,
449 808 669 861 densasque
689 810 810 846 simul
827 810 1027 860 fortesque
1046 807 1227 846 cohortes

150 875 398 929 audacesque
422 875 541 914 duces
566 877 739 915 collectis
759 877 862 928 elige
879 878 1027 928 signisr,

154 949 193 980 et
214 945 348 982 Latias
366 946 424 982 sic
441 959 559 996 posce
577 959 733 990 manus.
791 946 848 982 ibi
870 946 1062 995 sanguine
1080 944 1209 981 multo

39 1010 120 1050 265
151 1011 383 1051 certandum
401 1020 474 1051 est.
531 1015 704 1065 reliquas
727 1013 830 1050 acies
844 1042 854 1061 ,
886 1025 964 1065 qua
985 1019 1109 1049 castra
1129 1011 1327 1050 nefandus

152 1079 298 1118 Cusina
323 1080 460 1118 ductor
482 1079 626 1130 habet,
658 1079 875 1118 condensas
895 1082 1098 1118 Guarsana
1118 1079 1249 1117 ducat.

149 1143 216 1183 hic
235 1160 390 1200 quoque
411 1155 515 1185 certa
533 1162 677 1187 manus
692 1150 863 1186 Romani
878 1150 1017 1186 militis
1036 1147 1162 1186 ardet.

991 1225 1130 1269 gentes

149 1281 330 1321 Romana
349 1298 420 1336 pro
439 1292 550 1337 parte
566 1299 732 1336 parans,
765 1285 861 1323 dum
881 1285 1036 1338 plaudit
1054 1285 1250 1324 honorum

39 1347 122 1389 270
149 1351 308 1390 inflatus
327 1354 474 1402 titulis,
506 1352 602 1390 dum
622 1352 765 1390 dicitur
782 1368 868 1391 esse
889 1355 1092 1405 magister,

151 1221 211 1252 est
231 1217 351 1264 etiam
372 1215 457 1254 dux
473 1217 559 1268 ipse
580 1217 717 1266 ferox,
746 1216 973 1269 disperdere

154 1417 249 1458 dum
268 1423 585 1472 consanguineus
604 1423 761 1472 genitus
780 1421 828 1459 de
847 1430 974 1460 matre
995 1425 1153 1460 Latina.

151 1484 227 1524 hac
246 1489 321 1526 sibi
341 1488 462 1526 laude
483 1491 645 1541 placens
665 1490 777 1528 fortis
795 1490 975 1544 fidusque
994 1491 1123 1529 videri

150 1556 238 1592 vult
256 1558 441 1595 inimicus
461 1564 590 1595 atrox.
650 1560 748 1597 alios
769 1573 844 1597 nec
863 1562 1041 1598 nominet
1062 1558 1196 1596 hostes

150 1621 214 1662 his
235 1627 347 1663 victis
366 1628 588 1664 Nasamon:
619 1628 748 1664 cmmti
772 1634 839 1664 tua
862 1635 984 1665 castra
1008 1634 1238 1680 sequentur.

38 1690 121 1733 275
151 1694 208 1729 sic
229 1692 386 1731 dabitur
402 1697 544 1733 nostris
565 1696 677 1733 fortis
695 1697 856 1733 victoria
878 1691 1050 1747 signis.'’

152 1762 315 1798 oonsilio
334 1775 534 1800 assensere
551 1765 647 1813 viri,
676 1771 892 1817 gentesque
911 1762 1110 1801 nefandae

149 1829 388 1868 infremuere
405 1833 550 1869 animis
561 1861 571 1880 ,
602 1838 825 1884 acuuntque
842 1834 883 1869 in
901 1834 1051 1885 proelia
1066 1838 1235 1869 mentes.

207 1897 392 1936 Condidit
410 1898 517 1937 unda
537 1898 642 1937 diem
663 1901 841 1938 Oceano:
872 1915 954 1939 nox
973 1909 1056 1939 atra
1082 1907 1215 1938 secuta
1238 1907 1309 1937 est.

149 1972 244 2004 tunc
262 1966 448 2005 Phoebus
472 1967 666 2005 disiunxit
689 1982 830 2022 equos,
861 1976 957 2006 tunc
973 1968 1143 2021 Cynthia
1165 1971 1311 2019 iunxit,

40 2035 122 2077 280
151 2034 246 2072 dum
266 2043 429 2073 renovat
445 2044 599 2074 nostras
619 2038 736 2075 vires.
795 2036 894 2075 haec
913 2040 1037 2088 surgit
1061 2039 1108 2074 ab
1132 2038 1263 2087 undis,

150 2105 342 2154 mergitur
361 2105 459 2141 alter
475 2106 602 2157 aquis.
660 2104 861 2157 placidam
879 2121 950 2158 per
970 2107 1149 2144 membra
1169 2111 1343 2159 quietem

151 2173 292 2222 accipit
308 2185 426 2209 omne
444 2185 592 2223 genus3
626 2172 811 2226 dulcique
831 2176 1023 2226 impressa
1045 2188 1186 2226 sopore

150 2246 280 2276 cetera
302 2254 376 2291 per
394 2254 553 2292 campos
573 2242 689 2279 fessis
712 2243 899 2279 animalia
922 2244 1112 2281 membris

152 2320 313 2346 somnus
336 2307 508 2346 habebat
530 2310 659 2358 iners,
693 2310 866 2360 pecudes
891 2314 1101 2364 variasque
1124 2313 1304 2352 volucres

40 2373 122 2416 285
149 2373 436 2429 horribilesque
457 2377 562 2415 feras
583 2376 817 2430 gelidosque
837 2380 878 2416 in
897 2381 1013 2417 litore
1033 2382 1175 2432 pisces,

153 2457 244 2480 cum
262 2446 361 2495 vigil
382 2447 629 2494 insomnem,
661 2447 832 2498 flagrans
854 2449 936 2486 iam
955 2451 1104 2498 Marte,
1135 2448 1334 2489 Iohamles

153 2509 319 2550 ducebat
338 2521 519 2562 noctem,
551 2521 745 2567 cautoque
766 2517 808 2552 in
824 2523 982 2567 pectore
1002 2518 1141 2558 sollers

156 2579 338 2619 volvebat
359 2594 548 2632 magnas,
581 2581 812 2636 dispensans
836 2583 999 2636 ordine,
1031 2600 1158 2625 curas.

43 2676 112 2712 256
134 2676 266 2713 solitis?
409 2680 476 2716 259
498 2681 637 2716 laxata?
783 2683 850 2719 265
875 2695 942 2729 quo
966 2686 1062 2732 apud
1085 2687 1127 2721 M
1273 2686 1340 2720 269
1366 2684 1507 2730 plaudet

44 2723 140 2768 apud
156 2724 196 2758 Μ
331 2725 400 2760 280
421 2734 540 2771 surget
556 2729 598 2764 Τ.
1265 2762 1267 2766 ⁴

0 3001 22 3060 a&
0 2964 10 2983 ’-
