1702 3060
301 97 395 144 378
715 98 900 142 NOTAE
931 60 997 142 [Ν
1022 99 1236 144 menu
1266 102 1307 146 11

302 210 443 247 minem
461 215 570 246 natur
572 219 626 243 ae
632 205 795 257 foedere
813 208 936 244 iussit.
998 214 1036 246 et
1059 221 1177 257 mox,
1207 217 1324 262 atque
1341 220 1545 278 regantur?
1571 215 1661 266 lego

302 265 511 314 djst'mguo,
541 269 658 313 utque
677 269 877 312 regantur.
910 264 1034 300 ΒΗΤ.
1068 265 1247 315 supplevi
1257 267 1392 316 posuit
1409 267 1536 306 deus
1519 283 1599 320 lpse
1608 271 1671 321 fig

300 334 384 365 ras,
413 318 653 369 Corippum‘
641 331 772 368 lpsum
791 319 948 356 imitans
965 319 1007 356 in
1023 321 1171 371 Paneg.
1195 333 1234 359 v.
1254 322 1323 364 16
1348 321 1440 360 vide
1458 324 1603 362 etiam·
1591 338 1635 362 m
1651 325 1670 363 l:

299 375 398 411 libro
419 388 458 411 v.
480 377 533 415 20
556 380 594 410 et
614 372 707 414 154
764 374 893 412 Foco.

411 430 504 470 187.
559 429 830 467 Ptolemaeus:
873 425 972 481 ἀρχὴ
1013 426 1176 471 πάντων
1213 432 1293 471 τῶν
1319 429 1363 471 ἔν
1388 429 1488 484 ημῖν
1516 433 1668 486 μηρίων

298 481 465 535 κεφαλή.
522 485 656 535 capitis
688 492 820 522 autem
844 483 961 522 huius
988 487 1147 523 nomine
1177 499 1219 524 se
1246 488 1378 537 ipsum
1396 495 1527 526 censet
1543 490 1673 527 Iustim

300 540 522 590 Sapientiae
550 547 588 576 et
605 541 837 590 Vigilantiae
867 541 1091 579 nominibus
1121 555 1218 579 mox
1244 543 1452 592 coniugem
1485 550 1523 580 et
1547 551 1668 583 matre

299 608 466 646 quarum
482 595 671 633 vocabula
692 596 925 633 artificiose·
914 610 956 633 111
971 598 1076 647 ipsas
1095 599 1261 635 rationes
1281 599 1444 647 intexit,
1479 605 1524 636 ut
1541 612 1622 636 non
1643 599 1673 637 f(

297 657 390 687 tuna
408 650 478 688 sed
494 652 633 688 merito
651 649 856 688 videantur
875 650 1071 702 adeptae
1055 654 1282 703 nuperium.
1338 654 1500 691 Bau-1³11.
1697 645 1702 662 ³

408 707 500 745 188.
556 707 738 742 lacunam
771 707 950 770 supplevi
994 721 1047 744 ex
1082 710 1302 746 coniectura
1339 707 1608 758 Rittershusii;
1653 722 1676 746 n
1695 722 1702 749 ε

297 760 519 811 displiceret
539 761 715 799 sufficere
724 761 829 812 ficit
842 775 912 812 pro
931 762 1055 799 iussit.
1113 764 1242 801 Foss-

409 818 503 857 189.
561 818 616 854 sic
635 818 679 853 in
695 819 883 867 impresso
903 817 1002 854 libro
1021 818 1179 866 lectum,
1200 825 1318 868 atque
1333 825 1536 869 regantur,-
1555 819 1596 855 in
1618 831 1676 855 ma
1695 834 1702 853 ἢ

295 873 386 923 gine
405 879 538 908 tamen
557 879 735 909 notatum
755 874 857 921 ipsa.
918 885 1036 923 quare
1059 886 1196 911 censeo
1216 875 1272 910 sic
1291 873 1504 923 legendum
1520 875 1675 923 inter-pu
1691 906 1702 911 ,

293 927 566 979 gendumque:
613 926 791 963 omnibus
823 934 868 962 ut
889 927 1070 963 membris
1098 935 1220 978 caput
1245 929 1422 978 imperet,
1463 930 1551 978 szsa
1579 942 1676 979 regen
1699 950 1702 969 2

295 985 504 1019 coniuncta
531 988 587 1018 est
610 983 732 1032 capiti
759 983 967 1030 sapientia.
1010 984 1195 1020 Dmvn’s'r.
1261 982 1394 1020 audax
1419 984 1626 1033 Assagrius
1653 997 1677 1034 p
1698 998 1702 1019 ι

294 1045 412 1088 atque
437 1038 549 1075 nobis
578 1038 807 1074 coniectavit
830 1038 931 1086 ipsa.
992 1044 1031 1073 at
1055 1037 1155 1074 mihi
1181 1037 1346 1075 dubium
1366 1051 1448 1075 non
1475 1045 1533 1076 est
1552 1039 1673 1076 scribe
1695 1057 1702 1071 a

294 1092 390 1130 dum
408 1101 543 1144 utque,
568 1105 687 1142 quam
705 1093 913 1128 lectionem
936 1094 1174 1142 excogitavit
1193 1094 1289 1130 olim
1309 1095 1456 1131 amicus
1475 1101 1608 1131 noster
1622 1106 1677 1144 op*
1700 1091 1702 1093 ’

292 1162 380 1186 mus
402 1156 440 1186 et
461 1146 746 1185 eruditissimus
763 1148 825 1183 vir
843 1146 1106 1185 Gothofredus
1121 1151 1447 1199 Iungermannus.
1474 1150 1637 1186 BAn‘rn.

404 1205 497 1244 190.
555 1204 706 1253 arcem]
748 1201 983 1253 quibusdam
1008 1204 1155 1254 placuit
1176 1211 1291 1254 caput
1318 1203 1548 1254 dignitatem
1565 1203 1678 1242 haben

292 1260 355 1295 cui
373 1259 449 1294 alia
468 1259 645 1295 membra
664 1270 802 1308 parere
821 1257 1002 1295 debeant.
1058 1259 1170 1295 Plato
1194 1260 1237 1295 in
1258 1259 1438 1297 Timaeo.
1495 1259 1544 1296 ob
1566 1258 1610 1296 id
1628 1260 1673 1295 ill

291 1321 389 1352 stres
411 1313 572 1365 quidam
590 1311 818 1363 philosophi
838 1315 991 1349 animae
1010 1313 1146 1350 sedem
1161 1315 1203 1350 in
1220 1315 1289 1351 illo
1310 1320 1545 1364 posuerunt,
1582 1315 1678 1351 Hier
1699 1334 1702 1335 ν

287 1368 435 1420 philus,
466 1370 636 1416 Straton,
668 1369 748 1416 alii,
769 1368 960 1405 referente
978 1367 1203 1417 Plutarcho,
1231 1375 1276 1406 ut
1293 1368 1400 1420 quod
1416 1370 1459 1406 in
1473 1369 1633 1407 urbibus
1653 1382 1674 1406 a

287 1426 463 1471 munita,
507 1423 551 1460 id
579 1426 621 1460 in
649 1422 823 1461 humano
851 1437 1010 1474 corpore
1035 1426 1188 1472 anima,
1231 1423 1337 1461 unde
1363 1425 1407 1461 in
1434 1436 1569 1462 omnes
1595 1428 1702 1475 part<¹

287 1480 471 1530 genitalis
502 1481 614 1529 vigor
647 1486 775 1516 exeat.
846 1478 1051 1516 claudian.
1084 1479 1132 1516 de
1161 1478 1188 1518 4
1214 1481 1318 1516 Hon.
1354 1479 1578 1516 consulatu:
1619 1479 1681 1516 has

289 1536 498 1587 (mentem)
517 1548 672 1571 summa
692 1534 1038 1584 capitissundavit
1053 1535 1096 1571 in
1117 1547 1224 1580 arce,
1261 1535 1544 1572 mandatricem
1565 1547 1681 1585 opera

281 1597 652 1640 prospecturamque
669 1590 809 1627 labori.
869 1591 1055 1627 DEMPST.

398 1645 452 1682 ib.
514 1647 684 1695 corporis
703 1646 852 1695 arcem]
884 1646 939 1682 sic
957 1647 1002 1691 Q.
1019 1646 1188 1683 Serenus
1209 1644 1504 1683 Sammonicus:
1527 1646 1683 1695 princip

288 1702 391 1738 celsa
411 1701 458 1737 de
474 1702 645 1751 eorporis
666 1714 756 1738 arce
773 1701 996 1750 loquamur.
1058 1707 1095 1737 et
1111 1701 1318 1737 Manilius:
1358 1703 1462 1737 stetit
1478 1714 1581 1737 unus
1596 1701 1639 1737 in
1654 1714 1682 1737 a,

289 1771 371 1793 cem
394 1764 539 1793 erectus
557 1757 710 1806 capitis.
771 1755 861 1792 vide
878 1763 992 1793 notas
1007 1769 1116 1793 meas
1134 1755 1185 1792 ad
1199 1756 1404 1794 Serenum.
1461 1754 1683 1806 pulcherrin

289 1819 422 1848 autem
447 1812 638 1847 fabricam
666 1812 835 1860 corporis
859 1810 1023 1847 humani
1044 1809 1312 1848 accommodat
1335 1810 1386 1847 ad
1403 1811 1639 1861 reipublicae
1661 1823 1681 1848 a

289 1881 363 1918 que
385 1867 542 1918 imperii
565 1865 742 1902 ordinem
763 1871 800 1901 et
820 1866 1163 1915 gubernationem,
1201 1868 1375 1903 imitatus
1398 1878 1563 1917 magnos
1587 1873 1683 1903 auct«

288 1936 364 1960 res.
420 1929 513 1959 nota
531 1922 618 1958 loca
634 1922 736 1958 Livii
757 1927 795 1957 et
818 1922 982 1971 apostoli
999 1922 1141 1958 Paulli.
1198 1922 1322 1958 Rrr'r.

400 1979 494 2017 191.
551 1977 738 2027 retinens]
768 1983 906 2013 tenens
922 1975 1214 2026 exponendum.
1271 1983 1314 2013 ut
1331 1975 1436 2026 apud
1456 1976 1652 2014 Catullum
1672 1992 1683 2013 (

285 2035 484 2070 Minerva:
524 2032 618 2069 diva
646 2033 812 2068 retinens
839 2033 881 2068 in
910 2033 1071 2068 summis
1101 2031 1264 2069 urbibus
1293 2044 1414 2068 arces.
1475 2031 1545 2069 sed
1578 2031 1681 2069 disti1

286 2087 488 2139 guendum
506 2087 611 2138 apud
631 2089 864 2138 Corippum:
900 2087 1121 2137 Sapientia:
1153 2087 1323 2136 corporis
1347 2100 1479 2123 arcem
1507 2101 1608 2138 quae
1625 2095 1682 2124 ret

284 2158 396 2188 nen-9,
416 2142 540 2180 oculis
557 2143 775 2193 speculetur
795 2142 968 2179 membra
989 2145 1144 2180 serenis.
1204 2155 1334 2179 arcem
1353 2143 1493 2191 capitis
1507 2144 1686 2180 inultorul

284 2200 532 2248 egregiorum
549 2206 751 2236 auctorum
768 2199 984 2235 imitatione
1005 2198 1118 2247 dixit,
1148 2196 1196 2234 de
1215 2198 1355 2249 quibus
1377 2196 1429 2234 ad
1447 2197 1687 2235 Claudianuu

284 2256 431 2303 optime
457 2261 589 2290 autem
606 2253 684 2291 huo
702 2255 851 2290 faciunt
873 2255 992 2291 verba
1008 2255 1150 2291 Minuti
1170 2254 1312 2290 Felicis
1331 2253 1512 2290 Octavio:
1551 2253 1656 2290 oculi
1675 2268 1687 2289 1

286 2322 435 2346 summo
461 2309 567 2346 velut
594 2311 637 2346 in
658 2309 818 2359 specula
844 2311 1057 2356 constituti,
1085 2322 1216 2346 omnes
1243 2309 1358 2345 ceteri
1375 2321 1510 2345 semus
1537 2309 1656 2359 quasi
1677 2323 1687 2344 1

284 2378 374 2401 arce
402 2366 611 2401 constituti.
672 2368 834 2402 BARTH.
1230 2397 1234 2400 .

393 2421 485 2460 192.
543 2427 588 2456 uc
620 2434 689 2470 pro
727 2428 763 2456 et
797 2433 954 2470 repone.
1011 2420 1199 2469 Vigilanti
1233 2418 1450 2456 maiuscula
1479 2418 1620 2454 initiali
1647 2418 1689 2454 lit

280 2483 363 2512 tera
398 2474 669 2512 scribendum:
711 2475 852 2512 alludit
882 2477 989 2512 enim
1014 2488 1157 2512 nomen
1183 2474 1416 2524 Vigilantiae
1445 2474 1689 2524 imperatrici:

267 2533 444 2579 *BAn'rffi

395 2587 487 2626 193.
536 2585 660 2634 pestis
680 2586 859 2636 quemvis
877 2585 1057 2621 morbum
1074 2590 1185 2620 sonat
1199 2612 1209 2631 ,
1250 2597 1323 2621 nec
1342 2590 1474 2621 tamen
1496 2596 1576 2620 non
1597 2583 1684 2620 etial

282 2642 546 2692 pestilentiam
574 2641 747 2688 Latinis,
796 2647 840 2676 ut
875 2647 1008 2690 peccet
1036 2637 1110 2675 hoc
1146 2652 1295 2690 negans
1324 2639 1489 2676 Obertus
1509 2638 1691 2675 -Gifanim

285 2697 520 2748 comparatio
545 2703 675 2734 autem
702 2696 859 2747 Gorippi
889 2697 983 2734 satis
1009 2695 1192 2744 elegans:
1232 2693 1302 2733 sed
1332 2695 1401 2732 ille
1431 2695 1549 2731 nimis
1577 2693 1691 2738 laxam
