<?xml version="1.0" encoding="UTF-8"?>
<!DOCTYPE html PUBLIC "-//W3C//DTD XHTML 1.0 Transitional//EN"
    "http://www.w3.org/TR/xhtml1/DTD/xhtml1-transitional.dtd">
<html xmlns="http://www.w3.org/1999/xhtml" xml:lang="en" lang="en">
 <head>
  <title>
</title>
<meta http-equiv="Content-Type" content="text/html;charset=utf-8" />
  <meta name='ocr-system' content='tesseract 3.04.00' />
  <meta name='ocr-capabilities' content='ocr_page ocr_carea ocr_par ocr_line ocrx_word'/>
</head>
<body>
  <div class='ocr_page' id='page_1' title='image "./corpusscriptorum35niebuoft_0196.png"; bbox 0 0 1702 3060; ppageno 0'>
   <div class='ocr_carea' id='block_1_1' title="bbox 262 135 1073 183">
    <p class='ocr_par' dir='ltr' id='par_1_1' title="bbox 262 135 1073 183">
     <span class='ocr_line' id='line_1_1' title="bbox 262 135 1073 183; baseline -0.001 -2"><span class='ocrx_word' id='word_1_1' title='bbox 262 135 355 183; x_wconf 79' lang='lat'><strong>120</strong></span> <span class='ocrx_word' id='word_1_2' title='bbox 856 136 1073 180; x_wconf 88' lang='lat' dir='ltr'>CORIPPI</span> 
     </span>
    </p>
   </div>
   <div class='ocr_carea' id='block_1_2' title="bbox 238 242 1477 2349">
    <p class='ocr_par' dir='ltr' id='par_1_2' title="bbox 362 242 1376 496">
     <span class='ocr_line' id='line_1_2' title="bbox 366 242 1251 299; baseline 0.001 -17"><span class='ocrx_word' id='word_1_3' title='bbox 366 245 460 282; x_wconf 87' lang='lat' dir='ltr'><strong>utile</strong></span> <span class='ocrx_word' id='word_1_4' title='bbox 481 244 684 282; x_wconf 86' lang='lat' dir='ltr'><strong>consilium</strong></span> <span class='ocrx_word' id='word_1_5' title='bbox 695 271 705 290; x_wconf 90' lang='lat'>,</span> <span class='ocrx_word' id='word_1_6' title='bbox 734 242 768 299; x_wconf 80' lang='lat' dir='ltr'><strong>si</strong></span> <span class='ocrx_word' id='word_1_7' title='bbox 784 249 875 280; x_wconf 81' lang='lat' dir='ltr'><strong>tunc</strong></span> <span class='ocrx_word' id='word_1_8' title='bbox 892 245 1066 290; x_wconf 84' lang='lat' dir='ltr'><strong>Romana</strong></span> <span class='ocrx_word' id='word_1_9' title='bbox 1084 244 1251 284; x_wconf 84' lang='lat' dir='ltr'><strong>iubentis</strong></span> 
     </span>
     <span class='ocr_line' id='line_1_3' title="bbox 368 311 1376 360; baseline 0.004 -14"><span class='ocrx_word' id='word_1_10' title='bbox 368 311 567 360; x_wconf 77' lang='lat' dir='ltr'><strong>implesset</strong></span> <span class='ocrx_word' id='word_1_11' title='bbox 584 316 788 360; x_wconf 88' lang='lat' dir='ltr'><strong>praecepta</strong></span> <span class='ocrx_word' id='word_1_12' title='bbox 807 323 958 348; x_wconf 87' lang='lat' dir='ltr'><strong>manus.</strong></span> <span class='ocrx_word' id='word_1_13' title='bbox 1013 312 1233 349; x_wconf 79' lang='lat' dir='ltr'>miserabile</span> <span class='ocrx_word' id='word_1_14' title='bbox 1253 313 1376 350; x_wconf 86' lang='lat' dir='ltr'><strong>fatum</strong></span> 
     </span>
     <span class='ocr_line' id='line_1_4' title="bbox 365 374 1354 430; baseline 0.007 -20"><span class='ocrx_word' id='word_1_15' title='bbox 365 374 530 411; x_wconf 82' lang='lat' dir='ltr'><strong>audaces</strong></span> <span class='ocrx_word' id='word_1_16' title='bbox 548 374 655 412; x_wconf 81' lang='lat' dir='ltr'><strong>dedit</strong></span> <span class='ocrx_word' id='word_1_17' title='bbox 674 389 758 412; x_wconf 87' lang='lat' dir='ltr'><strong>esse</strong></span> <span class='ocrx_word' id='word_1_18' title='bbox 776 378 902 425; x_wconf 84' lang='lat' dir='ltr'><strong>viros3</strong></span> <span class='ocrx_word' id='word_1_19' title='bbox 934 379 1156 430; x_wconf 82' lang='lat' dir='ltr'><strong>passimque</strong></span> <span class='ocrx_word' id='word_1_20' title='bbox 1173 380 1354 417; x_wconf 84' lang='lat' dir='ltr'><strong>iuventus</strong></span> 
     </span>
     <span class='ocr_line' id='line_1_5' title="bbox 362 440 1328 496; baseline 0.006 -20"><span class='ocrx_word' id='word_1_21' title='bbox 362 454 432 491; x_wconf 88' lang='lat' dir='ltr'><strong>per</strong></span> <span class='ocrx_word' id='word_1_22' title='bbox 452 454 606 492; x_wconf 88' lang='lat' dir='ltr'><strong>campos</strong></span> <span class='ocrx_word' id='word_1_23' title='bbox 627 440 768 479; x_wconf 81' lang='lat' dir='ltr'><strong>diffusa</strong></span> <span class='ocrx_word' id='word_1_24' title='bbox 786 445 883 491; x_wconf 85' lang='lat' dir='ltr'><strong>ruit,</strong></span> <span class='ocrx_word' id='word_1_25' title='bbox 918 445 1112 496; x_wconf 82' lang='lat' dir='ltr'><strong>primique</strong></span> <span class='ocrx_word' id='word_1_26' title='bbox 1134 445 1328 482; x_wconf 83' lang='lat' dir='ltr'><strong>lacessunt</strong></span> 
     </span>
    </p>

    <p class='ocr_par' dir='ltr' id='par_1_3' title="bbox 254 506 1377 825">
     <span class='ocr_line' id='line_1_6' title="bbox 254 506 1350 559; baseline 0 -11"><span class='ocrx_word' id='word_1_27' title='bbox 254 506 334 548; x_wconf 83' lang='lat'><strong>500</strong></span> <span class='ocrx_word' id='word_1_28' title='bbox 362 508 518 556; x_wconf 82' lang='lat' dir='ltr'><strong>agmina</strong></span> <span class='ocrx_word' id='word_1_29' title='bbox 535 509 660 558; x_wconf 84' lang='lat' dir='ltr'><strong>prima</strong></span> <span class='ocrx_word' id='word_1_30' title='bbox 678 509 764 546; x_wconf 77' lang='lat' dir='ltr'><strong>viri.</strong></span> <span class='ocrx_word' id='word_1_31' title='bbox 822 517 1052 547; x_wconf 87' lang='lat' dir='ltr'><strong>concurrunt</strong></span> <span class='ocrx_word' id='word_1_32' title='bbox 1074 510 1207 548; x_wconf 85' lang='lat' dir='ltr'><strong>ordine</strong></span> <span class='ocrx_word' id='word_1_33' title='bbox 1227 512 1350 559; x_wconf 85' lang='lat' dir='ltr'><strong>nullo,</strong></span> 
     </span>
     <span class='ocr_line' id='line_1_7' title="bbox 362 575 1220 625; baseline 0.006 -16"><span class='ocrx_word' id='word_1_34' title='bbox 362 587 440 610; x_wconf 90' lang='lat' dir='ltr'><strong>non</strong></span> <span class='ocrx_word' id='word_1_35' title='bbox 458 575 539 610; x_wconf 85' lang='lat' dir='ltr'><strong>acie</strong></span> <span class='ocrx_word' id='word_1_36' title='bbox 559 575 722 625; x_wconf 86' lang='lat' dir='ltr'><strong>compti,</strong></span> <span class='ocrx_word' id='word_1_37' title='bbox 751 575 877 612; x_wconf 85' lang='lat' dir='ltr'><strong>subito</strong></span> <span class='ocrx_word' id='word_1_38' title='bbox 898 577 1064 613; x_wconf 89' lang='lat' dir='ltr'><strong>clamore</strong></span> <span class='ocrx_word' id='word_1_39' title='bbox 1078 578 1220 615; x_wconf 84' lang='lat' dir='ltr'><strong>Latini.</strong></span> 
     </span>
     <span class='ocr_line' id='line_1_8' title="bbox 362 640 1377 693; baseline 0.002 -17"><span class='ocrx_word' id='word_1_40' title='bbox 362 653 442 677; x_wconf 84' lang='lat' dir='ltr'><strong>non</strong></span> <span class='ocrx_word' id='word_1_41' title='bbox 466 640 558 677; x_wconf 89' lang='lat' dir='ltr'><strong>tuba</strong></span> <span class='ocrx_word' id='word_1_42' title='bbox 578 641 786 690; x_wconf 87' lang='lat' dir='ltr'><strong>belligeros</strong></span> <span class='ocrx_word' id='word_1_43' title='bbox 806 643 943 679; x_wconf 81' lang='lat' dir='ltr'><strong>cecinit</strong></span> <span class='ocrx_word' id='word_1_44' title='bbox 965 644 1143 693; x_wconf 84' lang='lat' dir='ltr'><strong>clangore</strong></span> <span class='ocrx_word' id='word_1_45' title='bbox 1161 643 1349 679; x_wconf 85' lang='lat' dir='ltr'><strong>tumultus</strong></span> <span class='ocrx_word' id='word_1_46' title='bbox 1366 671 1377 690; x_wconf 89' lang='lat'>,</span> 
     </span>
     <span class='ocr_line' id='line_1_9' title="bbox 360 707 1343 759; baseline 0.003 -17"><span class='ocrx_word' id='word_1_47' title='bbox 360 708 576 756; x_wconf 80' lang='lat' dir='ltr'><strong>praeceptis</strong></span> <span class='ocrx_word' id='word_1_48' title='bbox 595 714 771 744; x_wconf 87' lang='lat' dir='ltr'><strong>contacta</strong></span> <span class='ocrx_word' id='word_1_49' title='bbox 791 707 920 756; x_wconf 82' lang='lat' dir='ltr'><strong>ducis3</strong></span> <span class='ocrx_word' id='word_1_50' title='bbox 950 722 1027 745; x_wconf 86' lang='lat' dir='ltr'><strong>non</strong></span> <span class='ocrx_word' id='word_1_51' title='bbox 1050 708 1168 745; x_wconf 83' lang='lat' dir='ltr'><strong>ardua</strong></span> <span class='ocrx_word' id='word_1_52' title='bbox 1189 721 1343 759; x_wconf 81' lang='lat' dir='ltr'><strong>pugnae</strong></span> 
     </span>
     <span class='ocr_line' id='line_1_10' title="bbox 360 773 1376 825; baseline 0.003 -16"><span class='ocrx_word' id='word_1_53' title='bbox 360 773 471 822; x_wconf 80' lang='lat' dir='ltr'><strong>signa</strong></span> <span class='ocrx_word' id='word_1_54' title='bbox 487 773 583 809; x_wconf 90' lang='lat' dir='ltr'><strong>locis</strong></span> <span class='ocrx_word' id='word_1_55' title='bbox 603 779 771 810; x_wconf 83' lang='lat' dir='ltr'><strong>statuere</strong></span> <span class='ocrx_word' id='word_1_56' title='bbox 788 775 883 811; x_wconf 85' lang='lat' dir='ltr'><strong>suis.</strong></span> <span class='ocrx_word' id='word_1_57' title='bbox 938 776 1133 825; x_wconf 77' lang='lat' dir='ltr'><strong>incompta</strong></span> <span class='ocrx_word' id='word_1_58' title='bbox 1150 789 1220 825; x_wconf 88' lang='lat' dir='ltr'><strong>per</strong></span> <span class='ocrx_word' id='word_1_59' title='bbox 1232 773 1376 822; x_wconf 83' lang='lat' dir='ltr'><strong>hostes,</strong></span> 
     </span>
    </p>

    <p class='ocr_par' dir='ltr' id='par_1_4' title="bbox 251 836 1458 1154">
     <span class='ocr_line' id='line_1_11' title="bbox 251 836 1319 892; baseline 0.007 -19"><span class='ocrx_word' id='word_1_60' title='bbox 251 836 332 878; x_wconf 84' lang='lat'><strong>505</strong></span> <span class='ocrx_word' id='word_1_61' title='bbox 359 836 456 886; x_wconf 86' lang='lat' dir='ltr'><strong>heu,</strong></span> <span class='ocrx_word' id='word_1_62' title='bbox 485 840 590 876; x_wconf 88' lang='lat' dir='ltr'><strong>male</strong></span> <span class='ocrx_word' id='word_1_63' title='bbox 611 839 681 876; x_wconf 86' lang='lat' dir='ltr'><strong>fisa</strong></span> <span class='ocrx_word' id='word_1_64' title='bbox 698 852 836 877; x_wconf 84' lang='lat' dir='ltr'><strong>manus</strong></span> <span class='ocrx_word' id='word_1_65' title='bbox 854 840 943 877; x_wconf 89' lang='lat' dir='ltr'><strong>fatis</strong></span> <span class='ocrx_word' id='word_1_66' title='bbox 967 841 1141 878; x_wconf 81' lang='lat' dir='ltr'><strong>currebat</strong></span> <span class='ocrx_word' id='word_1_67' title='bbox 1160 842 1319 892; x_wconf 76' lang='lat' dir='ltr'><strong>iniquis-</strong></span> 
     </span>
     <span class='ocr_line' id='line_1_12' title="bbox 359 906 1203 956; baseline 0.004 -15"><span class='ocrx_word' id='word_1_68' title='bbox 359 906 491 941; x_wconf 86' lang='lat' dir='ltr'><strong>territa</strong></span> <span class='ocrx_word' id='word_1_69' title='bbox 513 912 707 943; x_wconf 86' lang='lat' dir='ltr'><strong>cesserunt</strong></span> <span class='ocrx_word' id='word_1_70' title='bbox 728 907 854 956; x_wconf 89' lang='lat' dir='ltr'><strong>primo</strong></span> <span class='ocrx_word' id='word_1_71' title='bbox 877 907 1084 942; x_wconf 80' lang='lat' dir='ltr'><strong>certamine</strong></span> <span class='ocrx_word' id='word_1_72' title='bbox 1102 913 1203 944; x_wconf 82' lang='lat' dir='ltr'><strong>retro</strong></span> 
     </span>
     <span class='ocr_line' id='line_1_13' title="bbox 358 970 1458 1023; baseline 0.003 -17"><span class='ocrx_word' id='word_1_73' title='bbox 358 973 515 1020; x_wconf 82' lang='lat' dir='ltr'><strong>agmina</strong></span> <span class='ocrx_word' id='word_1_74' title='bbox 533 970 826 1008; x_wconf 83' lang='lat' dir='ltr'><strong>Marmaridum.</strong></span> <span class='ocrx_word' id='word_1_75' title='bbox 882 973 1056 1023; x_wconf 85' lang='lat' dir='ltr'><strong>sequitur</strong></span> <span class='ocrx_word' id='word_1_76' title='bbox 1075 974 1250 1009; x_wconf 83' lang='lat' dir='ltr'><strong>Romana</strong></span> <span class='ocrx_word' id='word_1_77' title='bbox 1265 972 1458 1020; x_wconf 80' lang='lat' dir='ltr'><strong>iuventus,</strong></span> 
     </span>
     <span class='ocr_line' id='line_1_14' title="bbox 358 1037 1282 1088; baseline 0.003 -15"><span class='ocrx_word' id='word_1_78' title='bbox 358 1049 494 1087; x_wconf 83' lang='lat' dir='ltr'><strong>aspera</strong></span> <span class='ocrx_word' id='word_1_79' title='bbox 512 1050 591 1074; x_wconf 88' lang='lat' dir='ltr'><strong>nou</strong></span> <span class='ocrx_word' id='word_1_80' title='bbox 611 1037 739 1075; x_wconf 88' lang='lat' dir='ltr'><strong>densis</strong></span> <span class='ocrx_word' id='word_1_81' title='bbox 762 1039 998 1088; x_wconf 87' lang='lat' dir='ltr'><strong>permiscens</strong></span> <span class='ocrx_word' id='word_1_82' title='bbox 1016 1038 1162 1088; x_wconf 87' lang='lat' dir='ltr'><strong>proelia</strong></span> <span class='ocrx_word' id='word_1_83' title='bbox 1179 1038 1282 1076; x_wconf 83' lang='lat' dir='ltr'><strong>telis.</strong></span> 
     </span>
     <span class='ocr_line' id='line_1_15' title="bbox 359 1103 1294 1154; baseline 0.003 -16"><span class='ocrx_word' id='word_1_84' title='bbox 359 1116 517 1153; x_wconf 86' lang='lat' dir='ltr'><strong>corpora</strong></span> <span class='ocrx_word' id='word_1_85' title='bbox 537 1112 732 1142; x_wconf 83' lang='lat' dir='ltr'><strong>certamen</strong></span> <span class='ocrx_word' id='word_1_86' title='bbox 751 1105 970 1154; x_wconf 83' lang='lat' dir='ltr'><strong>fugientmn</strong></span> <span class='ocrx_word' id='word_1_87' title='bbox 991 1106 1154 1141; x_wconf 88' lang='lat' dir='ltr'><strong>conserit</strong></span> <span class='ocrx_word' id='word_1_88' title='bbox 1172 1103 1294 1148; x_wconf 82' lang='lat' dir='ltr'><strong>hastis</strong></span> 
     </span>
    </p>

    <p class='ocr_par' dir='ltr' id='par_1_5' title="bbox 248 1166 1386 1286">
     <span class='ocr_line' id='line_1_16' title="bbox 248 1166 1386 1222; baseline 0 -15"><span class='ocrx_word' id='word_1_89' title='bbox 248 1166 329 1208; x_wconf 85' lang='lat'><strong>510</strong></span> <span class='ocrx_word' id='word_1_90' title='bbox 356 1183 426 1219; x_wconf 86' lang='lat' dir='ltr'><strong>per</strong></span> <span class='ocrx_word' id='word_1_91' title='bbox 443 1183 598 1221; x_wconf 86' lang='lat' dir='ltr'><strong>campos</strong></span> <span class='ocrx_word' id='word_1_92' title='bbox 615 1172 778 1212; x_wconf 88' lang='lat' dir='ltr'><strong>Latiaris</strong></span> <span class='ocrx_word' id='word_1_93' title='bbox 797 1183 915 1221; x_wconf 90' lang='lat' dir='ltr'><strong>eques</strong></span> <span class='ocrx_word' id='word_1_94' title='bbox 926 1198 936 1217; x_wconf 86' lang='lat'><em>‚</em></span> <span class='ocrx_word' id='word_1_95' title='bbox 967 1170 1127 1222; x_wconf 85' lang='lat' dir='ltr'><strong>figitque</strong></span> <span class='ocrx_word' id='word_1_96' title='bbox 1141 1171 1386 1222; x_wconf 83' lang='lat' dir='ltr'><strong>premitque;</strong></span> 
     </span>
     <span class='ocr_line' id='line_1_17' title="bbox 358 1235 1237 1286; baseline 0.005 -15"><span class='ocrx_word' id='word_1_97' title='bbox 358 1242 395 1272; x_wconf 86' lang='lat' dir='ltr'><strong>et</strong></span> <span class='ocrx_word' id='word_1_98' title='bbox 410 1235 555 1286; x_wconf 81' lang='lat' dir='ltr'><strong>subigit</strong></span> <span class='ocrx_word' id='word_1_99' title='bbox 579 1238 700 1275; x_wconf 85' lang='lat' dir='ltr'><strong>victos</strong></span> <span class='ocrx_word' id='word_1_100' title='bbox 722 1238 823 1273; x_wconf 87' lang='lat' dir='ltr'><strong>inter</strong></span> <span class='ocrx_word' id='word_1_101' title='bbox 840 1238 955 1273; x_wconf 88' lang='lat' dir='ltr'><strong>timor</strong></span> <span class='ocrx_word' id='word_1_102' title='bbox 974 1237 1029 1272; x_wconf 88' lang='lat' dir='ltr'><strong>ire</strong></span> <span class='ocrx_word' id='word_1_103' title='bbox 1054 1236 1237 1275; x_wconf 84' lang='lat' dir='ltr'><strong>camelos.</strong></span> 
     </span>
    </p>

    <p class='ocr_par' dir='ltr' id='par_1_6' title="bbox 351 1300 1477 1485">
     <span class='ocr_line' id='line_1_18' title="bbox 409 1300 1416 1353; baseline 0 -15"><span class='ocrx_word' id='word_1_104' title='bbox 409 1303 460 1338; x_wconf 91' lang='lat' dir='ltr'><strong>At</strong></span> <span class='ocrx_word' id='word_1_105' title='bbox 481 1303 615 1353; x_wconf 89' lang='lat' dir='ltr'><strong>procul</strong></span> <span class='ocrx_word' id='word_1_106' title='bbox 637 1304 873 1353; x_wconf 88' lang='lat' dir='ltr'><strong>armipotens</strong></span> <span class='ocrx_word' id='word_1_107' title='bbox 893 1303 1068 1338; x_wconf 83' lang='lat' dir='ltr'><strong>munibat</strong></span> <span class='ocrx_word' id='word_1_108' title='bbox 1089 1304 1199 1352; x_wconf 76' lang='lat' dir='ltr'><strong>signa</strong></span> <span class='ocrx_word' id='word_1_109' title='bbox 1222 1300 1416 1341; x_wconf 83' lang='lat' dir='ltr'><strong>Iohannes</strong></span> 
     </span>
     <span class='ocr_line' id='line_1_19' title="bbox 354 1367 1330 1419; baseline 0.001 -15"><span class='ocrx_word' id='word_1_110' title='bbox 354 1367 490 1405; x_wconf 84' lang='lat' dir='ltr'><strong>ordine</strong></span> <span class='ocrx_word' id='word_1_111' title='bbox 511 1376 647 1406; x_wconf 87' lang='lat' dir='ltr'><strong>cuncta</strong></span> <span class='ocrx_word' id='word_1_112' title='bbox 664 1382 733 1406; x_wconf 91' lang='lat' dir='ltr'><strong>suo</strong></span> <span class='ocrx_word' id='word_1_113' title='bbox 746 1397 756 1416; x_wconf 88' lang='lat'>,</span> <span class='ocrx_word' id='word_1_114' title='bbox 786 1369 986 1419; x_wconf 84' lang='lat' dir='ltr'><strong>fossasque</strong></span> <span class='ocrx_word' id='word_1_115' title='bbox 1010 1375 1048 1404; x_wconf 91' lang='lat' dir='ltr'><strong>et</strong></span> <span class='ocrx_word' id='word_1_116' title='bbox 1070 1375 1191 1406; x_wconf 82' lang='lat' dir='ltr'><strong>castra</strong></span> <span class='ocrx_word' id='word_1_117' title='bbox 1210 1369 1330 1406; x_wconf 87' lang='lat' dir='ltr'><strong>locari</strong></span> 
     </span>
     <span class='ocr_line' id='line_1_20' title="bbox 351 1433 1477 1485; baseline 0 -14"><span class='ocrx_word' id='word_1_118' title='bbox 351 1436 593 1485; x_wconf 86' lang='lat' dir='ltr'><strong>praecipiens</strong></span> <span class='ocrx_word' id='word_1_119' title='bbox 607 1465 617 1484; x_wconf 89' lang='lat'>‚</span> <span class='ocrx_word' id='word_1_120' title='bbox 651 1442 804 1472; x_wconf 88' lang='lat' dir='ltr'><strong>tantum</strong></span> <span class='ocrx_word' id='word_1_121' title='bbox 821 1433 1052 1472; x_wconf 84' lang='lat' dir='ltr'><strong>servandam</strong></span> <span class='ocrx_word' id='word_1_122' title='bbox 1070 1434 1118 1470; x_wconf 90' lang='lat' dir='ltr'><strong>ob</strong></span> <span class='ocrx_word' id='word_1_123' title='bbox 1139 1435 1308 1473; x_wconf 85' lang='lat' dir='ltr'><strong>fluminis</strong></span> <span class='ocrx_word' id='word_1_124' title='bbox 1332 1433 1477 1473; x_wconf 82' lang='lat' dir='ltr'><strong>undam</strong></span> 
     </span>
    </p>

    <p class='ocr_par' dir='ltr' id='par_1_7' title="bbox 240 1498 1399 1818">
     <span class='ocr_line' id='line_1_21' title="bbox 240 1498 1243 1552; baseline -0.004 -12"><span class='ocrx_word' id='word_1_125' title='bbox 240 1498 320 1540; x_wconf 86' lang='grc'><strong>515</strong></span> <span class='ocrx_word' id='word_1_126' title='bbox 350 1508 514 1539; x_wconf 86' lang='lat' dir='ltr'><strong>rectores</strong></span> <span class='ocrx_word' id='word_1_127' title='bbox 532 1504 720 1539; x_wconf 84' lang='lat' dir='ltr'><strong>iuvenum</strong></span> <span class='ocrx_word' id='word_1_128' title='bbox 738 1502 857 1539; x_wconf 82' lang='lat' dir='ltr'><strong>sortes</strong></span> <span class='ocrx_word' id='word_1_129' title='bbox 879 1513 1051 1552; x_wconf 85' lang='lat' dir='ltr'><strong>pugnare</strong></span> <span class='ocrx_word' id='word_1_130' title='bbox 1070 1499 1243 1541; x_wconf 80' lang='lat' dir='ltr'><strong>iubebat.</strong></span> 
     </span>
     <span class='ocr_line' id='line_1_22' title="bbox 349 1566 1371 1618; baseline 0.001 -16"><span class='ocrx_word' id='word_1_131' title='bbox 349 1579 600 1618; x_wconf 86' lang='lat' dir='ltr'><strong>composuere</strong></span> <span class='ocrx_word' id='word_1_132' title='bbox 620 1570 735 1605; x_wconf 83' lang='lat' dir='ltr'><strong>acies.</strong></span> <span class='ocrx_word' id='word_1_133' title='bbox 793 1567 975 1605; x_wconf 80' lang='lat' dir='ltr'><strong>dextrum</strong></span> <span class='ocrx_word' id='word_1_134' title='bbox 991 1568 1094 1604; x_wconf 87' lang='lat' dir='ltr'><strong>latus</strong></span> <span class='ocrx_word' id='word_1_135' title='bbox 1110 1567 1193 1617; x_wconf 84' lang='lat' dir='ltr'><strong>ipse</strong></span> <span class='ocrx_word' id='word_1_136' title='bbox 1215 1566 1371 1606; x_wconf 78' lang='lat' dir='ltr'><strong>tenebat</strong></span> 
     </span>
     <span class='ocr_line' id='line_1_23' title="bbox 348 1633 1239 1686; baseline 0.003 -16"><span class='ocrx_word' id='word_1_137' title='bbox 348 1633 511 1682; x_wconf 74' lang='lat' dir='ltr'><strong>casina,</strong></span> <span class='ocrx_word' id='word_1_138' title='bbox 538 1635 720 1685; x_wconf 85' lang='lat' dir='ltr'><strong>Massylis</strong></span> <span class='ocrx_word' id='word_1_139' title='bbox 739 1641 871 1685; x_wconf 84' lang='lat' dir='ltr'><strong>septus</strong></span> <span class='ocrx_word' id='word_1_140' title='bbox 890 1635 1056 1686; x_wconf 83' lang='lat' dir='ltr'><strong>telisque</strong></span> <span class='ocrx_word' id='word_1_141' title='bbox 1075 1634 1239 1673; x_wconf 79' lang='lat' dir='ltr'><strong>Latinis·</strong></span> 
     </span>
     <span class='ocr_line' id='line_1_24' title="bbox 349 1699 1399 1749; baseline -0.001 -13"><span class='ocrx_word' id='word_1_142' title='bbox 349 1699 578 1737; x_wconf 81' lang='lat' dir='ltr'><strong>Fronimuth</strong></span> <span class='ocrx_word' id='word_1_143' title='bbox 594 1700 699 1738; x_wconf 85' lang='lat' dir='ltr'><strong>hunc</strong></span> <span class='ocrx_word' id='word_1_144' title='bbox 718 1702 849 1749; x_wconf 84' lang='lat' dir='ltr'><strong>iuxta,</strong></span> <span class='ocrx_word' id='word_1_145' title='bbox 879 1703 1065 1740; x_wconf 77' lang='lat' dir='ltr'><strong>Romanis</strong></span> <span class='ocrx_word' id='word_1_146' title='bbox 1082 1701 1192 1738; x_wconf 84' lang='lat' dir='ltr'><strong>fortis</strong></span> <span class='ocrx_word' id='word_1_147' title='bbox 1207 1701 1249 1736; x_wconf 86' lang='lat' dir='ltr'><strong>in</strong></span> <span class='ocrx_word' id='word_1_148' title='bbox 1265 1699 1399 1746; x_wconf 81' lang='lat' dir='ltr'><strong>armis,</strong></span> 
     </span>
     <span class='ocr_line' id='line_1_25' title="bbox 348 1765 1284 1818; baseline 0 -16"><span class='ocrx_word' id='word_1_149' title='bbox 348 1773 386 1802; x_wconf 88' lang='lat' dir='ltr'><strong>et</strong></span> <span class='ocrx_word' id='word_1_150' title='bbox 409 1765 491 1804; x_wconf 82' lang='lat' dir='ltr'><strong>dux</strong></span> <span class='ocrx_word' id='word_1_151' title='bbox 510 1768 578 1804; x_wconf 84' lang='lat' dir='ltr'><strong>ille</strong></span> <span class='ocrx_word' id='word_1_152' title='bbox 596 1773 755 1818; x_wconf 88' lang='lat' dir='ltr'><strong>potens,</strong></span> <span class='ocrx_word' id='word_1_153' title='bbox 783 1767 889 1805; x_wconf 91' lang='lat' dir='ltr'><strong>felici</strong></span> <span class='ocrx_word' id='word_1_154' title='bbox 905 1768 1064 1806; x_wconf 67' lang='lat' dir='ltr'><strong>nomme</strong></span> <span class='ocrx_word' id='word_1_155' title='bbox 1085 1772 1284 1816; x_wconf 74' lang='lat' dir='ltr'><strong>comptus,</strong></span> 
     </span>
    </p>

    <p class='ocr_par' dir='ltr' id='par_1_8' title="bbox 239 1829 1450 2147">
     <span class='ocr_line' id='line_1_26' title="bbox 239 1829 1450 1880; baseline -0.002 -6"><span class='ocrx_word' id='word_1_156' title='bbox 239 1831 320 1874; x_wconf 78' lang='lat'><strong>520</strong></span> <span class='ocrx_word' id='word_1_157' title='bbox 349 1831 424 1869; x_wconf 91' lang='lat' dir='ltr'><strong>duc</strong></span> <span class='ocrx_word' id='word_1_158' title='bbox 877 1833 978 1870; x_wconf 84' lang='lat' dir='ltr'><strong>felix</strong></span> <span class='ocrx_word' id='word_1_159' title='bbox 991 1845 1070 1869; x_wconf 87' lang='lat' dir='ltr'><strong>non</strong></span> <span class='ocrx_word' id='word_1_160' title='bbox 1087 1839 1207 1880; x_wconf 86' lang='lat' dir='ltr'><strong>sorte,</strong></span> <span class='ocrx_word' id='word_1_161' title='bbox 1243 1829 1450 1871; x_wconf 76' lang='lat' dir='ltr'><strong>Iohannes·</strong></span> 
     </span>
     <span class='ocr_line' id='line_1_27' title="bbox 348 1899 1288 1948; baseline 0 -13"><span class='ocrx_word' id='word_1_162' title='bbox 348 1905 388 1935; x_wconf 90' lang='lat' dir='ltr'><strong>at</strong></span> <span class='ocrx_word' id='word_1_163' title='bbox 405 1899 562 1936; x_wconf 76' lang='lat' dir='ltr'><strong>laevum</strong></span> <span class='ocrx_word' id='word_1_164' title='bbox 577 1906 734 1936; x_wconf 86' lang='lat' dir='ltr'><strong>tenuere</strong></span> <span class='ocrx_word' id='word_1_165' title='bbox 757 1899 859 1936; x_wconf 85' lang='lat' dir='ltr'><strong>latus</strong></span> <span class='ocrx_word' id='word_1_166' title='bbox 877 1899 1121 1936; x_wconf 80' lang='lat' dir='ltr'><strong>Putzintulus</strong></span> <span class='ocrx_word' id='word_1_167' title='bbox 1135 1900 1288 1948; x_wconf 87' lang='lat' dir='ltr'><strong>ingens,</strong></span> 
     </span>
     <span class='ocr_line' id='line_1_28' title="bbox 350 1963 1266 2003; baseline 0 -2"><span class='ocrx_word' id='word_1_168' title='bbox 350 1964 543 2002; x_wconf 86' lang='lat' dir='ltr'><strong>Geisirich</strong></span> <span class='ocrx_word' id='word_1_169' title='bbox 564 1967 778 2003; x_wconf 85' lang='lat' dir='ltr'><strong>arcitenens</strong></span> <span class='ocrx_word' id='word_1_170' title='bbox 798 1972 836 2002; x_wconf 88' lang='lat' dir='ltr'><strong>et</strong></span> <span class='ocrx_word' id='word_1_171' title='bbox 856 1965 968 2002; x_wconf 85' lang='lat' dir='ltr'><strong>celsis</strong></span> <span class='ocrx_word' id='word_1_172' title='bbox 985 1963 1115 2002; x_wconf 90' lang='lat' dir='ltr'><strong>Induit</strong></span> <span class='ocrx_word' id='word_1_173' title='bbox 1133 1965 1266 2001; x_wconf 83' lang='lat' dir='ltr'><strong>armis.</strong></span> 
     </span>
     <span class='ocr_line' id='line_1_29' title="bbox 348 2030 1298 2082; baseline -0.003 -13"><span class='ocrx_word' id='word_1_174' title='bbox 348 2033 432 2082; x_wconf 89' lang='lat' dir='ltr'><strong>ipse</strong></span> <span class='ocrx_word' id='word_1_175' title='bbox 450 2033 534 2068; x_wconf 90' lang='lat' dir='ltr'><strong>loco</strong></span> <span class='ocrx_word' id='word_1_176' title='bbox 553 2030 706 2068; x_wconf 90' lang='lat' dir='ltr'><strong>medius</strong></span> <span class='ocrx_word' id='word_1_177' title='bbox 728 2030 931 2068; x_wconf 86' lang='lat' dir='ltr'><strong>ductorum</strong></span> <span class='ocrx_word' id='word_1_178' title='bbox 947 2032 1144 2068; x_wconf 80' lang='lat' dir='ltr'><strong>maximus</strong></span> <span class='ocrx_word' id='word_1_179' title='bbox 1165 2037 1298 2067; x_wconf 83' lang='lat' dir='ltr'><strong>auctor</strong></span> 
     </span>
     <span class='ocr_line' id='line_1_30' title="bbox 350 2095 1336 2147; baseline -0.004 -12"><span class='ocrx_word' id='word_1_180' title='bbox 350 2099 498 2147; x_wconf 87' lang='lat' dir='ltr'><strong>stabat,</strong></span> <span class='ocrx_word' id='word_1_181' title='bbox 529 2105 567 2134; x_wconf 88' lang='lat' dir='ltr'><strong>et</strong></span> <span class='ocrx_word' id='word_1_182' title='bbox 585 2099 781 2134; x_wconf 80' lang='lat' dir='ltr'><strong>incassum</strong></span> <span class='ocrx_word' id='word_1_183' title='bbox 801 2099 924 2137; x_wconf 86' lang='lat' dir='ltr'><strong>socios</strong></span> <span class='ocrx_word' id='word_1_184' title='bbox 944 2109 1121 2134; x_wconf 82' lang='lat' dir='ltr'><strong>sermone</strong></span> <span class='ocrx_word' id='word_1_185' title='bbox 1141 2095 1336 2142; x_wconf 87' lang='lat' dir='ltr'><strong>monebat,</strong></span> 
     </span>
    </p>

    <p class='ocr_par' dir='ltr' id='par_1_9' title="bbox 238 2163 1370 2349">
     <span class='ocr_line' id='line_1_31' title="bbox 238 2163 1370 2214; baseline -0.004 -12"><span class='ocrx_word' id='word_1_186' title='bbox 238 2164 318 2206; x_wconf 81' lang='grc'><strong>525</strong></span> <span class='ocrx_word' id='word_1_187' title='bbox 348 2166 427 2202; x_wconf 84' lang='lat' dir='ltr'><strong>iam</strong></span> <span class='ocrx_word' id='word_1_188' title='bbox 444 2166 522 2201; x_wconf 87' lang='lat' dir='ltr'><strong>fato</strong></span> <span class='ocrx_word' id='word_1_189' title='bbox 544 2164 791 2201; x_wconf 88' lang='lat' dir='ltr'><strong>incumbente</strong></span> <span class='ocrx_word' id='word_1_190' title='bbox 814 2165 943 2214; x_wconf 78' lang='lat' dir='ltr'><strong>gravi3</strong></span> <span class='ocrx_word' id='word_1_191' title='bbox 973 2176 1091 2214; x_wconf 88' lang='lat' dir='ltr'><strong>quem</strong></span> <span class='ocrx_word' id='word_1_192' title='bbox 1107 2163 1265 2199; x_wconf 85' lang='lat' dir='ltr'><strong>Tarasis</strong></span> <span class='ocrx_word' id='word_1_193' title='bbox 1282 2169 1370 2198; x_wconf 84' lang='lat' dir='ltr'><strong>ante</strong></span> 
     </span>
     <span class='ocr_line' id='line_1_32' title="bbox 346 2227 1362 2282; baseline -0.002 -14"><span class='ocrx_word' id='word_1_194' title='bbox 346 2231 559 2268; x_wconf 83' lang='lat' dir='ltr'><strong>condensas</strong></span> <span class='ocrx_word' id='word_1_195' title='bbox 586 2230 763 2282; x_wconf 89' lang='lat' dir='ltr'><strong>peditum</strong></span> <span class='ocrx_word' id='word_1_196' title='bbox 783 2232 941 2280; x_wconf 84' lang='lat' dir='ltr'><strong>cingens</strong></span> <span class='ocrx_word' id='word_1_197' title='bbox 959 2229 1126 2266; x_wconf 87' lang='lat' dir='ltr'><strong>umbone</strong></span> <span class='ocrx_word' id='word_1_198' title='bbox 1146 2227 1362 2279; x_wconf 75' lang='lat' dir='ltr'><strong>phalanges</strong></span> 
     </span>
     <span class='ocr_line' id='line_1_33' title="bbox 345 2295 1263 2349; baseline -0.001 -15"><span class='ocrx_word' id='word_1_199' title='bbox 345 2298 470 2334; x_wconf 79' lang='lat' dir='ltr'><strong>veloci</strong></span> <span class='ocrx_word' id='word_1_200' title='bbox 487 2298 673 2336; x_wconf 84' lang='lat' dir='ltr'><strong>volitabat</strong></span> <span class='ocrx_word' id='word_1_201' title='bbox 696 2310 816 2349; x_wconf 81' lang='lat' dir='ltr'><strong>equo,</strong></span> <span class='ocrx_word' id='word_1_202' title='bbox 844 2303 1067 2348; x_wconf 83' lang='lat' dir='ltr'><strong>turmasque</strong></span> <span class='ocrx_word' id='word_1_203' title='bbox 1089 2295 1263 2347; x_wconf 83' lang='lat' dir='ltr'><strong>parabat.</strong></span> 
     </span>
    </p>
   </div>
   <div class='ocr_carea' id='block_1_3' title="bbox 229 2433 1679 2743">
    <p class='ocr_par' dir='ltr' id='par_1_10' title="bbox 229 2433 1679 2743">
     <span class='ocr_line' id='line_1_34' title="bbox 234 2433 1654 2484; baseline -0.006 -12"><span class='ocrx_word' id='word_1_204' title='bbox 234 2437 301 2472; x_wconf 73' lang='lat'><strong>496</strong></span> <span class='ocrx_word' id='word_1_205' title='bbox 323 2447 408 2471; x_wconf 82' lang='lat' dir='ltr'><strong>nunc</strong></span> <span class='ocrx_word' id='word_1_206' title='bbox 423 2438 517 2481; x_wconf 78' lang='lat' dir='ltr'><strong>apud</strong></span> <span class='ocrx_word' id='word_1_207' title='bbox 533 2438 573 2471; x_wconf 90' lang='lat' dir='ltr'><strong><em>M</em></strong></span> <span class='ocrx_word' id='word_1_208' title='bbox 684 2437 747 2472; x_wconf 84' lang='lat'><strong>501</strong></span> <span class='ocrx_word' id='word_1_209' title='bbox 772 2435 859 2471; x_wconf 77' lang='lat' dir='ltr'><strong>conti</strong></span> <span class='ocrx_word' id='word_1_210' title='bbox 873 2435 972 2470; x_wconf 73' lang='lat' dir='ltr'><strong>solito</strong></span> <span class='ocrx_word' id='word_1_211' title='bbox 992 2436 1024 2484; x_wconf 68' lang='lat'><strong>²?</strong></span> <span class='ocrx_word' id='word_1_212' title='bbox 1131 2436 1196 2470; x_wconf 80' lang='lat'><strong>502</strong></span> <span class='ocrx_word' id='word_1_213' title='bbox 1217 2434 1378 2479; x_wconf 76' lang='lat' dir='ltr'><strong>glongore</strong></span> <span class='ocrx_word' id='word_1_214' title='bbox 1395 2434 1428 2467; x_wconf 81' lang='grc' dir='ltr'>Τ</span> <span class='ocrx_word' id='word_1_215' title='bbox 1513 2433 1579 2469; x_wconf 83' lang='lat'><strong>505</strong></span> <span class='ocrx_word' id='word_1_216' title='bbox 1602 2445 1654 2465; x_wconf 81' lang='lat' dir='ltr'><strong>sa-</strong></span> 
     </span>
     <span class='ocr_line' id='line_1_35' title="bbox 233 2478 1679 2524; baseline -0.003 -8"><span class='ocrx_word' id='word_1_217' title='bbox 233 2481 278 2516; x_wconf 73' lang='lat' dir='ltr'><strong>tin</strong></span> <span class='ocrx_word' id='word_1_218' title='bbox 297 2481 328 2515; x_wconf 84' lang='lat' dir='ltr'><strong>&#39;l&#39;</strong></span> <span class='ocrx_word' id='word_1_219' title='bbox 424 2483 490 2517; x_wconf 84' lang='lat'><strong>508</strong></span> <span class='ocrx_word' id='word_1_220' title='bbox 514 2481 687 2515; x_wconf 85' lang='lat' dir='ltr'><strong>condensis</strong></span> <span class='ocrx_word' id='word_1_221' title='bbox 706 2483 762 2514; x_wconf 86' lang='lat' dir='ltr'><strong>M.-</strong></span> <span class='ocrx_word' id='word_1_222' title='bbox 787 2481 830 2514; x_wconf 67' lang='grc' dir='ltr'><strong>οἱ.</strong></span> <span class='ocrx_word' id='word_1_223' title='bbox 847 2482 868 2515; x_wconf 88' lang='lat'>5</span> <span class='ocrx_word' id='word_1_224' title='bbox 884 2481 960 2515; x_wconf 81' lang='lat'><strong>540.</strong></span> <span class='ocrx_word' id='word_1_225' title='bbox 1072 2480 1137 2515; x_wconf 84' lang='lat'><strong>511</strong></span> <span class='ocrx_word' id='word_1_226' title='bbox 1163 2479 1284 2512; x_wconf 70' lang='lat' dir='ltr'><strong>subicit</strong></span> <span class='ocrx_word' id='word_1_227' title='bbox 1299 2479 1392 2524; x_wconf 77' lang='lat' dir='ltr'><strong>apud</strong></span> <span class='ocrx_word' id='word_1_228' title='bbox 1410 2479 1450 2512; x_wconf 89' lang='grc' dir='ltr'><em>Μ</em></span> <span class='ocrx_word' id='word_1_229' title='bbox 1535 2478 1600 2512; x_wconf 85' lang='grc'><strong>513</strong></span> <span class='ocrx_word' id='word_1_230' title='bbox 1623 2484 1654 2512; x_wconf 81' lang='lat' dir='ltr'><strong>et</strong></span> <span class='ocrx_word' id='word_1_231' title='bbox 1675 2515 1679 2520; x_wconf 32' lang='lat'><strong>¹</strong></span> 
     </span>
     <span class='ocr_line' id='line_1_36' title="bbox 233 2523 1653 2568; baseline -0.002 -7"><span class='ocrx_word' id='word_1_232' title='bbox 233 2527 311 2561; x_wconf 70' lang='grc' dir='ltr'><strong>αἰά-</strong></span> <span class='ocrx_word' id='word_1_233' title='bbox 332 2526 372 2560; x_wconf 78' lang='lat' dir='ltr'><strong><em>M</em></strong></span> <span class='ocrx_word' id='word_1_234' title='bbox 502 2527 568 2561; x_wconf 81' lang='lat'><strong>514</strong></span> <span class='ocrx_word' id='word_1_235' title='bbox 590 2526 784 2560; x_wconf 77' lang='lat' dir='ltr'><strong>seruandam</strong></span> <span class='ocrx_word' id='word_1_236' title='bbox 808 2530 932 2559; x_wconf 80' lang='lat' dir='ltr'><strong>tantum</strong></span> <span class='ocrx_word' id='word_1_237' title='bbox 955 2525 1047 2568; x_wconf 71' lang='lat' dir='ltr'><strong>apul</strong></span> <span class='ocrx_word' id='word_1_238' title='bbox 1063 2526 1110 2558; x_wconf 84' lang='lat' dir='ltr'><strong>M.</strong></span> <span class='ocrx_word' id='word_1_239' title='bbox 1137 2530 1172 2558; x_wconf 75' lang='lat' dir='ltr'><strong>et.</strong></span> <span class='ocrx_word' id='word_1_240' title='bbox 1186 2529 1263 2557; x_wconf 72' lang='lat' dir='ltr'><strong>sunt</strong></span> <span class='ocrx_word' id='word_1_241' title='bbox 1277 2523 1398 2557; x_wconf 74' lang='lat' dir='ltr'><strong>similes</strong></span> <span class='ocrx_word' id='word_1_242' title='bbox 1412 2533 1527 2557; x_wconf 77' lang='lat' dir='ltr'><strong>versus</strong></span> <span class='ocrx_word' id='word_1_243' title='bbox 1540 2523 1563 2556; x_wconf 80' lang='lat'>3</span> <span class='ocrx_word' id='word_1_244' title='bbox 1578 2525 1653 2563; x_wconf 78' lang='lat'>408,</span> 
     </span>
     <span class='ocr_line' id='line_1_37' title="bbox 232 2568 1651 2616; baseline -0.004 -10"><span class='ocrx_word' id='word_1_245' title='bbox 232 2579 255 2606; x_wconf 73' lang='lat'>4</span> <span class='ocrx_word' id='word_1_246' title='bbox 269 2574 354 2612; x_wconf 83' lang='lat'><strong>980,</strong></span> <span class='ocrx_word' id='word_1_247' title='bbox 376 2572 398 2606; x_wconf 93' lang='grc'>6</span> <span class='ocrx_word' id='word_1_248' title='bbox 412 2572 489 2607; x_wconf 78' lang='grc'><strong>374.</strong></span> <span class='ocrx_word' id='word_1_249' title='bbox 568 2571 634 2606; x_wconf 85' lang='grc'><strong>515</strong></span> <span class='ocrx_word' id='word_1_250' title='bbox 661 2572 772 2604; x_wconf 80' lang='lat' dir='ltr'><strong>hostes</strong></span> <span class='ocrx_word' id='word_1_251' title='bbox 786 2581 950 2616; x_wconf 76' lang='lat' dir='ltr'><strong>spugnare</strong></span> <span class='ocrx_word' id='word_1_252' title='bbox 969 2571 1009 2610; x_wconf 78' lang='lat' dir='ltr'><strong>T,</strong></span> <span class='ocrx_word' id='word_1_253' title='bbox 1035 2570 1148 2603; x_wconf 74' lang='lat' dir='ltr'><strong>hostes</strong></span> <span class='ocrx_word' id='word_1_254' title='bbox 1161 2579 1350 2614; x_wconf 79' lang='lat' dir='ltr'><strong>expugnare</strong></span> <span class='ocrx_word' id='word_1_255' title='bbox 1367 2568 1406 2602; x_wconf 87' lang='grc' dir='ltr'><strong>Μ</strong></span> <span class='ocrx_word' id='word_1_256' title='bbox 1493 2568 1559 2602; x_wconf 73' lang='lat'><strong>520</strong></span> <span class='ocrx_word' id='word_1_257' title='bbox 1571 2579 1651 2612; x_wconf 72' lang='lat' dir='ltr'><strong>sup--</strong></span> 
     </span>
     <span class='ocr_line' id='line_1_38' title="bbox 230 2612 1654 2670; baseline -0.003 -20"><span class='ocrx_word' id='word_1_258' title='bbox 230 2619 300 2662; x_wconf 66' lang='lat' dir='ltr'><strong>plez</strong></span> <span class='ocrx_word' id='word_1_259' title='bbox 323 2617 360 2650; x_wconf 83' lang='lat' dir='ltr'><strong><em>M</em></strong></span> <span class='ocrx_word' id='word_1_260' title='bbox 382 2616 500 2650; x_wconf 79' lang='lat' dir='ltr'><strong>ductor</strong></span> <span class='ocrx_word' id='word_1_261' title='bbox 526 2621 599 2651; x_wconf 78' lang='lat' dir='ltr'><strong>erat</strong></span> <span class='ocrx_word' id='word_1_262' title='bbox 620 2615 776 2670; x_wconf 74' lang='lat' dir='ltr'><strong>peditum.</strong></span> <span class='ocrx_word' id='word_1_263' title='bbox 898 2615 964 2650; x_wconf 75' lang='lat'><strong>521</strong></span> <span class='ocrx_word' id='word_1_264' title='bbox 988 2614 1094 2648; x_wconf 83' lang='lat' dir='ltr'><strong>lelium</strong></span> <span class='ocrx_word' id='word_1_265' title='bbox 1119 2615 1150 2647; x_wconf 84' lang='grc' dir='ltr'><em>Τ</em></span> <span class='ocrx_word' id='word_1_266' title='bbox 1281 2613 1364 2647; x_wconf 71' lang='lat' dir='ltr'><strong>ibid.</strong></span> <span class='ocrx_word' id='word_1_267' title='bbox 1388 2612 1598 2647; x_wconf 70' lang='lat' dir='ltr'><strong>butzunmlus</strong></span> <span class='ocrx_word' id='word_1_268' title='bbox 1624 2614 1654 2646; x_wconf 85' lang='lat'><strong>‘1&#39;</strong></span> 
     </span>
     <span class='ocr_line' id='line_1_39' title="bbox 230 2658 1650 2704; baseline -0.002 -9"><span class='ocrx_word' id='word_1_269' title='bbox 230 2664 297 2697; x_wconf 70' lang='lat'><strong>522</strong></span> <span class='ocrx_word' id='word_1_270' title='bbox 320 2661 462 2704; x_wconf 77' lang='lat' dir='ltr'><strong>grisirith</strong></span> <span class='ocrx_word' id='word_1_271' title='bbox 482 2662 513 2696; x_wconf 82' lang='grc' dir='ltr'><strong>Τ</strong></span> <span class='ocrx_word' id='word_1_272' title='bbox 617 2662 698 2696; x_wconf 64' lang='lat' dir='ltr'><strong><em>abed.</em></strong></span> <span class='ocrx_word' id='word_1_273' title='bbox 722 2659 826 2695; x_wconf 74' lang='lat' dir='ltr'><strong>induit</strong></span> <span class='ocrx_word' id='word_1_274' title='bbox 843 2660 891 2702; x_wconf 87' lang='grc' dir='ltr'><strong>Τ,</strong></span> <span class='ocrx_word' id='word_1_275' title='bbox 911 2658 1043 2694; x_wconf 64' lang='lat' dir='ltr'><strong>inclitus</strong></span> <span class='ocrx_word' id='word_1_276' title='bbox 1057 2660 1107 2694; x_wconf 82' lang='lat' dir='ltr'><strong>M.</strong></span> <span class='ocrx_word' id='word_1_277' title='bbox 1123 2658 1208 2694; x_wconf 68' lang='lat' dir='ltr'><strong>mim</strong></span> <span class='ocrx_word' id='word_1_278' title='bbox 1220 2658 1360 2704; x_wconf 75' lang='lat' dir='ltr'><strong>proprio</strong></span> <span class='ocrx_word' id='word_1_279' title='bbox 1373 2669 1457 2703; x_wconf 68' lang='lat' dir='ltr'><strong>opus</strong></span> <span class='ocrx_word' id='word_1_280' title='bbox 1471 2659 1650 2694; x_wconf 61' lang='lat' dir='ltr'><strong>“tevide-</strong></span> 
     </span>
     <span class='ocr_line' id='line_1_40' title="bbox 229 2707 446 2743; baseline -0.005 -1"><span class='ocrx_word' id='word_1_281' title='bbox 229 2712 284 2742; x_wconf 77' lang='lat' dir='ltr'><strong>tur</strong></span> <span class='ocrx_word' id='word_1_282' title='bbox 305 2707 446 2743; x_wconf 68' lang='lat' dir='ltr'><strong>nomine.</strong></span> 
     </span>
    </p>
   </div>
  </div>
 </body>
</html>
