1702 3060
286 133 382 181 442
689 138 880 181 NOTAE
903 138 962 180 IN
982 139 1206 182 'LIBRUM
1235 139 1313 182 lv‘

283 243 388 281 dian.
422 243 469 281 de
496 242 603 281 laud.
628 243 851 282 Stilichonis
871 246 922 284 3:
960 245 1188 296 indutosque
1208 260 1324 283 ανοιιε
1340 247 1484 296 spoliis.
1543 255 1581 286 et
1599 247 1647 286 de
1669 250 1695 291 6

282 301 428 337 consul.
451 301 575 336 Hom:
605 299 813 349 spoliisque
830 301 1015 337 micantes
1035 302 1254 337 innumeros
1272 315 1399 338 arens.
1457 304 1638 342 Dmlrsr.

390 356 456 393 89.
513 355 555 389 iu
581 367 640 390 ms
670 355 815 391 violata
833 368 902 405 pro
923 357 989 392 via
1010 355 1093 392 lata
1111 355 1315 406 depravate
1336 357 1546 406 legebatur.
1573 361 1692 396 Rurz.

388 408 442 444 ib.
495 407 658 457 patebat
674 411 846 447 Rnizius.
903 411 944 446 in
962 412 1119 462 antiquo
1139 411 1268 448 codice
1291 418 1371 448 erat
1387 419 1540 462 patere,
1578 415 1694 462 male,

278 469 321 499 ut
339 465 488 513 opinor.
545 465 729 501 mesr.

389 520 455 557 90.
511 517 700 557 kalendas
721 520 917 556 Ianuarias
950 517 1144 557 describit.
1202 527 1347 558 certant
1367 528 1496 558 antem
1517 522 1635 558 critici
1654 523 1694 559 iu

276 572 509 609 stabilienda
527 575 681 624 imperii
700 582 738 611 et
756 576 974 612 consulatus
994 577 1132 613 Iustini
1148 577 1249 626 Aug.
1269 577 1429 613 Minoris
1449 575 1695 626 chronologia

278 628 326 663 ob
354 630 580 665 varietatem
604 628 961 679 chronologicarum
981 638 1182 678 notarum,
1222 631 1361 682 quibus
1384 638 1544 668 utuntur
1559 633 1701 668 Graeci·

276 684 483 733 Latinique
503 691 651 720 veteres
671 684 855 730 historici,
886 691 924 720 et
943 697 1039 735 quas
1056 693 1140 722 tum
1155 687 1196 722 in
1217 685 1411 736 lapidibus
1427 693 1511 722 tum
1527 688 1568 722 in
1587 686 1696 723 codi-

279 738 387 774 cibus
409 739 781 784 animadverterunt3
810 739 1061 791 volentesque
1078 743 1206 777 omnia
1223 742 1448 778 curiosiores
1467 755 1697 791 componere

277 791 385 828 haud
415 793 537 830 defuit
565 795 631 845 qui
659 796 732 831 sibi
760 795 921 844 fingeret
947 809 1090 831 novam
1119 794 1304 845 epocham
1330 797 1377 832 ab
1404 798 1485 833 eius
1507 803 1700 846 potestate*

280 844 348 883 seu
376 849 549 886 Caesaris
576 862 645 886 seu
675 850 939 898 curopalatae,
986 857 1023 886 et
1050 852 1115 900 qui
1144 852 1268 900 primo
1297 852 1540 888 consulatum
1562 853 1696 888 iniisse

281 916 371 939 eum
394 905 671 940 existimaverit
693 903 873 941 kalendis
897 906 1084 942 Ianuariis
1105 918 1140 941 a.
1162 907 1265 951 567,
1303 907 1520 957 iterumque
1541 919 1577 942 a.
1600 907 1694 946 568.'

278 957 348 994 sed
379 957 474 994 haec
501 960 684 1008 figmenta
710 960 1034 1008 locupletissimus
1062 962 1373 1011 certissimusque
1405 963 1514 998 testis
1540 960 1702 999 discutit·

278 1014 465 1063 Corippus
491 1022 642 1060 noster,
695 1027 746 1050 ex
776 1027 851 1064 quo
880 1021 1028 1051 constat
1053 1017 1243 1051 Iustinum
1267 1028 1466 1066 nunquam
1492 1017 1699 1053 Caesarem·

275 1069 416 1116 fuisse,
447 1075 484 1104 et
507 1069 748 1118 curopalatae
769 1082 911 1106 munus
929 1071 1095 1106 aulicam
1112 1071 1231 1106 fnisse
1251 1069 1491 1119 dignitatem,
1519 1084 1598 1107 nou
1617 1072 1695 1108 im-

274 1125 395 1172 perii,
433 1131 470 1159 et
496 1125 687 1160 Iustinum
716 1126 942 1160 successisse
971 1127 1181 1161 Iustiniano
1210 1138 1261 1161 ex
1279 1126 1352 1162 SC.
1379 1126 1539 1162 mirifice
1565 1133 1697 1162 auctor

273 1177 547 1214 periocharum
563 1179 632 1214 lib.
652 1179 673 1217 1
695 1178 882 1215 Periocha
899 1179 946 1218 4:
979 1180 1193 1216 Iustiniani
1204 1179 1350 1216 obitum
1363 1181 1696 1230 artficiosepoe'ita

272 1233 498 1277 introducit,
535 1240 579 1269 uc
607 1246 651 1268 ex
678 1234 856 1269 consalta
878 1241 1034 1270 senatus
1055 1235 1251 1270 llis-timim
1278 1235 1474 1271 avunculo
1491 1236 1698 1284 condignis

272 1287 457 1324 laudibus
477 1287 785 1324 commendatum
801 1290 1022 1325 successisse
1038 1289 1184 1326 doceat.
1242 1296 1439 1339 praeterea
1465 1303 1554 1327 cum
1579 1295 1694 1340 potita

272 1343 342 1378 lib.
366 1345 388 1382 1
414 1345 606 1380 Iustinum
633 1345 750 1380 etiam
779 1343 936 1379 inducat
957 1346 1081 1394 prima
1098 1346 1182 1394 ipsa
1201 1345 1354 1394 imperii
1374 1346 1434 1381 sui
1451 1343 1514 1381 die
1530 1347 1694 1395 promit-

271 1404 418 1434 tentem
445 1399 589 1448 populo
616 1405 882 1448 reparaturum
911 1412 951 1435 se
981 1400 1064 1436 fore
1085 1400 1350 1447 consulatum,
1389 1407 1426 1437 et
1443 1400 1694 1437 mandantem

270 1460 312 1488 nt
334 1455 463 1490 omnia
485 1453 535 1489 ad
550 1466 737 1503 pompam
751 1455 856 1490 illico
874 1462 1066 1503 pararent,
1086 1455 1217 1490 nullus
1238 1455 1410 1504 profecto
1430 1462 1547 1492 restat
1566 1455 1692 1491 ambi-

269 1508 523 1557 gendi-locus
558 1510 651 1559 quin
684 1510 817 1545 consul
849 1511 1078 1559 processerit
1106 1508 1285 1547 kalendis
1311 1511 1481 1560 proximi
1507 1512 1690 1558 Ianuarii,

267 1564 542 1613 incipientibus
561 1577 707 1600 annum
729 1565 808 1604 566
820 1593 829 1610 ,
861 1577 950 1600 cum
968 1566 1175 1614 imperium
1196 1566 1364 1602 Iustinus
1380 1567 1589 1615 susceperit
1606 1567 1692 1615 ipsa

270 1617 334 1654 die
355 1618 407 1658 14
425 1619 654 1656 Novembris
673 1620 764 1654 anni
790 1619 890 1666 565,
920 1633 994 1670 qua
1015 1621 1272 1656 Iustiniannm
1292 1620 1432 1657 obiisse
1452 1627 1694 1670 compertum·

270 1681 341 1710 est.
373 1673 512 1724 quodsi
534 1673 727 1724 quaedam
746 1682 918 1724 repertae
937 1682 1026 1711 sunt
1048 1673 1201 1711 chartae
1218 1674 1457 1726 lapidesque,
1486 1676 1554 1712 ubi
1571 1675 1690 1712 modo

267 1727 490 1766 indictionis
509 1736 599 1765 nota
616 1728 732 1765 modo
753 1742 942 1766 annorum
958 1732 1112 1780 imperii
1132 1743 1202 1766 seu
1221 1731 1439 1767 consulatus
1457 1732 1594 1767 Instiui
1612 1743 1689 1766 nu-

268 1785 367 1819 meri
390 1797 470 1820 nou
488 1785 587 1820 bene
605 1786 810 1820 convenire
827 1784 1018 1832 videntur,
1047 1785 1229 1836 equidem
1248 1798 1385 1822 censeo
1404 1799 1484 1822 nou
1502 1786 1616 1822 licere
1637 1798 1691 1822 ex

267 1837 351 1885 his,
396 1851 496 1889 quae
520 1840 584 1875 vel
608 1840 656 1875 ob
681 1839 959 1889 descriptorum
987 1841 1051 1876 vel
1081 1841 1129 1877 ob
1155 1839 1486 1891 quadratariorum
1509 1841 1689 1876 librario·-

268 1907 403 1930 rumve
423 1901 489 1930 aut
506 1895 699 1930 inscitiam
718 1901 783 1930 aut
802 1897 1044 1932 oscitantiam
1059 1897 1205 1932 incerta
1223 1902 1324 1942 sunt,
1345 1895 1463 1932 fidem
1483 1897 1595 1932 certis
1615 1908 1688 1931 au-

268 1951 560 1999 ctoritatemque
585 1948 782 1998 derogare.
840 1949 930 1985 vide
947 1949 1174 2000 Philippum
1194 1963 1215 1986 a
1234 1952 1360 1987 Turre
1383 1952 1499 2000 episc.
1517 1949 1688 1986 Adrieu-

263 2018 350 2041 sem
378 2006 419 2040 in
437 2005 714 2042 Dissertatione
745 2004 984 2054 apologetica
1011 2005 1058 2041 de
1084 2005 1259 2042 Nummo
1282 2005 1445 2042 Anniae
1473 2005 1686 2050 Faustinae

264 2073 304 2109 p.
322 2061 396 2098 109
408 2066 445 2095 et
454 2071 564 2110 seqq.
593 2073 708 2109 porro
726 2060 850 2096 obiter
867 2059 940 2096 hoc
959 2073 1112 2111 quoque
1131 2060 1336 2107 adnotabo,
1357 2062 1550 2096 Iustinum
1570 2073 1686 2096 reno-

262 2127 374 2151 vasse
399 2116 663 2162 consulatum,
707 2127 795 2150 cum
814 2117 893 2151 iam
912 2115 959 2151 ab
984 2117 1093 2152 annis
1117 2117 1170 2156 25
1191 2116 1323 2151 nullus
1343 2115 1477 2151 consul
1503 2114 1686 2164 designa-

262 2176 323 2206 tus
351 2170 509 2216 fuisset,
555 2177 592 2206 et
621 2183 642 2205 a
671 2171 830 2220 privatis
860 2169 910 2206 ad
935 2171 1185 2220 imperatores
1212 2171 1441 2207 translatum
1468 2169 1683 2206 reddidisse

261 2232 494 2274 perpetuum
515 2232 552 2261 et
573 2226 656 2261 sine
675 2226 838 2275 collega.
894 2233 1170 2277 praetereaque
1189 2227 1431 2262 constituisse
1450 2224 1614 2271 videtur,
1639 2231 1683 2261 ut

262 2282 302 2316 in
322 2282 427 2316 Actis
458 2281 623 2329 publicis
652 2280 699 2316 ab
722 2281 791 2316 illo
816 2294 895 2318 non
916 2283 1045 2318 minus
1067 2294 1185 2331 quam
1203 2281 1250 2316 ab
1266 2282 1429 2330 imperio
1449 2281 1542 2316 anni
1565 2278 1682 2316 dinu-

259 2341 522 2371 merarentur:
560 2333 652 2371 hinc
684 2337 788 2372 enim
818 2349 863 2372 ea
891 2337 1037 2372 ratione
1064 2335 1325 2372 dinumeratos
1355 2334 1535 2384 deinceps
1560 2347 1681 2371 annos

260 2391 519 2440 comperimus
539 2403 662 2440 usque
683 2390 733 2427 ad
756 2392 1050 2428 Constantinum
1068 2393 1324 2441 pogonatum.
1368 2391 1495 2426 Foco.

370 2447 437 2486 91.
496 2446 627 2481 allusit
645 2444 695 2481 ad
715 2447 852 2496 Virgil.
873 2448 1014 2496 Georg.
1036 2449 1062 2486 2
1082 2445 1175 2487 402.
1205 2446 1321 2483 simul
1336 2451 1374 2481 et
1390 2443 1491 2481 illud
1508 2457 1561 2482 ex
1578 2445 1678 2480 Aen.

264 2505 283 2542 1
309 2503 389 2541 238
410 2501 604 2537 imitatur:
637 2500 730 2536 olim
748 2501 988 2538 volventibus
1005 2502 1133 2538 anni-5.
1192 2503 1314 2537 RrrT.

369 2555 436 2596 94.
494 2569 668 2592 mensum
689 2569 759 2605 pro
778 2558 981 2593 mensium.
1043 2556 1126 2593 dixi
1155 2557 1251 2593 olim
1271 2557 1313 2592 in
1340 2553 1679 2592 exercitationibus

258 2613 504 2650 Ausonianis.
560 2612 683 2647 Rrrr.

370 2670 436 2707 96.
481 2666 581 2714 finit
600 2666 682 2701 sine
690 2665 792 2716 fine]
812 2660 1031 2719 ὄξύμωρον,
1060 2665 1168 2704 cuius
1192 2666 1374 2717 exempla
1393 2664 1444 2703 ad
1460 2665 1679 2716 Oppianum

258 2722 458 2775 quondam
472 2722 616 2760 notavi.
672 2722 794 2759 Βιττ.
