1702 3060
614 121 940 166 PRAEFATIO.
1387 133 1500 164 mnu

50 234 190 287 ljp'ano
203 232 247 271 in
262 230 357 271 sede
373 231 570 286 Ruspensi
591 231 720 271 eidem
744 239 834 284 post
853 243 1004 270 annum
1021 231 1221 283 integrum
1241 230 1404 270 suffecto
1423 230 1495 270 de-

49 301 207 347 dicavit.
264 315 344 354 qua
372 301 421 339 de
448 315 490 339 re
509 302 659 339 factmn
676 300 752 338 hoc
771 313 857 337 esse
878 307 1030 338 constat
1049 313 1085 338 a.
1106 301 1179 338 sal.
1201 298 1302 350 534,
1333 313 1412 352 quo
1429 302 1498 337 Iu-

50 371 242 410 stinianus
261 371 431 421 Magnus
451 381 600 407 amium
616 372 641 410 8
663 368 821 421 imperii
838 370 900 406 sui
918 368 1164 406 numerabat.

158 437 275 477 Unde
306 451 400 477 vero
430 438 557 475 bonus
589 435 796 474 adnotator
822 438 1016 487 acceperit
1036 436 1290 474 Cresconium
1311 435 1501 473 collecto-

48 519 134 546 rem
153 507 358 545 Canonum
379 503 502 543 fuisse
521 503 749 557 episcopum
767 502 945 542 divinare
967 517 1049 541 non
1067 505 1208 542 ausim.
1267 504 1500 555 quinetiam,

47 577 84 614 si
101 573 399 627 praelaudatam
419 574 626 625 epistolam
644 573 927 612 Cresconianae
945 573 1166 610 collectioni
1183 571 1402 624 praefixam
1421 572 1501 608 ite-

48 656 139 682 rum
169 642 370 690 consulas,
398 641 515 678 facile
542 641 741 692 intelliges
765 638 848 678 eius
870 647 1089 690 auctorem,
1120 641 1262 678 saltem
1281 647 1375 677 tunc
1393 647 1498 677 tem-

47 712 174 763 poris,
206 709 430 747 nullatenus
457 709 579 746 fuisse
602 711 644 746 in
675 710 747 746 tali
778 707 968 760 dignitate
995 709 1272 746 constitutum:
1312 708 1500 744 Liberino

0 772 1 778 ¹
50 779 158 816 enim
175 776 392 814 subiectum
409 789 450 813 se
472 774 565 813 dicit
578 806 588 824 ‚
619 783 659 814 et
681 777 859 814 Libe-riui
873 784 1048 826 paterna
1069 777 1303 813 auctoritate
1322 783 1501 813 coactum

49 852 93 883 ut
118 845 228 896 operi
252 857 417 882 manum
435 843 675 882 admoveret.
733 843 810 881 hae
831 843 995 895 phrases
1015 843 1125 881 haud
1142 844 1242 880 bene
1265 845 1503 880 conveniunt

48 914 232 965 episcopo
253 911 305 949 ad
327 911 556 963 episcopum
579 911 786 958 scribenti,
826 911 982 948 etiamsi
1003 910 1168 961 probare
1188 923 1324 960 posses
1346 911 1502 947 Liberi-

47 993 146 1018 num
166 980 373 1017 Cresconio
395 981 721 1030 praestantiorem
735 979 857 1015 fuisse
877 991 948 1015 seu
966 977 1158 1028 dignitate
1175 979 1300 1015 veluti
1320 979 1503 1029 primatis

48 1055 88 1086 et
107 1045 390 1097 archiepiscopi
408 1059 479 1083 seu
498 1045 731 1098 antiquitate
751 1044 1066 1083 consecrationis.

159 1115 333 1150 Demum
353 1120 422 1151 aut
449 1113 581 1151 minus
603 1114 795 1151 veraciter
813 1120 880 1151 aut
901 1114 1042 1151 saltem
1056 1113 1190 1150 minus
1210 1111 1421 1164 diligenter
1436 1113 1502 1149 in-

47 1181 224 1221 dicatum
243 1187 339 1232 puto
361 1181 409 1219 ab
429 1180 659 1219 adnotatore
676 1188 955 1233 argumentum
973 1183 1157 1219 carminis
1176 1181 1224 1218 de
1246 1179 1359 1217 bellis
1375 1179 1506 1230 Liby-

48 1251 131 1296 cis,
163 1247 271 1302 quod
288 1249 325 1286 ei
342 1250 612 1287 innotescebat
630 1250 829 1288 cresconii
846 1250 1008 1287 nomine
1024 1250 1270 1301 inscriptum.
1329 1249 1364 1286 si
1384 1248 1504 1295 enim,

46 1320 142 1371 qnia
158 1325 253 1356 tuno
272 1310 430 1354 forte'in
450 1331 516 1355 ore
537 1318 648 1369 vulgi
669 1318 940 1355 celebrabatur
960 1319 1170 1370 praecipue
1192 1317 1360 1366 insignis
1379 1316 1508 1352 victo-

47 1387 127 1436 ria,
162 1398 282 1438 quam
306 1387 501 1423 recentius
528 1387 571 1422 in
598 1386 734 1423 Africa
767 1385 816 1423 de
849 1387 1054 1424 Saracenis
1087 1385 1285 1424 Iohannes
1313 1385 1509 1421 Patricius

46 1454 329 1506 imp.-Le0ntio
350 1461 642 1504 reportaverat,
679 1453 782 1491 hanc
815 1455 884 1491 ille
910 1456 1117 1492 victoriam
1148 1453 1401 1491 cresconiani
1423 1463 1511 1488 car-

46 1524 166 1560 minis
197 1527 475 1572 argumentum
508 1532 593 1556 esse
626 1519 809 1557 adserere
841 1519 1035 1567 intendit,
1074 1526 1190 1570 prout
1230 1518 1435 1556 Chifletius
1472 1524 1512 1556 et

48 1588 279 1627 coutautius
312 1587 388 1624 sibi
414 1594 715 1638 persuaserunt,
746 1588 930 1625 falsitatis
953 1598 1045 1623 eum
1067 1593 1238 1636 arguunt
1259 1588 1379 1637 primi
1403 1587 1512 1624 eius-

49 1655 142 1694 dem
163 1656 347 1693 carminis
369 1667 504 1691 versus
525 1666 547 1690 a
568 1655 809 1706 Cuspiniano
831 1653 951 1703 editi,
982 1655 1050 1706 qui
1068 1654 1222 1690 bellmn
1239 1654 1419 1692 indicant
1437 1667 1510 1692 va-

48 1725 107 1763 rio
126 1737 172 1760 ac
192 1721 375 1759 diuturno
396 1722 522 1759 Marte
540 1724 731 1773 agitatum
746 1753 756 1772 ,
789 1737 880 1761 cum
903 1737 924 1760 e
945 1723 1136 1760 contrario
1165 1722 1318 1759 bellmn
1345 1724 1512 1760 Sarace-

47 1794 183 1830 nicum
211 1790 283 1828 sub
309 1790 474 1826 Leontio
507 1790 619 1828 brevi
644 1794 835 1843 temporis
861 1792 988 1843 spatio
1011 1791 1236 1827 coufectmn
1256 1803 1341 1827 esse
1361 1796 1513 1828 constet

49 1873 104 1900 ex
137 1858 346 1897 Anastasio
382 1856 688 1896 Bibliothecario
733 1866 771 1897 et
814 1859 992 1898 cedreno
1005 1889 1014 1907 ,
1061 1859 1130 1910 qui
1160 1860 1243 1896 eius
1274 1860 1510 1896 meminere.

49 1927 280 1966 Anastasius
294 1927 349 1963 ita
366 1925 566 1977 loquitur:
604 1927 748 1964 mundi
765 1941 873 1965 anno
893 1929 1014 1965 sexies
1034 1927 1240 1964 millesimo
1262 1930 1342 1968 190
1351 1956 1368 1974 ,
1402 1927 1510 1965 divi-

50 2008 126 2036 nae
153 1994 439 2031 incarnationis
469 1995 575 2040 690,
623 2009 731 2033 anno
757 2010 847 2033 vero
877 1996 1033 2046 imperii
1054 1996 1216 2033 Leontii
1242 1998 1352 2033 terlio
1363 2024 1381 2042 ,
1423 1997 1509 2033 acie

49 2061 208 2102 Arabes
227 2062 271 2099 in
283 2061 476 2112 Africam
497 2068 604 2099 mota
624 2063 731 2102 hanc
755 2064 1035 2110 obtinuerunt,
1071 2071 1110 2100 et
1135 2078 1180 2100 ex
1203 2066 1369 2114 proprio
1400 2078 1509 2101 exer-

50 2133 132 2170 cita
149 2137 303 2168 taxatos
319 2133 363 2167 in
382 2143 429 2166 ea
446 2131 639 2181 quosdam
654 2133 950 2170 constituerunt.
998 2131 1144 2184 quihus
1159 2134 1364 2183 compertis
1373 2134 1508 2170 Leon»-

51 2201 129 2237 tius
144 2200 264 2237 mittit
281 2197 500 2236 Iohannem
519 2199 744 2238 Patricium
761 2203 893 2239 virum
908 2201 1093 2238 idoneum
1111 2214 1202 2237 cum
1220 2199 1403 2237 omnibus
1421 2201 1511 2238 Ro-

51 2267 180 2305 manis
196 2265 389 2303 classibus
399 2280 416 2313 ,-
459 2267 531 2317 qui
553 2281 644 2304 cum
669 2268 952 2320 Carthaginem
964 2269 1207 2319 pervenisset
1229 2275 1267 2304 et
1282 2267 1382 2305 bello
1405 2276 1512 2305 cate—

51 2348 148 2374 nam
168 2341 312 2385 portas
346 2335 430 2371 eius
459 2336 677 2384 aperuisset
709 2337 965 2388 inimicosque
993 2338 1035 2374 in
1055 2337 1212 2388 sugam
1246 2339 1514 2383 convertisset,

51 2402 124 2444 Ῐιοε
145 2402 313 2440 viriliter
333 2403 533 2439 insecutus
556 2404 741 2441 universa
761 2398 945 2442 liberavit
963 2405 1137 2457 Africae
1157 2412 1303 2442 castra.
1364 2407 1400 2443 si
1425 2407 1515 2458 quis

52 2477 185 2509 autem
206 2470 319 2508 malit
344 2469 638 2520 adnotatorem,
669 2471 888 2510 secundum
912 2474 1050 2511 aetatis
1070 2487 1165 2511 suae
1183 2486 1359 2522 morem,
1391 2474 1514 2512 Sara-

54 2551 239 2576 cenorum
258 2541 419 2577 nomine
434 2540 641 2577 Africanas
662 2548 800 2591 gentes
820 2541 1055 2592 appellasse,
1085 2541 1272 2579 Africana
1290 2543 1385 2580 licet
1406 2542 1514 2579 bella

54 2606 127 2643 sub
147 2608 362 2645 Iustiniano
377 2614 487 2659 gesta
502 2606 679 2646 indicare
699 2610 890 2658 voluerit,
923 2623 1015 2647 eum
1034 2621 1116 2647 non
1133 2610 1256 2647 fuisse
1275 2609 1513 2648 mendacem

55 2671 181 2722 dabo,
217 2673 292 2712 sed
325 2675 368 2712 in
407 2676 646 2728 proprietate
685 2678 897 2715 verborum
939 2679 1072 2716 minus
1102 2677 1336 2729 diligentem
1370 2677 1516 2714 dicam.

54 2741 312 2795 quamobrem
338 2756 431 2781 cum
454 2744 518 2782 ΕΙ.
540 2744 773 2784 Cresconius
793 2746 986 2798 Corippus
1005 2746 1118 2785 libris
1141 2747 1223 2786 suis
1243 2746 1292 2784 de
1308 2744 1422 2783 bellis
1438 2745 1517 2782 Li·-
