1702 3060
282 119 377 165 408
690 123 873 164 NOTAE
905 122 963 164 IN
996 123 1206 166 LIBRUM
1237 124 1297 165 ΠΙ
1664 0 1702 149 ἲ

1692 166 1700 186 5

281 228 387 273 vale,
414 229 455 264 in
489 228 651 277 Corippo
675 241 752 265 non
777 230 963 279 paganice
987 227 1283 279 intelligendum
1312 236 1390 278 est,
1419 235 1462 266 ut
1478 230 1519 266 in
1538 235 1694 268 omnem‘

283 285 550 319 aeternitatem
577 296 618 319 se
646 285 775 332 ipsum
802 297 882 320 non
913 285 1128 321 revisurum
1150 284 1251 321 dicat
1274 285 1375 321 filius
1402 285 1593 331 Iustinus,
1622 283 1693 322 sed

282 341 402 374 vitam
440 349 551 372 suam
590 350 678 373 cum
706 337 779 375 hac
814 351 907 375 voce
940 340 1226 389 complectitur3
1278 340 1383 390 quali
1417 338 1692 388 significatione

283 394 400 428 etiam
429 390 602 428 ethnicos
632 394 881 442 sapientiores
905 395 945 429 in
969 395 1270 430 conclamatione
1291 406 1466 430 carorum
1486 394 1691 443 accepisse,

282 447 445 482 aliorum
462 448 723 496 interpretatio
741 461 811 485 nos
831 455 1004 484 accurate
1022 450 1268 498 inspicientes
1290 447 1436 485 edocet.
1483 460 1572 483 cum
1589 450 1693 485 enim

282 502 349 536 alii
376 500 506 536 dicunt
535 501 724 547 defunctis
742 510 940 539 aeternum
959 503 1108 548 valeas,
1132 505 1198 539 alii
1217 503 1377 553 longum
1395 501 1596 548 dixerunt,
1627 515 1692 539 ea-

282 555 372 591 dem
388 558 540 606 utrique
559 564 760 606 potestate.
789 559 888 594 Bion
908 557 1102 608 epitaphio
1120 557 1329 595 Adonidis:
1359 554 1515 608 φεύγεις
1533 553 1692 607 μακρόν,

270 607 436 657 ”Adam
474 611 539 649 καὶ
562 611 686 660 ἔρχεαι
713 613 767 657 εἰς
793 609 1020 662 Ἀχέροντα,
1048 614 1115 649 ubi
1137 620 1236 649 certe
1256 615 1298 648 in
1318 625 1472 649 omnem
1489 612 1694 647 aeternita-

282 672 363 701 tem
388 667 463 715 ipsi
494 666 817 702 commanendum
841 674 934 703 erat.
991 669 1046 704 sio
1065 668 1134 703 dia
1152 667 1290 704 eadem*
1304 668 1342 704 vi
1361 667 1559 716 usurpavit
1577 667 1695 715 Papi-

282 721 391 766 nius,
421 719 576 769 grandis
604 721 862 757 eruditionum
887 729 1015 770 pater,
1045 721 1171 761 Theb.
1199 725 1245 762 ὃς
1275 724 1325 758 ite
1350 722 1419 758 diu
1437 721 1606 771 finires,
1633 721 1695 756 in-

282 775 510 824 discretique
541 777 727 824 supremis
756 776 928 825 ignibus,
971 784 1007 812 et
1030 790 1139 813 caros
1168 790 1270 813 urna
1299 775 1520 826 confundite
1547 788 1690 811 manes.

283 827 358 865 hoc
389 837 445 866 est
472 836 672 866 aeternum
702 831 850 867 fratres.
920 833 1004 880 pari
1038 834 1183 868 ratione
1209 832 1414 880 antiquum
1441 843 1510 880 pro
1540 837 1694 866 aeterno

285 883 493 921 Christiani
534 887 736 934 scriptores
768 887 890 922 nostri
921 893 1082 935 ponunt.
1139 887 1307 922 Hilarius
1343 886 1385 921 in
1418 886 1579 921 Genesi:
1616 885 1696 933 ipse

277 941 462 988 perennis
482 941 654 988 spiritus,
683 941 843 989 antiquo
862 942 994 976 vivens·
1005 954 1077 988 per
1095 940 1253 976 saecula
1268 946 1386 976 motu.
1444 940 1603 976 BAn'ru.

395 997 460 1034 37.
516 994 678 1030 sublime
703 995 919 1031 sublimiter
947 995 1126 1042 denotat,
1167 1001 1205 1031 et
1231 1001 1288 1031 est
1315 1007 1389 1031 usu
1413 994 1696 1043 praeclarorum

284 1054 482 1084 auctorum
508 1056 716 1098 receptum.
774 1050 956 1098 Virgilius
978 1050 1048 1086 ecl.
1071 1053 1121 1089 2:
1151 1055 1350 1085 cantantes
1377 1047 1541 1084 sublime
1557 1047 1698 1097 serant

284 1103 341 1138 acl
363 1104 488 1139 sidera
516 1105 644 1153 cygni.
703 1106 902 1140 Lucretius
923 1107 969 1143 3:
1000 1111 1279 1153 nocturnasque
1285 1103 1403 1152 faces
1422 1102 1521 1138 caeli
1537 1101 1699 1138 sublime

286 1157 469 1194 volantes.
529 1157 761 1195 Prudentius
795 1160 835 1194 in
864 1161 1056 1195 Romano:
1088 1159 1282 1208 praecipit
1309 1157 1472 1194 sublime
1498 1157 1639 1193 tollant
1663 1162 1699 1192 et

285 1226 407 1248 mana
427 1212 586 1260 pnlsent
613 1219 734 1248 nates.
794 1220 895 1250 recte
913 1220 1041 1249 autem
1059 1221 1158 1249 ηιιίιι
1175 1213 1274 1249 dixit
1297 1214 1389 1249 satis
1408 1211 1539 1248 doctus
1558 1215 1696 1261 poeta:

282 1278 513 1315 magnorum
541 1268 645 1303 enim
670 1268 887 1317 principum
913 1269 1030 1304 etiam
1058 1275 1175 1304 nulus
1200 1269 1362 1317 imperia
1382 1273 1496 1314 sunt,
1527 1273 1564 1302 et
1584 1267 1698 1302 obse-

285 1320 454 1357 cundant
472 1323 550 1358 illis
570 1321 732 1368 subditi,
763 1324 795 1358 si
814 1325 879 1373 qui
900 1330 989 1359 sunt
1007 1324 1098 1359 boni
1112 1324 1244 1359 animi.
1300 1321 1500 1358 Ennodius
1517 1322 1698 1370 Panegy-

285 1378 362 1412 rico
394 1375 649 1413 Theodorici:
694 1377 886 1414 metuebat
907 1385 1088 1426 parentes
1119 1378 1320 1420 exercitus,
1349 1389 1461 1426 quem
1485 1376 1700 1412 meminisse

284 1433 445 1481 originis
470 1445 563 1467 ,ςιιαε
587 1431 819 1468 admonebat
835 1432 958 1468 honor
976 1433 1142 1468 alienus:
1173 1445 1265 1468 nam
1284 1433 1338 1467 ire
1355 1431 1412 1468 ad
1429 1437 1566 1467 nutum
1584 1443 1699 1466 suum

284 1486 450 1536 legiones
470 1494 504 1522 et
523 1500 689 1523 remeare
703 1500 851 1535 pavore
870 1487 1029 1538 algidus
1050 1486 1278 1536 imperabat.
1336 1488 1498 1523 BAR'rli.

394 1545 461 1582 89.
517 1542 621 1578 faces
653 1542 835 1579 funebres
870 1549 951 1579 tam
981 1543 1203 1593 frequenter
1228 1542 1430 1579 nominant
1456 1546 1628 1576 auctores
1652 1545 1698 1575 ut

284 1596 395 1632 nefas
425 1598 474 1632 sit
502 1595 549 1632 de
577 1609 622 1632 ea
646 1610 686 1632 re
714 1596 926 1647 quidquam
953 1596 1094 1634 dicere.
1151 1596 1256 1648 quod
1283 1609 1414 1633 cereae
1429 1596 1592 1641 fuerint,
1619 1605 1699 1629 non

286 1651 365 1700 legi
384 1653 460 1687 nisi
476 1650 562 1687 hic:
595 1664 688 1687 nam
703 1652 850 1688 Seneca
869 1653 968 1689 clare
988 1651 1099 1689 docet
1111 1665 1254 1701 pueros
1270 1651 1327 1688 ad
1343 1663 1482 1695 cereos,
1503 1650 1604 1686 viros
1620 1649 1700 1684 sive

286 1706 440 1742 adultos
460 1707 516 1742 ad
519 1706 636 1756 [αρε-ς
657 1706 784 1757 efferri
801 1707 942 1743 solitos.
987 1708 1141 1757 Lipsius
1163 1707 1352 1744 observat.
1393 1711 1437 1742 tu
1452 1703 1540 1746 vide
1559 1704 1698 1740 Senec.

288 1773 348 1808 ep.
373 1763 467 1807 123,
498 1761 545 1797 de
565 1762 701 1797 brevit.
721 1764 822 1798 vitae
843 1776 874 1798 c.
892 1763 984 1809 ult.,
1015 1762 1062 1798 de
1084 1762 1279 1812 tranquill.
1303 1761 1423 1797 animi
1440 1773 1473 1795 c.
1498 1762 1562 1798 11.
1606 1755 1699 1793 hinc

288 1821 436 1851 constat
458 1818 660 1865 antiquum
677 1817 796 1852 fuisse
813 1818 855 1852 in
875 1818 1035 1853 ecclesia
1054 1818 1192 1863 ritum,
1222 1828 1339 1867 quem
1354 1813 1471 1852 hodie
1488 1814 1699 1850 etiamnum

288 1875 462 1916 servant,
506 1871 679 1906 comitari
711 1871 847 1906 funera
877 1873 1044 1908 accensis
1071 1871 1241 1918 facibus,
1285 1869 1474 1906 distinctis
1502 1866 1698 1904 ordinibus

288 1925 567 1972 ecclesiasticis,
594 1926 839 1974 praecinente
860 1925 1103 1962 sacerdotum
1120 1924 1235 1962 choro
1257 1926 1462 1975 puerisque
1477 1921 1696 1972 phonascis.

288 1978 488 2028 theologos
506 1993 584 2016 non
602 1980 790 2016 exscribo.
845 1981 1027 2017 Dsmrsr.

397 2033 450 2070 ib.
507 2036 729 2071 notissimus
757 2041 931 2071 veterum
954 2047 1194 2085 paganorum
1224 2046 1326 2080 mos,
1367 2031 1697 2073 efferre-mortuos

289 2101 378 2124 cum
395 2089 544 2125 facibus
564 2091 703 2135 cereis3
733 2087 824 2125 hinc
843 2091 959 2126 etiam
963 2090 1096 2140 fimus
1113 2103 1135 2125 a
1151 2090 1308 2125 funibus
1325 2100 1394 2124 seu
1415 2086 1610 2123 funalibus
1632 2097 1698 2120 ac-

288 2145 411 2180 censis
447 2143 592 2180 dictum
620 2145 756 2180 volunt
793 2147 1033 2193 grammatici
1070 2146 1262 2191 Donatus,
1300 2143 1478 2188 Servius,
1515 2139 1697 2177 Isidorus.

289 2198 455 2234 eundem
474 2212 624 2235 morem
644 2201 761 2235 etiam
782 2200 943 2236 ecclesia
963 2201 1137 2246 retinuit,
1165 2197 1239 2235 hac
1263 2196 1558 2247 significatione,
1588 2194 1699 2244 quasi

289 2251 459 2288 defuncti
483 2262 669 2304 tanquam
688 2253 855 2290 athletae
876 2254 1036 2305 quidam
1057 2253 1293 2290 deducantur
1308 2251 1455 2288 facibus
1477 2250 1645 2286 accensis
1661 2254 1700 2310 et

286 2310 559 2356 praeportatis,
589 2316 631 2345 ut
654 2308 802 2346 devicto
824 2310 998 2356 saeculo,
1028 2308 1079 2345 ad
1102 2320 1326 2358 supremum
1344 2306 1456 2342 illum
1479 2305 1699 2355 βραβευτην

289 2374 333 2397 ac
356 2360 638 2411 designatorem
660 2371 823 2413 pergant
836 2393 846 2411 ,
875 2377 1035 2401 coronas
1062 2376 1105 2400 ac
1126 2364 1295 2413 praemia
1312 2371 1529 2411 pugnarum
1545 2364 1698 2395 strenue

288 2423 547 2465 pugnatarum
563 2421 792 2468 percepturi.
851 2417 960 2455 docet
979 2431 1043 2455 me
1057 2417 1158 2454 hanc
1175 2416 1491 2467 significationem
1511 2414 1552 2450 S.
1573 2411 1699 2461 Chry-

290 2477 481 2508 sostomus
499 2470 634 2511 homil.
655 2472 681 2511 4
701 2473 751 2509 ad
765 2474 905 2512 Hebr.:
936 2472 1018 2512 εἰπὲ
1045 2469 1117 2524 γάρ
1143 2487 1228 2522 μοι,
1255 2472 1291 2510 τί
1321 2466 1528 2520 βούλονται
1544 2467 1588 2506 αἱ
1601 2469 1699 2515 λαμ-

290 2522 413 2572 πάδες
445 2526 488 2564 αῖ
514 2528 695 2577 φαιδραίς
724 2523 795 2577 οὔχ
818 2527 870 2574 ὥς
893 2525 1066 2578 ἀθλητὰς
1085 2524 1226 2572 αὐτούς
1242 2524 1539 2576 προπέμπομεν;
1568 2522 1698 2558 allusit

291 2579 342 2616 ad
357 2579 524 2618 eundem
540 2594 688 2618 morem
706 2589 743 2618 et
756 2583 929 2619 Alcimus
939 2585 1077 2619 Avitus
1087 2582 1156 2618 lib.
1167 2581 1216 2621 5:
1245 2580 1359 2617 milla
1377 2591 1522 2616 vacans·
1537 2591 1564 2613 a
1581 2583 1698 2613 morte

290 2635 444 2682 domus,
471 2637 565 2674 clam
581 2636 726 2674 lamine
742 2637 862 2674 multo
880 2643 960 2674 tota
976 2643 1135 2674 curatur
1143 2634 1517 2686 populosumsunue
1533 2634 1575 2670 in
1588 2629 1693 2670 urbe.

290 2694 412 2730 Rrrr.
