1702 3060
280 136 372 181 192
673 133 890 176 comem
924 120 998 175 ΒΕ
1031 133 1298 176 LAUDIBUS

386 250 423 280 et
441 248 698 293 protectorum
717 253 902 278 numerus
922 238 1132 278 mandante
1149 242 1348 292 magistro,

385 310 509 346 omnis
532 319 727 344 sacrorum
749 310 807 344 vis
831 307 955 344 adfuit
979 309 1207 355 officiorum,

382 382 519 411 ornatu
535 375 642 409 vario
664 373 845 425 cultuque
864 372 1076 425 habituque
1092 372 1303 425 modoque.

275 440 352 482 165
381 442 519 490 ingens
540 440 744 476 excubitus
766 438 896 476 divina
919 442 1063 490 palatia
1083 453 1254 486 servans,

381 506 592 557 porticibus
617 507 764 556 longis,
793 512 903 556 porta
923 506 1139 542 condensus
1157 507 1204 542 ab
1226 507 1324 555 ipsa,

379 585 580 609 murorum
602 573 643 609 in
663 585 813 609 morem
835 573 988 609 laevam
1009 572 1266 622 dextramque
1286 571 1453 621 tegebat,

380 644 487 674 scuta
510 639 580 675 sub
603 640 738 675 erectis
763 640 999 688 coniungens
1019 651 1134 675 aurea
1155 639 1261 688 pilis.

382 717 472 740 ense
488 705 588 741 latus
608 705 742 751 cincti,
771 706 986 753 praestricti
1007 718 1114 741 crura
1133 703 1344 751 cothurnis,

271 772 349 811 170
377 769 581 806 adstabant
603 771 697 807 celsi
717 771 880 820 pariter,
914 772 1133 821 pariterque
1157 771 1331 807 nitebant

379 843 576 873 exstantes
595 838 684 873 latis
704 835 877 872 humeris
898 834 1080 887 durisque
1099 837 1266 882 lacertis,

378 904 571 940 coniferae
593 903 715 939 veluti
737 915 845 939 sacra
868 903 970 938 inter
990 903 1151 938 flumina
1174 914 1350 952 quercus,

379 983 447 1019 per
468 982 564 1020 quas
586 967 729 1004 blanda
751 969 872 1004 fluens
896 981 1009 1004 rauco
1029 975 1139 1004 sonat
1157 968 1262 1004 unda
1283 981 1451 1015 susurro,

378 1035 614 1072 condensam
630 1035 778 1070 faciunt
795 1032 979 1070 frondoso
1003 1034 1138 1070 robore
1162 1036 1315 1082 silvam,

269 1102 347 1143 175
378 1101 667 1152 excluduntque
687 1100 792 1137 diem
810 1101 950 1146 ramis,
978 1101 1209 1151 intonsaque
1229 1101 1356 1137 laetae

377 1169 558 1204 attollunt
576 1169 701 1216 capita
713 1195 722 1213 ,
753 1173 790 1202 et
807 1167 949 1202 vertice
969 1165 1094 1202 sidera
1114 1168 1285 1216 pulsant.

377 1241 414 1270 et
436 1235 548 1270 laeva
567 1232 781 1284 dextraque
801 1233 903 1269 acies
923 1231 1074 1268 adstare
1093 1232 1258 1280 videres,

374 1300 575 1349 multaque
596 1300 782 1348 ancipites
806 1297 1074 1347 splendescere
1096 1299 1182 1336 luce
1203 1300 1405 1350 bipennes,

375 1366 566 1402 terribiles
579 1394 589 1413 ,
619 1372 742 1402 aetate
759 1378 887 1414 pares.
943 1365 1117 1400 imitatur
1137 1367 1348 1416 Olympum

266 1434 344 1473 180
372 1433 508 1469 officiis
525 1433 701 1481 Augusta
721 1429 880 1467 domus:
915 1431 969 1466 sic
988 1432 1118 1467 onmia
1136 1431 1252 1480 clara,

371 1499 426 1535 sic
445 1499 617 1534 numeris
637 1498 737 1534 bene
757 1503 911 1546 compta
933 1498 1032 1544 suis,
1061 1499 1116 1533 ita
1134 1498 1220 1534 luce
1240 1510 1408 1546 corusca,

374 1577 490 1600 aurea
511 1565 675 1600 convexi
693 1563 815 1600 veluti
832 1563 1029 1598 rutilantia
1046 1564 1145 1599 caeli

372 1629 499 1666 sidera
521 1642 703 1666 mensura
725 1630 897 1665 numeris
916 1635 952 1664 et
970 1628 1142 1678 pondere
1169 1642 1306 1670 cursus,

370 1695 572 1745 perficiunt
592 1697 731 1732 librata
751 1709 820 1732 suo
833 1725 842 1742 ,
873 1696 1078 1747 stabilique
1099 1709 1253 1733 recessu

264 1760 340 1802 185
367 1761 478 1798 firma
495 1769 675 1809 manent,
705 1774 904 1812 unumque
923 1763 1034 1798 iubar
1051 1775 1167 1812 super
1183 1763 1313 1799 omnia
1330 1763 1452 1813 fulget
1462 1776 1478 1807 ε,

371 1829 503 1864 omnia
525 1828 780 1865 succumbunt
799 1829 965 1864 flammis
983 1830 1209 1865 melioribus
1229 1836 1343 1876 astra,

373 1901 411 1930 et
431 1907 507 1945 quo
526 1900 626 1930 tecta
649 1895 791 1940 latent,
821 1895 922 1942 regis
942 1901 1152 1944 pascuntur
1172 1895 1219 1930 ab
1237 1895 1343 1943 igne.

368 1958 443 1996 hac
463 1973 504 1997 se
523 1973 755 2010 magnarum
775 1961 950 1996 Romana
970 1961 1142 2009 potentia
1162 1973 1291 1997 rerum

368 2026 457 2075 lege
481 2033 616 2063 tenens
638 2024 788 2062 medias
808 2026 909 2062 inter
932 2038 1047 2075 super
1065 2026 1195 2062 omnia
1214 2032 1350 2075 gentes

261 2094 340 2133 190
367 2105 487 2142 regna
506 2094 643 2140 micat,
677 2093 778 2128 claro
798 2098 949 2128 tantum
967 2093 1036 2128 uni
1055 2091 1208 2128 subdita
1227 2093 1351 2130 caelo.

423 2160 532 2195 Atria
549 2159 761 2209 praelargis
781 2164 934 2194 exstant
952 2158 1141 2194 altissima
1157 2160 1282 2206 tectis,

369 2225 450 2265 sole
467 2226 716 2262 metallorum
734 2223 996 2274 splendentia,
1026 2226 1125 2260 mira
1146 2231 1297 2275 paratu,

369 2297 407 2326 et
423 2291 522 2326 facie
540 2292 628 2341 plus
646 2293 744 2327 mira
765 2291 861 2338 loci,
895 2291 1076 2340 cultuque
1099 2292 1279 2341 superba.

366 2357 546 2393 nobilitat
564 2356 715 2394 medios
739 2355 851 2394 sedes
871 2358 1048 2406 Augusta
1066 2364 1240 2406 penates,

259 2423 337 2465 195
366 2430 547 2475 quattuor
570 2425 725 2459 eximiis
747 2423 1034 2459 circumvallata
1055 2424 1257 2470 columnis,

366 2501 463 2540 quas
483 2501 600 2539 super
623 2502 673 2531 ex
696 2488 845 2539 liquido
867 2489 1116 2538 praefulgens
1134 2489 1308 2540 cymbius
1324 2500 1417 2526 auro

365 2554 573 2592 immodico
585 2583 595 2603 ‚
625 2556 812 2592 simulans
834 2557 998 2592 convexi
1018 2556 1170 2591 climata
1190 2555 1299 2602 caeli,

364 2622 583 2660 immortale
609 2627 723 2671 caput
746 2621 963 2672 soliumque
985 2619 1153 2657 sedentis
1175 2621 1410 2659 obumbrans

366 2696 543 2726 ornatum
565 2689 752 2739 gelmnis,
781 2699 952 2738 auroque
973 2694 1153 2738 ostroque
1175 2687 1398 2738 superbum,
