1702 3060
378 596 686 658 LIBER
760 596 1167 659 PRIMUS.

158 855 327 936 Signa,
357 876 476 922 duces
494 892 712 939 gentesque
730 886 835 924 feras
852 883 1070 939 Martisque
1091 885 1238 938 ruinas,

157 951 320 991 iusidias
340 960 569 1006 stragesque
590 955 720 991 virum
741 953 937 1006 durosque
954 955 1122 1004 labores,

158 1026 198 1057 et
213 1020 382 1072 Libycas
401 1020 532 1058 clades
551 1027 590 1058 et
608 1021 752 1058 fractos
771 1021 921 1059 viribus
942 1020 1092 1071 hostes,

156 1086 423 1140 indictumque
446 1089 596 1126 famem
615 1089 774 1139 populis
791 1089 1008 1141 laticesque
1022 1097 1203 1142 negatos,

100 1154 128 1197 5
155 1163 320 1209 utraque
341 1157 496 1194 letifero
517 1156 720 1194 turbantes
740 1163 865 1194 castra
883 1158 1070 1206 tumultu,

155 1224 331 1262 turbatos
351 1231 571 1276 stratosque
594 1237 691 1261 cano
710 1225 960 1277 populosque
980 1226 1177 1275 subactos,

155 1289 358 1330 ductorem
380 1299 418 1329 et
435 1305 582 1343 magno
601 1293 825 1343 signantem
845 1294 950 1331 facta
968 1293 1188 1345 triumpho.

153 1359 360 1398 Aeneadas
380 1373 513 1398 rursus
531 1362 695 1412 cupiunt
713 1374 895 1398 resonare
916 1362 1128 1399 Camenae.

152 1427 306 1466 reddita
325 1441 407 1479 pax
427 1429 578 1479 Libyae
600 1429 717 1467 bellis
739 1429 983 1467 cessantibus
1006 1434 1121 1477 astat,

72 1495 127 1536 10
155 1496 297 1533 certior
316 1502 355 1532 et
372 1497 542 1546 geminis
564 1496 693 1547 fulget
712 1498 874 1534 victoria
894 1497 1044 1546 pinnis.

154 1563 236 1600 iam
254 1562 380 1613 pietas
402 1562 510 1600 caelo
527 1569 649 1600 terras
665 1564 872 1614 prospexit
890 1563 937 1600 ab
957 1563 1052 1600 alto.

154 1627 304 1668 iustitia
324 1631 532 1668 comitante
550 1631 671 1668 simul
690 1628 896 1668 concordia
913 1629 1110 1668 mundum

153 1698 257 1735 laeta
277 1697 416 1735 fovens
438 1696 582 1746 reficit,
611 1699 781 1748 geminis
801 1698 988 1749 amplexa
1008 1698 1179 1737 lacertis.

153 1763 226 1802 has
248 1766 351 1802 inter
371 1764 527 1803 medius
550 1765 649 1802 sollo
673 1766 853 1804 sublimis
874 1766 921 1802 ab
945 1767 1039 1815 alto,

72 1831 123 1874 15
151 1833 390 1881 Iustiniane,
418 1833 516 1880 tuis,
547 1834 752 1884 princeps,
783 1846 944 1885 assurge
968 1831 1193 1885 triumphis,

151 1901 278 1939 laetus
297 1907 336 1938 et
351 1900 527 1938 infractis
544 1901 669 1938 victor
686 1899 736 1938 da
754 1901 842 1939 iura
860 1902 1061 1953 tyrannis:

149 1969 287 2007 inclita
305 1981 400 2006 nam
422 1974 580 2006 cunctos
604 1969 757 2006 calcant
777 1971 944 2021 vestigia
967 1983 1095 2021 reges,

150 2037 333 2088 laetaque
354 2038 531 2075 Romano
553 2037 675 2075 servit
693 2038 776 2074 iam
794 2050 969 2089 purpura
991 2051 1129 2089 regno,

151 2105 224 2144 sub
241 2102 487 2158 pedibusque
505 2106 584 2143 tuis
602 2105 728 2143 victus
746 2108 1007 2156 prosternitur
1026 2105 1166 2156 hosfis,

67 2173 123 2215 20
151 2179 190 2210 et
211 2179 347 2224 gentes
366 2173 450 2210 fera
469 2173 600 2211 vincla
621 2173 769 2224 ligant,
798 2173 984 2227 nodoque
1005 2175 1136 2212 tenaci

149 2247 240 2292 post
257 2248 414 2292 tergum
432 2241 644 2292 implicitas
661 2243 858 2293 stringunt
875 2242 1090 2280 retinacula
1103 2241 1273 2295 palmas.

149 2321 267 2346 saeva
289 2309 545 2360 superpositis
565 2309 791 2360 plectuntur
807 2311 907 2349 colla
925 2311 1086 2349 catenis.

149 2456 294 2496 oraque
318 2457 388 2495 per
406 2449 564 2482 centum
580 2443 799 2498 producant
815 2452 974 2498 pectora
992 2452 1141 2496 cantus,

149 2522 230 2548 non
246 2509 348 2550 mihi
366 2513 591 2552 sufficerent
608 2526 768 2565 sensus,
797 2527 879 2553 non
901 2527 1018 2554 omne
1041 2514 1197 2553 canenti

39 2642 64 2676 2
95 2642 290 2688 stragesque
311 2646 415 2682 codex
437 2646 622 2692 Eudemo,
658 2650 792 2695 strages
818 2647 851 2683 Τ
1005 2650 1029 2687 3
1059 2648 1174 2695 libyae
1199 2645 1312 2683 clades
1335 2658 1376 2682 ac
1399 2647 1491 2682 Bud.

42 2688 85 2741 ²1,
107 2687 221 2733 Picens
237 2690 270 2724 Τ
423 2693 466 2727 13
488 2694 607 2730 refecit
623 2694 657 2730 T
805 2695 850 2732 14
873 2704 913 2731 aa
933 2695 966 2731 Τ
1116 2696 1162 2732 16
1183 2695 1274 2731 letus
1295 2694 1394 2730 etiam
1417 2695 1490 2730 fra-

39 2736 105 2768 ctu
130 2734 163 2769 Τ
295 2735 338 2773 17
360 2737 470 2774 venia
485 2739 528 2776 Τ.
