1702 3060
262 138 326 184 60
776 114 780 118 ’
869 137 1085 181 CORIPPI

286 248 341 290 40
370 248 431 286 dic
452 262 544 298 age,
575 244 750 297 quisquis
772 242 865 283 ades
887 247 1054 298 quaesiti
1071 247 1256 298 temporis
1276 244 1440 288 index.”

425 315 585 351 Gentius
604 313 783 362 egregius
802 312 1040 363 respondens
1059 326 1154 350 voce
1170 316 1369 365 magistro,

366 381 477 430 isque
495 380 700 428 magister,
731 379 785 415 ait
809 374 974 430 “digno‚
1004 380 1246 429 venerande,
1275 382 1410 419 favore

365 452 490 482 rector
505 458 657 482 summe
673 443 834 494 ducum,
864 448 1035 484 nutantis
1055 446 1205 484 destina
1219 453 1357 496 terrae,

364 524 452 561 spes
468 512 616 562 Libyae
633 513 833 563 nostrique
852 513 963 550 favor
978 515 1176 565 virtusque
1194 513 1396 565 triumphi,

282 576 335 617 45
364 578 484 628 impia
506 591 605 629 quae
624 579 742 615 fuerit
759 579 855 616 belli
871 581 1063 616 nascentis
1084 581 1206 630 origo,

362 657 433 681 nos
456 645 571 692 latet,
602 645 806 682 obstructis
827 646 981 694 penitus
1002 652 1179 684 contenta
1198 647 1371 686 latebris.

362 717 490 747 vester
510 711 723 748 Caecilides
740 713 809 748 illa
826 711 874 748 de
891 719 1000 761 parte
1019 713 1210 762 tribunus,

363 779 397 814 si
416 779 543 814 iussus
562 779 689 828 coepti
707 779 848 814 referat
866 777 1089 816 discrimina
1106 780 1216 828 belli,

364 850 501 879 cuncta
523 843 660 881 docere
680 852 829 895 potest3
861 846 968 882 cuius
989 847 1133 896 quippe
1156 846 1287 882 omnia
1303 845 1411 883 novit

281 907 335 950 50
363 911 403 946 in
421 911 546 960 patria
565 913 771 948 commissa
789 925 880 959 sua,
911 919 1126 962 gentesque
1144 912 1328 962 locosque

365 983 637 1028 auctoremque
656 979 773 1025 mali,
804 980 922 1029 prisci
943 992 1011 1015 seu
1029 979 1215 1028 temporis
1234 972 1378 1014 iram.”

417 1044 658 1093 Praecipitur
675 1043 840 1094 placidis
855 1045 1060 1082 Liberatus
1079 1044 1207 1081 dicere
1224 1045 1368 1082 verbis.

361 1111 488 1158 paruit
508 1111 574 1145 ille
597 1111 720 1158 celer,
748 1112 866 1160 plena
891 1112 946 1148 sic
969 1124 1064 1147 voce
1084 1112 1250 1148 locutus.

354 1171 504 1223 “nitor,
538 1189 688 1213 summe
708 1176 870 1225 ducum,
901 1190 1035 1214 causas
1058 1191 1213 1214 narrare
1236 1178 1429 1215 malorum

277 1241 331 1284 55
362 1250 399 1279 et
423 1244 538 1279 iussis
559 1255 695 1292 parere
718 1244 808 1280 tuis.
866 1243 960 1280 dum
981 1244 1107 1281 dicere
1124 1251 1243 1292 tento,

361 1310 518 1346 flamma
540 1322 684 1346 nocens
707 1311 851 1360 surgit,
881 1310 1034 1359 gelidus
1052 1311 1277 1361 praecordia
1295 1313 1454 1363 sanguis

358 1375 486 1412 turbat
498 1403 508 1422 ‚
540 1381 578 1411 et
600 1382 768 1412 attentae
789 1377 858 1412 vix
877 1375 1008 1426 prodit
1028 1378 1161 1414 fabula
1181 1379 1354 1428 linguae.

356 1443 548 1491 praecipis
567 1443 650 1492 ipse
672 1455 781 1478 meos
801 1443 944 1478 iterum
957 1456 1022 1479 me
1039 1444 1141 1480 ferre
1160 1445 1327 1493 labores,

358 1506 453 1543 dum
470 1508 594 1544 refero
615 1521 776 1545 saevum
798 1507 904 1560 quod
922 1511 1083 1558 pertulit
1102 1510 1233 1547 Africa
1251 1511 1415 1548 bellum.

273 1577 327 1616 60
355 1573 426 1610 sed
445 1576 535 1625 quia
555 1575 656 1611 celsa
675 1582 858 1625 premunt
878 1574 1113 1613 dominantis
1131 1578 1237 1613 iussa
1255 1579 1445 1627 magistri,

356 1639 448 1678 hinc
469 1641 604 1691 procul
624 1648 705 1678 esto
717 1671 726 1689 ‚
761 1641 894 1678 dolor:
925 1655 1068 1692 mag-no
1086 1643 1165 1679 iam
1182 1645 1348 1680 vinceris
1365 1658 1476 1683 ausu.

355 1706 572 1758 parendum
592 1715 648 1744 est
665 1709 781 1745 iussis
795 1738 805 1756 ‚
835 1707 1056 1760 humilique
1075 1723 1218 1760 pavore
1237 1711 1493 1762 sequendum.

408 1775 604 1824 Principio
627 1776 803 1823 geminas
821 1776 901 1811 iam
918 1783 1090 1812 senserat
1107 1777 1238 1813 Africa
1251 1783 1405 1827 pestes:

355 1854 459 1877 mulo
478 1843 620 1878 iterum
638 1843 815 1890 geminas
835 1844 950 1878 sentit
966 1841 1187 1879 miseranda
1206 1845 1351 1881 ruinas.

274 1908 327 1950 65
355 1908 496 1945 finibus
516 1909 557 1944 in
577 1910 720 1944 nostris
742 1914 824 1944 orta
844 1915 921 1956 est,
953 1921 1052 1960 quae
1073 1911 1191 1945 crevit
1212 1910 1253 1945 in
1276 1910 1422 1959 orbem,

354 1976 548 2025 impietas.
607 1975 787 2011 Guenfan
803 1976 955 2012 miseris
974 1982 1031 2012 est
1047 1977 1166 2012 tristis
1187 1977 1294 2026 origo

356 2042 499 2077 Antala
519 2048 702 2078 nascente
722 2042 818 2078 fero.
875 2054 968 2078 nam
988 2049 1162 2092 tempore
1182 2044 1309 2092 prisco

355 2121 436 2157 pax
462 2116 542 2144 erat
562 2110 603 2144 in
625 2109 772 2144 cunctis
790 2109 938 2159 Libyae
958 2111 1151 2146 tutissima
1169 2111 1296 2148 terris.

355 2173 550 2224 gaudebat
569 2174 790 2212 miseranda
809 2177 920 2212 novis
941 2182 1073 2212 ornata
1094 2177 1245 2213 coronis

269 2243 324 2282 70
353 2242 506 2278 Africa:
535 2243 741 2279 nectebant
759 2242 868 2278 flavis
888 2249 1086 2291 gestamen
1109 2243 1235 2279 aristis

352 2309 564 2357 agricolae,
596 2310 787 2359 solitoque
806 2308 947 2345 rubens
966 2310 1007 2344 in
1024 2309 1184 2359 palmite
1201 2306 1400 2357 Baccl1u83

350 2388 508 2426 paxque
529 2388 596 2412 sua
617 2376 761 2411 laetam
779 2376 935 2425 fulgens
955 2376 1115 2412 ornabat
1135 2377 1251 2413 oliva,

347 2455 471 2494 usque
492 2441 542 2479 ad
562 2449 622 2479 ter
637 2441 758 2479 denos
776 2443 940 2479 Antalae
961 2443 1089 2479 floruit
1109 2454 1229 2478 annos

240 2584 285 2616 40
309 2583 409 2627 ades]
433 2595 468 2617 es
485 2585 576 2628 apud
594 2583 633 2616 M
741 2582 786 2616 42
806 2582 875 2626 ipse
892 2584 920 2615 L
1030 2583 1074 2616 46
1097 2579 1276 2614 abstructts
1296 2581 1335 2616 T.
1357 2591 1403 2613 an
1417 2580 1604 2614 abstrusis?
1628 2581 1670 2614 M

239 2629 278 2662 51
307 2628 355 2662 ira
376 2630 408 2662 '1'
552 2630 597 2663 52
619 2627 754 2671 placidis
769 2628 895 2660 libratis
915 2628 962 2668 Τ,
986 2627 1114 2672 placide
1129 2626 1255 2658 libratis
1271 2626 1311 2658 M
1451 2626 1495 2660 57
1517 2638 1563 2660 an
1577 2630 1667 2659 atto-

239 2672 330 2706 nitae
341 2673 360 2707 ‘3
471 2675 516 2708 62
538 2673 649 2706 humili
665 2683 788 2718 pavore
802 2674 895 2716 apud
911 2673 951 2706 M
1062 2672 1104 2706 65
1130 2672 1209 2703 orbe
1224 2671 1316 2714 apud
1331 2671 1374 2703 M
1487 2672 1532 2705 70
1553 2676 1666 2704 necte-

240 2717 300 2752 bat
319 2719 350 2751 Τ
503 2720 547 2754 71
569 2718 748 2763 solitosque
766 2719 798 2751 Τ
950 2718 995 2753 72
1017 2728 1076 2751 sua
1091 2735 1135 2742 —
1151 2715 1238 2750 oliva
1251 2715 1302 2758 11,
1325 2726 1417 2750 suam
1431 2737 1476 2744 -—
1489 2715 1608 2750 utinam
1625 2717 1665 2750 Τ.
