1702 3060
634 102 959 148 PRAEFATIO.
1468 116 1542 146 xxl

64 215 191 255 ·citato
212 229 252 268 p.
273 218 328 259 66
351 222 390 254 et
412 229 518 269 seq.‚
562 224 731 270 quatuor
748 218 926 268 insignes
944 213 1124 254 librarios
1142 213 1299 265 magnis
1322 213 1536 267 impendiis

70 295 230 336 semper
247 285 367 333 aluit,
407 297 577 338 quorum
607 287 641 323 is
674 285 787 322 labor
813 287 954 322 unicus
988 290 1033 321 ut
1061 296 1200 322 onmes
1220 284 1397 320 melioris
1417 291 1535 321 notae

68 359 251 390 auctores
271 359 310 389 et
328 353 496 389 Graecos
518 358 556 388 et
574 354 736 391 Latinos
763 353 1046 390 exscriberem.
1105 358 1328 403 postremus
1349 366 1410 389 ms
1437 365 1533 390 sane

67 421 346 458 Florentimun
366 434 409 459 se
427 419 559 472 prodit
580 421 791 459 manifesto
815 435 866 458 ex
888 421 1071 474 sequenti
1095 427 1212 470 nota,
1246 432 1347 471 quae
1365 421 1407 456 in
1426 420 1533 456 calce

68 488 252 527 eiusdem
279 490 448 540 leg-itur,
490 500 660 539 nempe:
708 489 949 526 Enneiscus
983 489 1187 526 Sassetms
1223 488 1396 525 'l'lzomae
1410 488 1532 536 filiu-s·

56 558 302 608 florentinus
332 558 430 594 civi-9
454 557 708 608 similandam
741 557 911 594 curavit.
975 556 1101 592 Mitisz
1124 556 1230 592 Fata
1251 555 1376 592 Milm
1440 570 1532 594 cum

65 624 269 664 Thomam
300 632 386 662 tum
409 626 663 662 Fraus-iseum
690 625 915 663 Sassettum
941 625 1118 675 plurium
1153 637 1194 660 re
1222 637 1316 661 vera
1347 623 1531 662 codicum

62 706 309 746 possessores
339 694 465 731 fuisse
495 700 691 730 testantur
714 693 962 730 Iulianellius
990 693 1031 728 in
1056 691 1238 742 pracsat.
1267 691 1320 729 nd
1340 693 1532 730 Bisa-ionii

68 761 309 814 Calalogum
335 760 591 799 bibliothec-ae
612 760 1141 798 MediceoqLamvntianae
1158 773 1199 810 p.
1221 758 1272 800 41
1306 768 1399 798 nota
1421 760 1528 814 (63),

59 837 103 868 et
126 829 348 867 Bandiuius
371 831 414 867 in
436 843 507 867 suo
533 828 726 879 Catalogo
751 828 930 866 eiusdem
953 827 1236 874 bibliothecae,
1267 835 1309 866 ut
1340 836 1449 880 patet
1476 842 1530 867 ex

59 898 200 937 Indice
218 899 261 935 in
282 905 338 935 to.
352 896 378 939 5
396 898 517 935 verbo
543 898 742 934 Sassettus
761 898 836 933 col.
848 896 945 937 758.
989 897 1085 945 quin
1105 897 1186 932 imo
1204 895 1425 934 Baudiuius
1440 898 1529 948 ipse

58 973 116 1005 to.
139 970 160 1007 1
189 966 378 1018 Catalogi
395 965 574 1002 codic-um
599 965 845 998 Graecorum
871 962 912 998 in
926 961 1182 1012 praefatione
1201 976 1242 1013 p.
1264 967 1311 1004 11
1345 966 1525 1015 scripsit:

56 1047 131 1072 nec
159 1031 366 1071 omittendi
392 1029 543 1066 codices
557 1028 694 1080 ferme
712 1030 1012 1087 quinquaginta
1026 1030 1162 1080 gentis
1187 1030 1386 1068 Sasseltae
1399 1061 1413 1078 ‚
1457 1035 1530 1084 qui

57 1101 182 1154 quum
205 1112 246 1136 a.
270 1096 377 1139 1449
402 1105 610 1143 notentur,
648 1099 717 1135 vix
749 1097 1020 1135 dubitandam
1049 1105 1087 1135 et
1106 1097 1179 1135 llos
1198 1099 1243 1136 ιἰι
1269 1101 1527 1151 Cosmipol-e-

53 1165 196 1207 statem
226 1166 437 1204 devenisse.
507 1165 802 1204 observandum
828 1173 888 1204 est
917 1168 1038 1204 etiam
1066 1165 1169 1204 illud
1202 1166 1366 1205 effatum
1398 1171 1524 1206 -fmtc'a

52 1237 161 1275 Fata
187 1234 300 1273 Mihi
326 1235 563 1286 inscriptum
598 1234 722 1272 fuisse
752 1236 795 1271 in
824 1235 1008 1272 omnibus
1040 1234 1242 1273 codicibus
1274 1238 1344 1288 qui
1373 1250 1523 1275 nomeu

52 1306 260 1344 Ranoisei
284 1304 452 1341 Sassem·
476 1301 639 1341 habent.
698 1317 749 1340 ne
782 1302 919 1341 credas
942 1311 1078 1341 tamen
1098 1303 1277 1341 codicem
1299 1305 1521 1342 Trivultia—

50 1364 150 1412 num
171 1374 240 1426 qul
258 1373 406 1411 Laertli
426 1373 531 1409 vitas
562 1372 737 1409 continet
765 1385 818 1408 ex
846 1371 1087 1410 bibliotheca
1109 1371 1290 1410 Medicea
1310 1371 1519 1422 prodiisse,

49 1430 144 1481 oum
161 1443 334 1492 insignia
351 1441 566 1492 gentilicia,
597 1452 698 1492 quae
719 1440 837 1476 illum
852 1441 960 1476 intus
983 1448 1022 1477 et
1041 1442 1137 1478 foris
1157 1447 1312 1488 ornant,
1345 1447 1383 1477 et
1399 1453 1518 1491 prae-

48 1513 166 1563 cipue
195 1523 334 1548 corvus
361 1522 451 1545 cum
485 1508 604 1544 anulo
629 1508 672 1543 iu
699 1514 846 1555 rostro,
898 1506 1066 1544 dubium
1098 1509 1257 1545 nullum
1291 1508 1519 1560 relinquant

49 1577 224 1617 eundem
244 1590 307 1614 ms
331 1575 383 1614 ad
407 1574 689 1613 bibliothecam
708 1576 988 1612 Corvinianam
1007 1583 1227 1626 spectasse,
1270 1577 1335 1612 vel
1355 1590 1407 1612 ex
1429 1590 1517 1614 ces-

47 1648 160 1685 sione
188 1645 386 1682 Franciscl
422 1644 611 1692 Sassetti,
674 1644 741 1680 vel
774 1645 895 1680 etiam
927 1651 1139 1696 postquam
1176 1643 1362 1681 distracta
1395 1644 1516 1681 fuerit

45 1713 165 1753 huius
194 1710 446 1750 bibliotheca.
503 1708 607 1746 hanc
622 1709 797 1749 michael
815 1713 984 1750 Verinus
1002 1711 1206 1749 Medioeae
1230 1713 1515 1765 aequiparabat

43 1782 219 1822 scribens
238 1779 290 1818 ad
305 1782 469 1818 Petrum
484 1777 702 1828 Ridolfum,
724 1787 841 1831 prout
859 1781 1007 1831 legitur
1023 1781 1066 1817 iu
1085 1780 1194 1818 illius
1217 1781 1385 1832 epistola
1406 1780 1513 1818 edita

43 1865 70 1889 a
93 1848 290 1888 Baudinio
319 1856 426 1886 tomo
450 1850 475 1888 3
499 1849 564 1884 cit.
599 1847 787 1899 Ccttalogi
814 1847 1074 1886 bibliothecae
1099 1849 1404 1886 Laurentismae
1435 1849 1512 1885 col.

44 1917 140 1968 480,
169 1919 211 1955 iu
232 1931 309 1971 qua
327 1919 383 1955 sic
399 1917 467 1954 ille
488 1918 568 1954 ait:
599 1929 679 1954 non
699 1923 758 1954 est
777 1917 878 1954 mila·
893 1918 1060 1955 Sam-ecta
1080 1918 1146 1955 vel
1162 1918 1350 1955 Medicea
1370 1916 1512 1954 biblio-

43 1985 158 2024 theca
167 2014 184 2032 ,
211 1985 284 2022 sed
300 1993 358 2023 est
377 1987 571 2023 scrinium
586 1998 765 2036 parvum
785 1986 975 2036 rcjerlum
1000 1985 1216 2023 emendatis
1240 1985 1353 2022 libris
1365 2013 1381 2030 ,
1412 1999 1510 2036 quos

41 2053 108 2094 vel
121 2053 316 2092 Attalici-⁹
334 2054 506 2093 vestibus
514 2067 733 2105 praepono.
798 2053 847 2090 de
868 2053 1010 2091 eodem
1030 2055 1169 2094 Frauo.
1192 2055 1369 2092 Sassetto
1390 2054 1508 2091 lucu-

39 2122 196 2161 lentum
224 2123 498 2160 testimonium
527 2128 658 2160 exstat
686 2119 794 2172 apud
815 2121 953 2160 Barth.
971 2124 1181 2170 Fontium,
1226 2123 1295 2175 qui
1318 2123 1435 2173 plura
1456 2120 1508 2158 ad

38 2190 156 2228 illum
173 2193 460 2243 epigrammata
480 2189 646 2238 direxit,
690 2197 728 2227 et
749 2203 772 2227 a
791 2203 868 2243 quo
887 2199 1092 2242 praeterea
1109 2191 1211 2228 liber
1234 2204 1397 2228 suorum
1419 2203 1505 2227 car-

39 2260 195 2296 minum
216 2260 402 2297 Saxettus
419 2260 631 2310 inscriptus
651 2259 750 2306 fuit,
799 2266 843 2296 ut
870 2258 1005 2297 videre
1037 2267 1098 2297 est
1124 2261 1167 2296 iu
1192 2258 1365 2296 editione
1387 2260 1505 2298 citata

35 2339 203 2379 operum
221 2327 400 2366 eiusdem
423 2328 742 2365 Francofurtensi
759 2328 853 2363 anui
874 2329 977 2368 1621
999 2342 1041 2378 p.
1064 2326 1147 2369 374
1169 2334 1207 2364 et
1229 2340 1340 2380 seqq.

147 2397 336 2434 Attamen
359 2395 410 2434 ad
426 2395 655 2433 Budensem
682 2394 966 2435 bibliothecam
986 2409 1193 2448 nunquam
1214 2396 1408 2446 spectavit
1433 2409 1500 2432 co-

34 2462 117 2502 dex
140 2477 218 2518 quo
243 2471 332 2502 utor
362 2467 404 2502 iu
436 2463 592 2503 edendo
624 2465 784 2515 Corippi
805 2467 1002 2515 poemate.
1062 2470 1215 2503 constat
1235 2466 1342 2503 enim
1362 2464 1425 2501 vel
1449 2477 1501 2501 ex

17 2532 244 2570 'collatione
270 2546 458 2570 versuum
488 2546 586 2585 quos
612 2533 763 2584 publici
784 2533 881 2573 iuris
901 2533 1049 2570 fecerat
1071 2533 1338 2583 Cuspiniauus
1360 2546 1412 2570 ex
1437 2546 1498 2571 ms

33 2612 59 2636 a
75 2612 118 2638 so
139 2599 276 2638 Budae
300 2608 529 2652 perspecto,
560 2614 640 2638 non
664 2600 838 2638 eundem
858 2601 975 2652 plane
994 2602 1118 2641 fuisse
1137 2614 1182 2640 ac
1205 2608 1385 2639 nostrum
1398 2631 1408 2649 ‚
1453 2607 1496 2639 ut

33 2666 182 2717 patebit
213 2668 354 2721 cuique
384 2670 611 2720 inspicienti
636 2676 750 2706 notas
777 2682 875 2721 quas
905 2665 1033 2707 adieci
1061 2668 1112 2707 ad
1142 2670 1293 2720 priores
1321 2671 1496 2722 quinque

31 2746 171 2773 versus
191 2735 282 2774 libri
299 2739 338 2779 1.
397 2739 618 2792 quinimmo
649 2738 718 2776 ille
750 2735 880 2777 codex
906 2746 992 2778 octo
1021 2739 1249 2778 continebat
1278 2735 1399 2777 libros
1409 2763 1426 2781 ,
1457 2743 1495 2778 et
