1702 3060
272 97 363 142 198
662 97 880 139 comPPI
910 97 984 138 DE
1016 67 1287 140 LAUDIBUS

271 207 351 246 390
379 218 426 242 eu
445 205 582 242 Sultau
601 211 729 259 nostra
753 205 896 241 servire
912 211 1067 255 paratus
1087 206 1129 241 in
1151 206 1240 243 aula

380 272 528 319 legatos
545 270 655 306 nobis
675 277 712 306 et
726 271 894 319 plurima
909 285 1070 308 munera
1086 273 1206 308 mittit
1216 300 1226 319 ,

382 349 479 386 quos
496 342 625 370 eontra
641 337 811 384 ingratos
833 335 1079 373 defendimus
1090 366 1099 384 ‚
1132 350 1237 375 arma
1254 349 1448 387 paramus-

380 402 577 439 obstamus
596 399 761 438 dominis
773 431 782 449 ‚
811 404 987 453 profugis
1008 402 1144 442 damus
1161 405 1256 444 ostia
1273 405 1392 440 servis
1402 402 1422 441 ’ἒ

381 469 534 518 legibus
552 466 627 504 hoo
646 470 788 505 nostris
807 483 885 506 non
906 472 1106 507 convenit:
1138 482 1256 519 arguo
1274 469 1439 508 factum:

273 531 351 573 395
380 533 575 582 indigenis
600 535 830 584 praebemus
850 549 978 586 opem.
1037 535 1273 587 Chaganque
1290 537 1419 572 timeri

383 612 423 636 se
440 607 570 649 putat,
602 607 639 636 et
658 601 760 638 bello
780 615 868 641 mea
890 605 1000 652 signa
1024 605 1213 640 lacessere
1234 600 1384 638 tentat?

383 666 458 712 ite,
488 667 599 702 licet:
630 680 785 717 campos
811 671 911 706 acies
932 676 969 705 et
991 676 1113 706 castra
1130 675 1276 718 parate,

385 732 661 784 signorumque
681 733 797 771 duces
817 742 918 771 certo
936 742 1084 784 sperate
1100 729 1320 773 meorum.”

441 799 679 841 Contremuit
699 802 934 850 stupefactus
952 802 1077 847 Avar,
1106 813 1326 850 magnoque
1346 801 1486 839 timore

278 860 358 904 400
387 862 559 914 diriguit.
617 867 726 903 siccis
744 880 823 903 vox
839 865 999 902 humida
1017 867 1192 905 faucibus
1211 865 1348 913 haesit,

386 931 638 982 turbatusque
655 933 769 971 malis
786 933 959 982 Augusta
977 934 1024 970 ab
1045 932 1136 970 sede
1155 933 1325 973 recessit.

444 999 580 1035 Cetera
601 999 770 1038 consiliis
793 1010 891 1048 quae
907 1002 1087 1050 princeps
1105 995 1288 1048 providus
1310 997 1397 1034 altis

388 1061 597 1113 disposuit,
627 1065 753 1101 verbis
773 1065 896 1103 fateor
921 1063 1246 1115 comprehendere
1266 1065 1399 1102 nullus

389 1130 530 1170 sufficit
543 1160 552 1178 ,
583 1138 620 1167 et
640 1132 746 1180 pleni
765 1138 875 1171 tenor
894 1139 950 1168 est
966 1133 1005 1167 iu
1030 1131 1106 1166 fine
1126 1130 1265 1168 libelli.

280 1192 359 1238 405
387 1194 485 1233 haec
506 1196 623 1235 dilata
642 1210 800 1247 parum,
828 1210 907 1233 nou
927 1195 1207 1247 praetereunda
1233 1196 1434 1246 relinquor

391 1275 569 1313 quaeque
590 1265 668 1300 suis
691 1270 818 1313 aptata
837 1263 932 1299 loeis
945 1292 954 1309 ,
982 1275 1188 1312 rerumque
1207 1263 1394 1310 favorem²

390 1330 430 1365 in
447 1337 637 1381 quantum
653 1332 754 1381 potis
777 1336 835 1368 est
850 1359 860 1378 ‚
876 1328 1029 1378 *devota
1046 1335 1177 1369 mente
1195 1329 1353 1370 notabo.

558 1653 861 1712 LIBER
939 1651 1431 1723 QUARTUS.

394 1774 487 1843 Iam
507 1801 633 1836 vicina
656 1798 738 1836 dies
758 1798 958 1849 spectandi
983 1798 1151 1837 consulis
1174 1811 1310 1838 omues

395 1867 558 1915 urgebat
582 1873 728 1903 turmas
748 1878 856 1900 arcus
881 1867 1043 1901 statione
1068 1866 1216 1914 replere

398 1939 435 1969 et
452 1934 536 1969 loca
555 1946 654 1984 quae
673 1932 827 1983 populis
844 1932 1061 1980 praefectus
1079 1930 1238 1980 deputat
1255 1932 1375 1980 urbis,

397 2001 594 2036 consultor
614 2001 748 2049 legum
767 1999 1030 2047 libertatisque
1055 1996 1222 2033 tuendae

343 2065 368 2106 5
399 2066 626 2116 dispositor,
659 2068 751 2106 iusti
767 2063 933 2111 vindex,
964 2070 1152 2100 corrector
1170 2065 1306 2114 iniqui,

399 2146 601 2174 censuram
618 2134 805 2183 gravitate
826 2143 963 2180 regens
976 2159 985 2177 ‚
1015 2131 1215 2181 multoque
1237 2133 1362 2180 rigore

399 2201 603 2247 terribilis,
633 2202 797 2250 mitique
815 2200 942 2247 magis
963 2199 1105 2247 pietate
1126 2197 1363 2238 tremendus.

399 2274 490 2303 tunc
508 2273 636 2315 partes
656 2268 807 2306 munire
825 2277 914 2301 suas
933 2266 1177 2314 spatiumque
1195 2277 1329 2313 parare

399 2334 636 2379 accelerant3
666 2331 873 2382 medioque
895 2331 990 2378 fori,
1024 2343 1099 2381 qua
1120 2330 1236 2370 divite
1257 2330 1393 2368 dextra

320 2401 371 2439 10
400 2397 603 2448 egrediens,
620 2400 797 2447 princeps
818 2410 926 2434 sacra
942 2397 1135 2435 trabeatus
1156 2398 1202 2433 ab
1222 2398 1310 2433 aula

404 2464 577 2511 divitias,
607 2466 748 2514 vulgus
766 2465 932 2504 solemni
947 2477 1108 2502 munere
1128 2462 1288 2511 donans,

402 2544 509 2568 more
528 2532 628 2570 nivis
649 2543 849 2580 sparsurus
870 2536 950 2566 erat
963 2559 972 2577 ‚
1002 2542 1103 2569 nova
1121 2530 1267 2567 fabrica
1291 2531 1427 2579 surgit.

405 2599 579 2635 turbatur
594 2603 672 2633 tota
692 2597 887 2646 lignorum
909 2595 1085 2632 venditor
1106 2596 1197 2631 urbe

410 2672 628 2715 emptorum
649 2675 834 2712 nu111er03
864 2661 992 2703 studio
1013 2665 1090 2702 ruit
1105 2675 1246 2712 agmen
1266 2659 1437 2702 emendi.
