1702 3060
396 102 605 148 IUSTINI
637 102 874 148 MINORIS
909 103 1013 147 LIB.
1046 103 1122 148 111.

196 214 298 252 Hinc
319 213 429 252 aliud
447 215 603 266 pietatis
624 225 723 265 opus
742 219 825 250 tam
847 213 995 264 grande
1016 220 1194 252 secutum
1212 219 1286 260 est.

139 295 210 334 pro
231 283 371 320 vinctis
390 284 526 319 {lentes
548 289 694 332 nuptae
716 295 858 319 venere
877 283 1040 329 maritis,

139 357 284 388 matres
301 363 371 401 pro
391 350 547 400 genitis.
604 350 728 386 nescit
747 361 901 386 servare
921 348 1114 399 pudorem

14 418 111 461 ⁴410
141 419 255 456 rebus
278 419 319 455 in
345 418 499 454 afflictis
519 418 658 467 ingens
681 415 806 453 dolor.
863 418 1073 453 ilmnemor
1091 417 1173 454 ibat

139 487 251 524 turba
274 486 334 523 sui
354 496 473 522 sexus
487 513 497 531 ‚
529 483 636 520 cultu
655 483 892 521 miserabilis
912 484 1012 534 ipso,

139 568 210 606 per
227 551 380 590 medios
399 551 579 602 populos.
637 557 848 602 postquam
866 564 1008 588 venere
1027 552 1242 590 verendam

134 623 311 659 Caesaris
331 627 420 656 ante
439 631 592 667 caram,
625 625 786 655 cunctae
809 631 879 655 sua
900 627 1058 670 pectora
1077 619 1198 657 durae

135 688 296 725 illidunt
315 695 455 726 terrae.
506 681 621 738 “pius
645 699 708 733 es,
734 693 846 737 potes
869 683 1032 724 omnia’'
1062 689 1254 725 clamant:

19 755 107 800 ¹415
130 750 273 793 “cerne
288 758 374 808 pias
394 756 598 803 lacrimas,
627 755 862 791 miserorum
882 755 1038 792 vincula
1060 757 1182 793 solve.

135 825 324 861 matribus
343 822 405 860 his
423 830 537 860 natos
550 852 559 870 ‚
590 820 652 858 his
670 823 802 872 nuptis
822 820 943 858 redde
961 825 1135 861 maritos.

136 892 316 929 omuibus
339 890 434 928 haec
455 892 505 927 sit
526 891 628 926 laeta
651 888 756 926 dies:
792 890 1022 940 tuaaegaudia
1043 893 1224 943 princeps

131 960 265 996 nullus
285 966 374 1009 agat
391 958 525 994 tristis.
584 963 813 993 cunctorum
833 958 995 994 crimina
1016 957 1118 1006 dele,

134 1026 303 1077 gaudeat
326 1033 369 1062 ut
390 1026 515 1062 laetus
534 1025 621 1060 miti
639 1030 678 1061 te
698 1025 876 1076 principe
895 1023 1112 1064 mundus.''

14 1093 104 1138 2420
132 1093 203 1132 has
221 1096 310 1145 pius
331 1095 486 1144 aspexit
502 1093 704 1139 lacrimas,
733 1093 995 1144 precibusque
1015 1093 1219 1134 dolentum

131 1163 291 1209 annuit,
323 1168 360 1198 et
380 1161 480 1198 solvi
500 1166 659 1197 cunctos
680 1172 702 1196 a
722 1161 883 1198 crimine
901 1162 1015 1199 iussit

129 1243 238 1267 more
261 1227 338 1266 dei.
397 1226 494 1265 deus
516 1234 573 1265 est
594 1228 656 1264 cui
675 1228 794 1265 verbo
819 1231 1004 1280 competit
1028 1244 1107 1268 uno

127 1298 335 1335 iustificare
360 1296 487 1332 malos
509 1294 718 1347 mediaque
743 1308 765 1332 a
786 1304 913 1333 morte
934 1297 1080 1335 levare.

129 1363 272 1403 credite
296 1365 546 1414 simpliciter:
577 1376 657 1400 vox
677 1361 775 1400 haec
794 1367 1001 1402 temeraria
1026 1380 1103 1402 non
1129 1374 1200 1405 est.

3 1429 99 1473 *425
128 1433 195 1483 qui
215 1432 308 1468 facit
331 1430 424 1479 hoc,
455 1430 552 1468 deus
574 1437 650 1467 est:
683 1429 778 1467 deus
802 1434 918 1468 estin
945 1434 1059 1470 corde
1085 1443 1309 1486 regentum:

127 1500 368 1550 principibus
389 1501 572 1550 princeps
595 1497 783 1550 quicquid
805 1497 900 1536 deus
922 1501 1110 1550 imperat,
1141 1500 1216 1540 hoc
1241 1511 1311 1542 est.

128 1574 320 1604 terrarum
340 1566 499 1604 domino
521 1564 698 1603 Christus
715 1565 823 1603 dedit
841 1570 974 1605 omnia
994 1582 1132 1619 posse:

128 1636 196 1671 ille
218 1642 276 1672 est
293 1637 541 1685 omnipotens
553 1663 562 1681 ,
593 1632 658 1670 hic
678 1635 956 1685 omnipotentis
975 1638 1122 1687 imago.

127 1703 296 1754 plurima
314 1709 514 1753 praeterea
530 1702 698 1739 solemni
714 1715 878 1739 munere
896 1704 1060 1754 donans,

14 1767 96 1813 430
125 1769 296 1808 dhuissis
317 1771 497 1823 populis,
528 1782 659 1807 arcem
680 1771 868 1808 remeavit
890 1773 931 1809 in
954 1774 1089 1811 altam.

308 2027 616 2084 LIBER
692 2027 1160 2086 TERTIUS.

123 2148 317 2226 Contigit
335 2182 378 2213 ut
398 2178 578 2228 princeps
598 2179 767 2228 Augusti
786 2178 925 2214 limina
945 2178 1050 2226 tecti,

121 2257 346 2296 quanquam
363 2246 463 2281 festa
482 2244 567 2283 dies
585 2253 741 2283 sextam
758 2252 1051 2295 consumpserat
1070 2244 1221 2295 horam,

120 2323 199 2349 non
220 2310 353 2350 dulces
378 2313 532 2364 epulas,
562 2326 642 2349 nou
661 2315 803 2364 pocula
823 2320 931 2363 grata
949 2315 1102 2363 petivit,

82 2415 84 2418 ,
119 2380 162 2416 ni
178 2382 298 2431 patris
316 2382 488 2431 primum
506 2387 685 2418 sanctum
705 2388 744 2418 et
759 2381 983 2418 venerabile
1000 2395 1140 2432 corpus

66 2444 92 2487 5
121 2454 299 2485 ornatum
318 2450 517 2500 exsequiis
536 2450 688 2486 tumulo
711 2448 918 2486 mandaret
937 2443 1092 2500 opimis.

122 2521 212 2550 ante
231 2515 333 2552 fores
353 2517 434 2552 iam
465 2515 619 2568 [turba]
652 2518 751 2566 ruit,
781 2518 1006 2568 passimque
1026 2531 1097 2568 per
1114 2519 1245 2556 aulam

119 2582 329 2631 porticibus
353 2584 480 2634 longis
501 2585 629 2622 stabat
651 2598 739 2622 cum
757 2585 874 2636 plebe
893 2591 1064 2634 senatus,

119 2649 281 2686 interius
300 2650 434 2688 flentes
453 2652 606 2690 famuli.
664 2666 758 2690 vasa
777 2666 893 2690 aurea
912 2654 1037 2702 mille,

118 2716 228 2753 mille
250 2717 519 2756 colulmlarum
537 2722 708 2771 species,
738 2729 922 2772 argentea
942 2722 1066 2770 mille,

1385 102 1479 147 187
