1702 3060
461 106 813 150 IOHANNIDOS
847 106 953 150 LIB.
986 108 1066 151 IV.

152 230 252 272 quas
273 224 408 257 tamen
427 233 518 257 ecce
535 226 650 272 parat
672 217 811 257 ductor
828 226 979 258 tentare
997 217 1194 258 Iohannes

149 288 278 327 milite
300 301 391 324 cum
412 301 557 339 parvo3
587 301 727 340 pacem
747 289 814 340 qui
834 302 1022 340 quaerere
1040 295 1215 328 nostram

149 369 230 394 non
251 354 396 394 humili
416 370 507 393 cum
523 357 608 393 iure
629 362 760 407 putat,
791 355 863 393 sed
883 356 1048 394 callidus
1069 364 1165 406 arte,

147 436 310 475 poscere
329 438 427 477 quos
448 424 601 473 decuit,
632 426 743 462 vanis
761 425 975 462 terroribus
997 432 1111 462 artat.

35 493 118 533 380
146 498 204 528 tot
223 490 325 530 mihi
345 498 435 544 post
452 493 614 529 meritos
637 492 812 530 subiecto
830 493 956 529 Marte
977 491 1213 543 tritunphos,

149 558 314 598 dextera
332 573 431 612 quos
449 560 586 597 tribuit
605 558 769 597 ducibus
791 561 934 598 virtute
956 563 1185 612 peremptis,

145 635 236 680 post
251 629 465 667 Solomona
480 627 631 676 ferum,
662 629 782 679 primi
799 636 888 679 post
905 629 987 665 fata
1006 627 1207 678 Iohannis,

73 744 80 749 θ
144 697 318 734 Antalan
336 697 522 748 culquam
538 696 645 735 bello
664 703 815 733 tentare
836 695 1001 734 licebit?

144 770 290 802 terreat
307 777 401 815 ergo
422 765 563 816 lupum
582 777 749 816 pascens
767 765 810 801 in
829 765 999 802 vallibus
1019 777 1158 815 agnus,

31 830 113 874 385
143 838 182 869 et
200 833 262 870 leo
280 833 361 870 iam
379 839 531 870 metuat
552 839 780 883 surgentem
797 833 841 869 in
860 845 1005 871 cornua
1025 845 1205 880 cervum3

144 899 301 939 vividus
318 913 386 938 ore
404 902 510 938 canis
525 901 703 952 leporem
720 899 958 953 damamque
978 907 1176 952 pavescat,

145 975 185 1006 et
204 969 311 1007 ferus
337 970 522 1020 accipiter
539 970 678 1006 mitem
699 969 771 1006 sub
791 969 898 1005 nube
918 969 1167 1015 ooliunbam3

143 1038 314 1088 armiger
332 1037 418 1087 ipse
436 1038 540 1073 Iovis
558 1034 755 1088 liquidam
771 1037 1025 1074 tremefactus
1046 1039 1088 1073 in
1112 1034 1289 1073 aethram

143 1104 306 1155 effugiat
324 1116 533 1141 raucamve
551 1116 692 1154 gruem
711 1117 932 1155 cygnumve
954 1112 1184 1154 canentem3

29 1176 112 1217 390
141 1174 270 1210 omnis
288 1177 327 1208 et
344 1172 509 1209 inversis
527 1179 663 1223 pereat
679 1179 820 1210 natura
837 1173 987 1224 figuris,

137 1241 328 1278 Romanis
346 1241 490 1278 totiens
509 1241 654 1278 iterum
677 1253 906 1279 concurrere
923 1242 1038 1278 victis

139 1322 230 1348 ecce
251 1309 395 1359 placet.
453 1321 587 1346 rursus
608 1307 773 1345 redeant
793 1315 832 1344 et
850 1310 1000 1358 proella
1018 1304 1206 1344 tentent.'
1224 1304 1244 1322 ”

192 1377 275 1415 vix
292 1389 338 1414 ea
356 1377 534 1428 legatusz
563 1374 698 1416 media
714 1376 818 1411 inter
835 1377 956 1413 verba
975 1377 1145 1412 cucurrit

138 1457 287 1497 perque
308 1442 429 1480 duces
447 1444 603 1480 varium
620 1455 770 1495 perque
793 1445 951 1493 agmina
971 1442 1125 1481 fervida
1146 1455 1338 1490 murmur,

25 1513 109 1557 395
137 1512 295 1550 turbine
314 1524 387 1549 oeu
403 1509 559 1559 valido,
590 1513 719 1561 prima
742 1519 927 1562 surgente
947 1512 1135 1562 procella,

138 1592 311 1632 aequora
327 1579 443 1630 pulsa
462 1586 627 1629 gemunt
642 1581 767 1630 ruptis
786 1581 1016 1631 crepitantia
1034 1580 1127 1629 ripis
1139 1590 1152 1614 ι

137 1648 389 1699 congeminat
403 1653 499 1684 tunc
515 1645 623 1684 unda
641 1660 757 1685 sonos
768 1678 778 1696 ,
809 1655 849 1685 et
866 1650 982 1689 litora
997 1647 1113 1698 lapsu

136 1723 277 1756 cuncta
297 1716 495 1762 fremunt,
527 1715 742 1766 crebroque
762 1716 954 1753 resultant
973 1727 1113 1765 aspera
1132 1713 1267 1754 fluctu.

134 1786 306 1836 imperat
327 1789 455 1820 erecta
476 1788 667 1833 mutaque
686 1783 844 1820 silentia
864 1781 1005 1820 dextra

23 1851 107 1899 400
136 1851 287 1890 ductor.
344 1851 566 1888 conticuere
588 1850 677 1898 citi,
705 1851 927 1902 intentique
949 1851 1185 1901 magistrum

135 1932 350 1973 suspexere
369 1919 458 1959 viri.
513 1918 636 1956 facies
653 1924 748 1955 tunc
767 1920 894 1956 omnis
913 1920 955 1956 in
973 1919 1091 1956 illum

133 2001 326 2041 mensque
346 1989 444 2036 coit3
474 1985 685 2039 cupidique
703 1987 842 2025 volunt
859 1986 994 2027 audire
1012 1987 1184 2024 iubentis

136 2057 367 2096 consilitun:
397 2062 602 2106 apponunt
622 2069 760 2095 sensus
785 2069 978 2108 auresque
1002 2056 1188 2107 loquelis·

132 2121 311 2166 hortatur
326 2123 484 2175 placida
502 2129 628 2161 rector
648 2131 741 2161 tunc
758 2138 854 2162 voce
875 2123 1053 2162 cohortes

21 2189 104 2235 405
132 2193 336 2240 attonitas,
366 2191 582 2244 avidasque
603 2206 768 2231 movens
787 2194 830 2230 in
850 2193 1004 2243 proelia
1023 2197 1178 2228 mentes

131 2260 280 2298 talibus
298 2258 476 2297 incendit
496 2258 611 2297 dictis
629 2267 668 2298 et
685 2262 814 2298 firmat
830 2262 874 2302 in
891 2259 1041 2297 hostes.

129 2323 365 2378 “Romanis‚
395 2330 512 2378 socii,
544 2329 666 2366 crevit
682 2330 738 2366 sic
756 2329 882 2380 glor-ia
899 2327 1029 2374 rebus,

134 2409 276 2450 resque
294 2398 414 2435 simul
430 2403 560 2434 totum
576 2398 756 2447 regnavit
771 2397 932 2448 publica
951 2392 1160 2441 mundum,

137 2463 234 2503 dum
251 2473 409 2516 gentes,
440 2464 537 2504 dum
556 2465 663 2502 bella
685 2465 834 2503 domat.
892 2477 974 2506 non
993 2464 1103 2501 arma
1121 2463 1294 2500 ferentes

23 2531 108 2574 410
135 2533 336 2575 Romanus
352 2535 484 2576 timuit
499 2533 691 2585 populos,
723 2538 792 2574 aut
812 2533 971 2583 agmina
989 2533 1105 2573 miles
1129 2576 1147 2586 A·

1427 107 1492 153 83

25 2654 94 2689 388
115 2652 242 2698 liquida
255 2655 299 2690 M
415 2656 498 2692 ibid.
521 2659 628 2690 eti-am
648 2656 698 2699 T,
723 2655 843 2689 aethra
857 2655 901 2690 M
1018 2654 1087 2690 397
1110 2663 1224 2689 sonum
1240 2656 1273 2687 et
1291 2661 1314 2683 α
1330 2647 1478 2682 sefflffllss

25 2711 134 2736 nanu
146 2699 239 2737 sonis
254 2701 287 2734 Τ
395 2703 502 2739 ῒίὸίἀ.
524 2714 602 2740 mox
614 2701 707 2738 laxu.
842 2701 909 2738 399
932 2705 1052 2746 erepta
1069 2701 1102 2738 Τ

25 2744 94 2784 408
115 2744 214 2783 simul
227 2745 286 2790 M,
310 2755 443 2793 semper
459 2750 493 2784 Τ
626 2747 694 2783 409
718 2746 854 2783 domant
872 2749 911 2783 Τ.

1232 2696 1298 2734 405
1317 2697 1433 2730 mouet
1449 2691 1481 2728 Τ
