1702 3060
287 143 349 189 72

286 383 365 424 455

282 708 360 752 460

302 1704 352 1743 10

302 2033 350 2075 15

291 2365 344 2404 20

885 141 1101 184 CORIPPI

395 253 476 289 sola
499 253 622 301 perit:
650 262 748 300 quae
770 255 878 299 peste
899 256 1048 297 carent,
1078 256 1250 286 armenta
1266 249 1429 300 peredit.

394 319 518 354 omnis
538 323 575 352 et
592 329 613 351 a
633 315 800 353 dominis
821 316 964 352 calcata
985 322 1041 352 est
1058 316 1186 352 Africa
1203 318 1360 353 Mauris.

393 396 461 432 pro
481 380 610 419 dolor!
667 384 708 419 in
729 384 874 433 campis
894 383 994 418 acies
1012 383 1091 418 iam
1109 383 1242 418 sistere
1263 383 1385 430 nullu,

392 462 465 484 neo
483 450 607 498 potuit
629 450 777 486 clausos
797 449 912 486 miles
930 446 1136 484 defendere
1154 461 1299 484 muros.

390 515 577 551 irascente
598 513 669 552 deo
688 514 890 551 traduntur
908 522 1043 551 cuncta
1064 515 1222 564 rapinis.

390 579 558 630 perfidus
577 588 614 616 et
631 581 776 618 Stutins
796 583 937 618 iterum
954 594 1027 631 per
1039 581 1143 617 bella
1161 581 1336 627 oneum-ir,

388 646 528 682 Antala
547 646 768 684 dominante
790 660 881 695 sno3
910 648 1128 698 meruitque
1143 654 1332 697 tyrannus

389 714 517 750 omnia
539 714 608 751 sub
631 713 789 750 domiuo
807 712 998 764 praedans
1018 712 1228 751 discurrere
1247 713 1396 748 Maum.

555 961 855 1016 LIBER
934 958 1423 1029 QUARTUS.

389 1078 521 1145 Dum
541 1106 667 1155 placet
689 1105 839 1143 infandi
857 1119 1001 1144 nomen
1023 1117 1236 1142 memorare
1257 1105 1425 1155 tyranni,

389 1173 511 1221 surgit
527 1172 574 1207 ab
592 1173 772 1221 internis,
807 1174 1035 1210 conturbans
1054 1185 1158 1219 ossa,
1187 1170 1370 1208 medullis

390 1237 520 1274 durior
540 1251 626 1275 ecce
646 1237 767 1276 dolor.
825 1239 984 1276 confusa
1002 1245 1132 1275 mente
1154 1236 1327 1274 retardor

386 1311 440 1341 tot
461 1303 591 1341 clades
607 1317 824 1341 memorare
845 1304 988 1341 dueum
1007 1317 1192 1354 casusque
1212 1317 1388 1340 meormn

384 1376 498 1420 atque
520 1383 643 1407 meos.
699 1371 813 1408 miles
836 1370 1008 1421 trepidos
1025 1383 1105 1407 non
1124 1369 1223 1408 fidus
1242 1369 1371 1420 adegit

383 1434 533 1472 tradere
553 1438 664 1487 signa
683 1437 812 1474 malis.
869 1437 1031 1485 longum
1052 1442 1109 1472 est
1129 1449 1283 1474 narrare
1304 1437 1476 1473 ruinam:

383 1501 452 1539 sed
471 1515 686 1540 memorem
703 1504 815 1540 certis
833 1503 1028 1539 bellorum
1049 1503 1208 1539 crimina
1228 1503 1370 1539 verbis.

432 1569 526 1604 Dux
550 1575 630 1605 erat
651 1569 830 1606 obsessae
852 1575 1023 1605 servator
1040 1569 1236 1604 Himerius
1256 1567 1374 1615 urbis,

379 1636 534 1670 moenia
552 1636 681 1672 clausa
698 1642 811 1672 tuens
830 1642 867 1671 et
887 1635 1008 1671 celsas
1025 1635 1148 1670 milite
1167 1640 1304 1670 turres.

381 1716 402 1738 e
419 1701 559 1738 mediis
578 1703 739 1738 miseros
757 1703 877 1738 traxit
892 1702 1047 1738 fallacia
1063 1702 1198 1747 muris,

380 1776 417 1804 et
440 1770 586 1804 Mauris
607 1769 750 1804 servire
771 1766 890 1804 dedit.
945 1780 1115 1818 namque
1134 1766 1220 1804 urbi
1236 1764 1385 1802 sedenti

378 1833 558 1871 blandior
577 1835 744 1877 infausto
764 1833 971 1870 mandatur
990 1833 1152 1883 epistola
1171 1846 1297 1880 versu,

379 1901 536 1937 nomine
554 1901 696 1949 scripta
714 1898 842 1947 ducis3
871 1900 1062 1950 milesque
1081 1900 1262 1936 Siuonius
1282 1900 1428 1935 intrans

381 1980 465 2003 esse
486 1965 669 2003 Iohannis
690 1967 757 2002 ait.
812 1967 980 2016 legimus
997 1964 1179 2002 mandata
1196 1966 1363 2015 tyranni,

379 2031 578 2069 credentes
595 2030 778 2068 mandata
803 2031 925 2069 ducis.
981 2045 1052 2068 uos
1072 2044 1187 2082 saepe
1203 2044 1274 2081 per
1291 2031 1403 2068 illum

377 2098 551 2136 hortatur
566 2097 707 2135 mediis
719 2127 729 2146 ,
759 2111 830 2136 ceu
849 2097 951 2147 dux,
981 2111 1178 2135 occurrere
1199 2099 1346 2147 campis

377 2171 414 2201 et
431 2166 574 2215 pariter
589 2177 741 2215 sparsas
755 2166 978 2202 Maurorum
998 2171 1167 2201 evertere
1185 2164 1324 2200 fossas.

375 2232 558 2268 attollunt
576 2232 727 2268 animos
747 2231 904 2268 confusa
920 2237 1050 2267 mente
1072 2230 1241 2278 tribuni3

373 2298 485 2346 signa
503 2296 695 2335 movenda
715 2296 866 2334 damus.
921 2299 1037 2334 tacita
1053 2296 1224 2334 velocius
1243 2308 1335 2332 aura

373 2362 569 2413 egreditur
590 2362 671 2400 dux
690 2365 773 2413 ipse
795 2364 932 2410 simul,
962 2364 1162 2414 noc‘dsque
1180 2375 1251 2413 per
1268 2361 1445 2398 umbram

374 2431 490 2466 currit
510 2441 628 2480 eques
645 2431 758 2465 sociis
778 2430 940 2466 festinus
960 2431 1119 2479 iungere
1142 2431 1277 2478 signat,

372 2509 490 2547 seque
513 2501 650 2546 putant
668 2493 839 2532 tardasse
862 2497 946 2532 viri·
1001 2502 1094 2532 tuno
1115 2501 1202 2530 ante
1223 2492 1387 2530 cucurrit

261 2614 328 2649 453
350 2625 410 2659 per
425 2614 508 2647 eden
527 2614 558 2646 Τ
599 2631 644 2638 --
691 2614 708 2646 1
734 2612 861 2645 Ductor
875 2612 961 2646 iacet
977 2613 1009 2644 T
1116 2612 1137 2645 5
1160 2611 1256 2645 milex
1272 2610 1420 2656 trepidus
1438 2611 1470 2643 ‘1'

261 2660 456 2740 ῗὲῗῗῶῗιᾶῗ
562 2658 644 2692 ibid.
668 2656 799 2690 imerius
818 2657 849 2690 Τ
966 2657 1010 2692 15
1031 2657 1175 2701 nempe?
1298 2657 1342 2690 16
1360 2666 1420 2688 seu
1438 2655 1470 2688 Τ

1573 2611 1595 2644 8
1618 2611 1679 2642 ob-

1579 2657 1620 2689 18
1643 2658 1679 2687 at
