1702 3060
243 134 339 180 218
736 134 1176 176 MAZZUCCHELLII

351 245 449 284 209.
503 255 610 280 mare
636 240 848 278 Adriacum
878 242 996 278 etiam
1018 243 1171 279 Ionium
1190 243 1238 279 ab
1262 243 1430 296 antiquis
1447 245 1666 293 vocabatur,

241 299 305 337 vel
324 298 398 336 hoc
417 311 506 349 pars
526 304 607 334 erat
626 298 756 333 illius:
787 297 889 334 unde
907 299 1162 348 intelligimus
1181 299 1375 349 quomodo
1392 299 1504 336 divus
1521 301 1669 338 Paulus

241 369 294 392 ex
315 356 426 391 Creta
445 354 642 402 navigans
667 354 709 390 in
731 352 866 389 Aclria
890 353 1010 404 (Act.
1034 356 1086 394 27
1109 351 1189 404 27)
1219 355 1369 404 appulit
1396 355 1574 392 Melitam
1602 357 1666 391 in·

237 411 366 447 sulam
395 421 516 458 prope
543 409 738 455 Siciliam,
768 421 848 446 nou
876 422 988 457 vero,
1019 415 1062 445 ut
1082 410 1204 459 aliqui
1220 410 1376 458 volunt,
1405 411 1582 447 Melitam
1607 411 1666 447 al·-

236 471 361 501 teram
383 464 500 513 vulgo
523 477 627 500 nunc
652 464 812 500 Meleda
838 466 879 501 in
901 466 989 501 sinu
1008 463 1205 501 Adriatico
1226 467 1354 502 sitam.
1410 467 1490 503 imo
1520 467 1667 503 Proco-

234 522 324 570 pius
348 520 431 569 ipse
453 519 500 555 cle
520 518 618 555 bello
643 519 774 556 Vaml.
799 523 817 559 1
846 519 897 560 14
927 520 1169 556 Adriaticum
1199 533 1306 557 mare
1335 533 1459 572 usque
1482 519 1532 558 ad
1561 522 1667 570 Tyr-

236 574 405 611 rhenum
428 574 618 611 extendit.
674 573 834 611 videndi
854 583 943 612 sunt
963 578 1062 612 clrca
1079 574 1181 611 hanc
1205 578 1472 626 quaestionem
1491 575 1560 612 diu
1580 578 1667 625 agi-

236 636 360 667 tatam
393 628 616 680 Christoph.
649 631 837 666 Cellarius
872 631 1037 668 Dissert.
1070 631 1118 666 de
1148 631 1447 668 amoenitatibus
1474 631 1670 669 historicis

238 693 277 722 et
300 686 577 736 geographie-Le
607 699 652 721 ex
682 685 884 722 itineribus
910 687 967 722 I).
992 687 1119 723 Paula·
1141 686 1226 736 Ap.
1257 687 1426 724 collectis
1442 701 1482 725 n.
1502 689 1569 728 26.
1625 688 1670 726 iu.

245 742 287 778 Τ
279 741 443 777 hes-aum
474 741 772 790 Antiquilalmn
805 741 1019 778 Sacrarnm
1046 742 1203 791 Ugolini
1232 749 1262 779 t.
1289 745 1314 782 7
1341 756 1382 794 p.
1410 745 1539 789 11973
1580 742 1667 780 Gar.

237 795 428 846 Iosephus
450 809 472 831 a
492 796 534 832 S.
556 791 735 833 Floriano
756 796 1031 846 Navigaztbne
1047 797 1140 833 clell’
1157 798 1347 847 Apo-stolo
1367 798 1496 835 Paolo
1515 797 1569 834 da
1596 798 1676 834 Ce-'

237 866 352 888 sarea
377 866 403 888 a
431 851 568 887 fllalta
592 853 635 888 in
660 851 854 888 Rae-colla
877 852 1075 888 Milanese
1099 851 1192 888 dell’
1210 866 1315 889 anno
1334 856 1439 895 1756
1461 853 1516 890 fo.
1537 854 1590 895 25
1614 855 1668 892 26

238 915 278 944 et
295 910 369 956 27,
398 908 619 958 iterumque
648 906 752 944 edita
777 906 989 944 Mediolani
1012 907 1116 948 1757
1135 909 1177 943 in
1198 908 1302 944 calce
1323 907 1374 944 ad
1394 907 1571 946 eiusdem
1596 921 1668 944 au-

236 965 353 1000 ctoris
378 962 626 999 Fonclazione
649 962 756 999 della
782 963 920 1000 Clziesa
943 963 983 999 d'
1002 963 1213 1013 Aqm‘laey‘a;
1243 970 1280 1000 et
1302 965 1426 1014 Agius
1451 962 1500 1000 de
1525 963 1668 1000 Solda-

236 1021 299 1056 nis
340 1019 524 1055 Discorso
560 1018 799 1068 apologetico
834 1025 963 1054 contro
1001 1018 1043 1054 la
1080 1018 1351 1055 dissertazione
1385 1019 1567 1056 deser-itta
1599 1018 1671 1056 dal

236 1074 444 1111 Ladvocat
467 1075 619 1110 intorno
639 1074 672 1109 il
685 1075 899 1124 nansi-agio
917 1074 960 1110 cll
982 1075 1024 1110 S.
1047 1074 1172 1110 Paolo
1191 1087 1263 1110 con
1281 1088 1363 1110 una
1380 1074 1514 1111 lettera
1532 1081 1669 1111 contra

236 1130 274 1166 le
304 1143 415 1179 opere
442 1135 633 1178 composle
658 1129 730 1166 dal
760 1130 846 1179 Sig.
873 1128 958 1165 Ab.
991 1129 1201 1179 Scialt'agcz
1230 1131 1403 1168 Venetiis
1432 1130 1536 1171 1758
1551 1159 1560 1177 ‚
1599 1130 1668 1166 ubi

234 1198 275 1235 p.
294 1189 321 1226 2
341 1193 378 1222 et
397 1188 420 1225 3
441 1191 689 1221 recensentur
707 1186 837 1235 plures
858 1185 926 1220 alii
941 1192 1138 1231 auctores,
1170 1186 1238 1235 qui
1255 1192 1477 1235 pugnarunt
1495 1199 1565 1236 pro
1581 1187 1669 1222 Me-

233 1242 306 1278 lita
339 1239 487 1278 Sicula.
543 1240 686 1290 quibus
716 1239 957 1277 adficiendus
984 1247 1042 1277 est
1068 1242 1187 1276 etiam
1217 1241 1318 1277 liber
1340 1242 1513 1278 Venetiis
1540 1240 1667 1278 editus

234 1309 337 1332 anno
361 1298 486 1343 1763,
520 1297 575 1332 sic
604 1297 833 1346 inscriptus:
869 1296 1014 1331 Cretica
1034 1295 1093 1332 de’
1111 1296 1237 1331 critici
1255 1296 1454 1341 moderni,
1481 1297 1550 1333 che
1569 1296 1669 1333 dalt’

232 1365 339 1388 anno
363 1353 467 1392 1730
488 1350 611 1398 itfino
628 1351 673 1386 al
694 1353 797 1392 1760
818 1352 996 1387 seris-sero
1015 1351 1121 1387 sulla
1143 1353 1403 1388 controversia
1419 1352 1484 1388 del
1498 1354 1669 1402 nansi-a-

228 1409 298 1459 gio
329 1407 373 1443 dc·
404 1407 447 1442 S.
476 1405 602 1442 Paolo
620 1405 830 1456 Apostolo,
860 1406 1037 1442 desc-ricto
1065 1405 1125 1442 ne’
1153 1407 1244 1454 capi
1265 1409 1318 1447 27
1339 1420 1358 1442 e
1378 1409 1431 1447 28
1453 1407 1560 1458 degli
1576 1408 1671 1444 Am:

231 1461 469 1513 Apostolici:
501 1462 643 1498 diretta
671 1476 698 1498 a
723 1461 888 1498 Filalete
905 1462 1080 1511 Episane
1100 1461 1153 1498 da
1173 1462 1305 1498 Nonio
1329 1462 1536 1499 Uatiniano
1561 1464 1669 1500 Gra-

231 1519 357 1556 wanti.
417 1530 488 1567 pro
518 1518 654 1554 Melita
691 1524 823 1554 autem
849 1517 995 1567 lllyrici
1030 1519 1285 1567 scripserunt,
1322 1524 1477 1567 praeter
1507 1521 1668 1556 citatum

231 1573 451 1620 Lathon-at,
488 1575 575 1623 Igu.
599 1574 788 1622 Georgius
815 1586 933 1622 opus,
967 1574 1030 1609 cui
1051 1566 1210 1609 titulus:
1241 1573 1298 1609 D.
1319 1573 1476 1610 Paulus
1493 1573 1669 1623 Aposto—

232 1630 298 1666 lus
322 1631 366 1665 ιἰι
394 1629 514 1673 mari,
554 1629 662 1679 quocl
687 1643 794 1666 manc
827 1628 994 1666 Venetus
1019 1629 1130 1664 sinus
1155 1628 1316 1672 dicitur,
1352 1630 1593 1680 naufragus,
1633 1637 1670 1666 et

233 1684 402 1722 flselitae
428 1684 700 1721 Dalmatensis
729 1684 883 1720 insulae
898 1691 990 1733 post
1006 1685 1267 1734 naufragium
1285 1683 1435 1732 hospes.
1501 1686 1546 1722 V
1539 1687 1670 1722 enem's

236 1743 357 1781 1730.
415 1747 453 1776 et
478 1738 616 1790 Steph.
638 1741 835 1790 Sciuliaga
859 1741 997 1777 citatus
1016 1740 1194 1791 pluribus
1217 1739 1412 1790 opusculis
1430 1747 1515 1778 tum
1534 1742 1668 1779 ltalice

232 1802 319 1832 tum
341 1797 479 1832 Latine
506 1795 635 1832 editis.

343 1854 440 1892 210.
496 1851 582 1888 alta
602 1858 707 1888 secat
725 1852 830 1900 Virg.
852 1850 958 1887 Aen.
988 1852 1039 1890 10
1063 1853 1156 1892 687.

343 1906 397 1944 ib.
457 1908 565 1956 Virg.
584 1906 691 1942 Aen.
713 1908 736 1945 3
761 1905 862 1945 410:
898 1906 1056 1942 Siculae
1073 1920 1111 1942 se
1127 1907 1342 1943 admoverit
1359 1920 1461 1944 orae.
1521 1907 1572 1943 cf.
1592 1908 1669 1944 Co-

234 1963 370 2013 rippus
404 1962 452 1999 cle
477 1962 588 1999 laud.
613 1963 711 1999 last.
741 1961 763 2000 1
801 1963 900 2008 197,
931 1964 954 2001 3
988 1965 1031 2008 1,
1062 1961 1088 2001 4
1116 1961 1210 2001 248.
1267 1961 1364 1998 haec
1392 1964 1569 2011 congessi
1595 1976 1668 1999 au-

233 2021 350 2055 ctoris
379 2020 502 2055 nostri
529 2018 712 2068 exempla
738 2015 914 2053 eiusdem
943 2018 1071 2063 vocis,
1103 2018 1194 2067 quia
1214 2019 1256 2054 in
1280 2017 1412 2054 codice
1434 2024 1564 2054 nostro
1588 2031 1667 2055 vox

232 2075 397 2123 contigit
411 2087 491 2111 non
510 2081 567 2110 est
583 2072 681 2110 adeo
703 2074 818 2108 clara.
875 2073 1039 2109 fortasse
1058 2074 1164 2122 prius
1185 2079 1265 2108 erat
1282 2075 1430 2123 attigit,
1458 2073 1563 2124 quod
1582 2086 1667 2110 cor-

232 2137 383 2166 rectum
403 2129 558 2166 videtur
576 2130 696 2166 fuisse
717 2129 764 2164 ab
786 2130 872 2178 ipso
893 2130 1132 2178 exscriptore
1156 2128 1300 2165 codicis
1319 2130 1360 2165 in
1379 2130 1556 2178 contegit.

342 2188 438 2226 211.
496 2198 620 2222 omne.
681 2186 780 2222 scias
816 2191 966 2233 oportet
991 2182 1093 2220 hanc
1127 2197 1264 2220 vocem
1289 2197 1368 2220 nou
1397 2185 1491 2220 satis
1523 2185 1667 2220 claram

232 2253 419 2290 apparere
446 2242 488 2278 in
517 2240 671 2289 codice,
701 2240 769 2276 ubi
795 2240 935 2276 saltem
962 2238 1009 2276 de
1036 2246 1232 2290 postrema
1254 2240 1383 2276 littera
1403 2252 1422 2275 e
1438 2241 1574 2290 nequit
1591 2239 1666 2277 du-

228 2296 357 2332 bituri.

339 2354 435 2391 213.
497 2351 729 2401 Scyllaeque
747 2350 924 2402 bq'sbrmis
942 2351 1048 2399 Virg.
1067 2349 1174 2386 Aen.
1198 2353 1222 2390 6
1246 2351 1341 2389 286.

339 2409 435 2446 216.
491 2419 551 2442 ms
573 2407 738 2451 alterne,
769 2408 860 2458 quia
881 2419 1036 2455 semper
1052 2407 1216 2454 negligit
1236 2402 1513 2454 diphthongos.
1570 2412 1664 2456 puto

230 2462 295 2499 hic
327 2475 410 2500 esse
436 2462 612 2498 alternae
634 2464 784 2512 poetice
804 2476 873 2512 pro
897 2463 1114 2511 utriusque,
1142 2467 1185 2496 ut
1205 2458 1308 2508 apud
1330 2460 1499 2496 Statium
1518 2461 1614 2498 Silva
1639 2464 1663 2503 1

231 2523 256 2559 3
287 2518 364 2558 251
397 2531 468 2554 nec
495 2525 531 2554 te
552 2519 778 2553 mitissimus
798 2519 926 2553 amnis
947 2517 1103 2553 dtvislct:
1134 2515 1307 2551 alternas
1329 2523 1486 2552 servant
1503 2523 1664 2566 praeto-

231 2575 293 2610 ria
314 2574 436 2623 ripas.

340 2632 438 2671 218.
493 2629 599 2678 Virg.
619 2627 724 2664 Aen.
751 2630 774 2667 3
801 2626 904 2667 42οε
935 2625 1150 2675 implacata
1177 2626 1406 2676 Charybdis.

343 2688 437 2726 219.
493 2686 600 2733 Virg.
621 2683 726 2719 Aen.
750 2686 774 2723 3
796 2683 878 2723 422
906 2681 952 2718 tle
976 2680 1170 2731 Charybdi
1191 2695 1310 2732 agens
1329 2681 1550 2731 subiungit:
1579 2696 1663 2719 εον-

234 2740 294 2778 bet
317 2742 359 2779 in
382 2740 595 2792 abruplam
605 2740 779 2790 fluctus,
807 2751 1017 2789 rursusque
1036 2737 1107 2774 sul)
1125 2751 1247 2775 auras
1264 2738 1376 2788 erigit
1393 2737 1575 2775 alternos.
