1702 3060
457 123 814 169 IOHANNIDOS
845 125 952 169 LIB.
985 127 1044 170 V.

45 205 57 220 t

139 233 450 286 conturbantque
470 235 614 273 virum.
669 235 773 274 fixus
793 237 1014 274 contexitur
1031 237 1151 276 umbo

137 302 354 339 missilibus
373 302 525 341 densis:
561 305 648 354 ipso
666 305 748 340 iam
766 305 941 354 tegmine
962 305 1096 342 subter

138 368 314 420 pondere
329 371 498 408 telorum
516 373 729 422 premitur,
759 372 990 423 sessumque
1010 372 1152 422 fatigat

30 434 109 479 740
138 437 237 474 silva
257 437 386 487 gravis
399 466 410 485 ‚
447 438 640 490 turbaque
662 441 962 491 superveniente
982 440 1151 479 laborat.

138 505 332 555 paulatim
351 503 548 543 excedens
567 508 716 544 vicinas
733 507 858 544 litoris
880 520 968 545 oras

141 579 225 608 arte
242 573 362 622 petit,
403 571 666 627 dextrumque
688 577 792 613 latus
812 573 1069 613 subvendicat
1090 574 1207 613 undis

141 640 360 691 aequoreis,
386 641 547 679 laevum
568 642 756 693 gradiens
773 644 946 680 umbone
965 649 1097 680 tuetur

139 711 341 759 tergaque.
398 715 492 747 tunc
512 711 602 748 telis
622 712 766 748 faciem
786 708 965 748 defendit
984 710 1151 762 iterque.

31 770 112 816 745
140 781 184 811 ut
202 775 264 812 leo
282 783 498 815 venantum
515 778 669 830 trepida
683 780 855 816 vallante
876 790 1019 815 corona

140 842 363 894 impavidus
383 846 527 883 virtute
545 847 678 883 fremit
691 875 701 894 ‚
732 847 910 898 rictuque
928 843 1134 883 tremendo

141 923 346 948 murmura
365 913 585 962 convolvit,
619 926 755 951 saevas
775 912 870 950 dum
891 915 1059 951 concitat
1074 915 1174 963 iras,

143 986 271 1016 erecta
290 980 431 1017 virtute
453 981 610 1029 furens3
650 994 725 1018 nec
742 994 895 1018 currere
914 987 1048 1018 contra

144 1053 203 1084 est
223 1048 376 1084 animus
394 1049 567 1086 virtusve
582 1049 694 1096 viris,
725 1046 798 1085 sed
815 1049 976 1086 vocibus
997 1047 1151 1086 hostem

30 1110 114 1154 750
143 1119 182 1150 et
195 1120 349 1152 tantum
365 1116 519 1154 iniectis
537 1123 760 1168 pertentant
775 1117 840 1154 lon
845 1117 933 1167 gius
958 1115 1097 1154 hastis.

143 1193 222 1218 nou
244 1194 356 1221 secus
374 1184 442 1220 ille
462 1185 597 1222 furens
616 1185 740 1222 turbis
765 1198 1012 1236 compressus
1033 1184 1179 1234 abibat,

141 1249 257 1287 litora
275 1263 394 1288 curva
410 1259 548 1290 tenens
571 1253 776 1304 clipeoque
794 1251 952 1291 hastilia
971 1254 1115 1290 vitans.

198 1319 269 1355 Est
286 1318 393 1356 locus
410 1319 453 1356 in
469 1320 613 1358 mediis
634 1321 752 1370 longe
772 1327 1006 1372 praeruptus
1024 1321 1154 1358 arenis

144 1384 316 1424 fluminis
334 1388 376 1423 iu
393 1400 546 1425 morem
558 1417 568 1436 ‚
597 1388 730 1439 pelagi
751 1401 872 1439 quem
890 1390 1070 1439 margine
1090 1389 1229 1427 fluctus

33 1451 115 1496 755
145 1453 278 1501 alluit,
308 1461 426 1506 atque
447 1455 564 1493 undis
584 1468 698 1506 agros
717 1455 914 1493 concludit
933 1457 1098 1504 amaris,

146 1519 376 1571 egrediens;
420 1523 562 1574 quibus
585 1524 674 1573 alga
698 1523 796 1560 locis
815 1523 1012 1576 limusque
1032 1524 1213 1563 relabens

103 1582 109 1588 ’
146 1595 264 1640 atque
283 1589 407 1626 altum
425 1592 594 1628 tremulo
617 1593 740 1628 nutrit
762 1592 834 1629 sub
856 1593 1011 1642 gurgite
1032 1604 1214 1630 coenum.
1233 1634 1235 1636 v

147 1654 226 1694 huc
246 1657 315 1694 ubi
338 1659 537 1708 pervenit,
569 1660 703 1710 nigras
728 1673 853 1712 equus
875 1657 1028 1697 horruit
1049 1659 1160 1710 algas

147 1731 187 1761 et
202 1723 368 1776 pavidus
387 1732 477 1776 post
496 1733 607 1778 terga
626 1726 741 1764 redit.
798 1733 893 1764 tunc
912 1727 1074 1764 naribus
1093 1728 1233 1767 afflans

34 1794 117 1835 760
146 1793 272 1830 erexit
289 1794 468 1843 geminas
486 1793 664 1846 (signum
682 1793 924 1846 formidinis)
950 1807 1078 1843 aures,

149 1858 294 1912 datque
311 1860 436 1909 latus,
467 1862 672 1914 fumatque
691 1863 826 1911 ferox,
854 1863 1068 1914 oculosque
1092 1870 1292 1916 retorquet

145 1930 406 1980 prospiciens,
435 1942 508 1966 nec
531 1929 662 1967 dirum
679 1930 800 1968 audet
817 1937 968 1968 tentare
990 1931 1196 1981 periclum.

147 1996 300 2034 finierat
320 1998 492 2047 spatium
514 2000 695 2051 vitaeque
718 2000 885 2051 viaeque
906 2011 1132 2049 repugnans

151 2062 253 2112 dux,
283 2063 384 2113 heu,
413 2067 704 2116 magnanimus.
759 2069 938 2119 sequitur
959 2066 1196 2104 clamoribus
1218 2065 1342 2106 hostis

37 2130 120 2174 765
149 2129 293 2170 densus
311 2145 432 2183 agens
451 2134 692 2186 turbansque
710 2136 853 2173 virum.
911 2141 1005 2172 tunc
1027 2135 1133 2171 calce
1153 2135 1351 2186 frequenti

148 2200 280 2251 pulsat
300 2213 448 2252 equum
468 2202 682 2251 geminans
697 2209 736 2240 et
752 2215 918 2253 magnos
940 2203 1111 2239 concutit
1129 2215 1272 2241 armos.

151 2268 295 2305 extulit
314 2269 510 2319 impulsus
530 2271 708 2321 sonipes,
739 2284 933 2323 cursuque
953 2276 1140 2320 negatam

150 2341 275 2372 tentat
292 2334 400 2373 adire
419 2339 536 2386 viam,
567 2338 851 2390 absorptusque
872 2338 1058 2388 voragine
1079 2339 1218 2376 mersit

149 2403 234 2453 ipse
255 2402 416 2453 cadens,
449 2404 733 2457 dominumque
752 2419 869 2457 super
886 2406 1060 2456 gluttivit
1074 2403 1187 2442 hiatu

40 2471 122 2511 770
150 2477 253 2508 terra
270 2471 442 2510 nefanda
461 2473 558 2524 fero,
589 2476 796 2527 rapuitque
815 2488 867 2511 ex
882 2472 996 2512 hoste
1015 2474 1217 2525 receptum

41 2633 111 2669 738
134 2633 285 2673 subut'r
381 2637 451 2672 ⁴746
472 2637 607 2683 rituque
625 2639 658 2672 T
752 2640 820 2674 747
844 2639 1006 2674 conuiluit
1025 2641 1075 2682 Τ,
1098 2638 1257 2673 conciliat
1271 2639 1312 2674 M

42 2689 121 2721 sens
135 2677 212 2723 dum
228 2681 375 2715 concutit
393 2682 426 2714 Τ
522 2686 591 2719 750
613 2683 647 2719 in
663 2684 763 2720 tectis
781 2686 876 2731 apud
887 2686 933 2719 M
1020 2686 1088 2721 757
1111 2686 1252 2732 putoet‘e

41 2722 149 2758 minos
165 2724 206 2758 M
337 2726 406 2760 770
429 2739 472 2762 ex
488 2730 571 2764 add.
590 2731 639 2763 M.

106 2788 236 2823 Morob.
267 2792 300 2823 et
329 2789 406 2824 Cor.
1169 2791 1220 2829 13

1384 127 1482 174 127

1408 2638 1493 2674 ibid.

1344 2685 1411 2720 766
1431 2697 1494 2728 ge-
