1702 3060
453 107 804 152 IOHANNIDOS
835 107 941 151 LIB.
973 107 1048 151 111.
1411 107 1471 152 71

147 219 399 273 congreditur
414 218 559 258 mediis
583 219 841 258 commiscens
859 218 1010 271 proelia
1031 219 1155 267 silvis,

36 289 116 334 420
142 287 366 341 impavidus
383 287 587 340 fidensque
608 289 704 326 suis.
758 288 841 324 iam
863 288 1010 324 vicerat
1027 285 1175 336 hostes,

142 358 303 410 iamque
323 357 426 395 acies
448 355 612 394 adversa
630 355 757 406 fugax
776 353 979 392 advertere
1000 362 1112 406 terga

144 431 325 476 coeperat
347 432 463 477 atque
482 431 593 462 metu
609 425 787 472 fervens,
817 423 977 474 iamque
998 423 1082 473 ipse
1106 435 1178 473 per
1195 419 1328 460 hostes

146 494 265 530 currit
285 500 323 531 et
344 505 498 530 eversas
519 493 698 543 sequitur
717 503 789 542 per
807 488 922 527 devia
941 495 1105 537 turmas,

146 572 238 597 cum
255 561 384 598 subito
402 558 558 610 dIrupta
580 557 691 596 fides.
747 558 920 594 Fortuna
940 557 1094 594 retorsit

37 624 117 668 425
144 628 276 666 vultus
297 635 399 666 retro
420 640 526 665 suos.
582 624 768 665 Lachesis
785 632 880 663 tunc
899 625 1067 662 stamina
1086 625 1206 675 rupit,

143 695 328 748 laesaque
349 708 552 747 perversas
570 694 704 732 retulit
721 694 885 730 victoria
901 692 1069 743 palmas.

143 762 329 801 invenere
348 776 466 801 suum
483 770 578 800 tunc
595 762 723 799 tristia
742 761 823 798 fata
839 762 1080 797 ministrum.

144 829 360 868 Guntarich
378 831 524 869 infelix
543 837 722 868 nostrum
745 830 956 866 conterruit
975 842 1134 880 agmen.

143 896 322 936 funditus
341 897 406 936 hic
428 899 555 950 potuit
571 898 768 935 Romanas
788 903 939 934 vertere
959 898 1078 934 vires.

34 958 115 1004 480
141 976 224 1001 non
239 966 389 1003 victum
406 954 584 1014 fortuna,
613 965 753 1001 minax
769 977 850 1001 non
868 971 1063 1014 presserat
1082 962 1220 1011 hostis,

144 1043 226 1068 non
245 1039 374 1071 metus
393 1046 483 1070 acer
498 1044 640 1083 agens3
674 1030 745 1068 sed
763 1037 919 1068 vertens
937 1038 1070 1068 mente
1087 1033 1262 1082 maligna

145 1099 258 1149 signa
276 1100 395 1138 refert
412 1099 603 1152 fingitque
622 1100 773 1150 fugam.
832 1111 952 1151 quem
966 1098 1065 1137 vidit
1083 1107 1127 1136 ut
1149 1101 1278 1137 omnis

143 1177 256 1204 versa
277 1166 415 1205 cohors
434 1166 652 1218 trepidum,
680 1169 878 1219 sequitur,
908 1168 1135 1219 campisque
1157 1170 1390 1218 magistrtuu

145 1231 308 1284 deserit,
336 1237 379 1272 in
397 1234 540 1273 mediis
555 1237 789 1273 miscentem
805 1236 956 1286 proelia
977 1236 1108 1273 fossis.

33 1297 114 1341 435
141 1298 241 1338 haec
258 1303 339 1341 fors
358 1302 455 1340 dura
472 1317 595 1341 novas
611 1310 704 1341 tunc
725 1302 904 1340 hostibus
925 1301 1079 1340 addidit
1100 1305 1178 1341 iras

142 1370 406 1423 virtutemque
429 1371 568 1419 simul,
597 1373 739 1408 nostris
760 1371 965 1421 letumque
986 1378 1217 1422 metumque

143 1436 432 1490 obscenamque
450 1439 610 1489 fugam,
638 1439 746 1489 turpi
766 1451 866 1490 quae
882 1436 1048 1488 perdere
1070 1445 1209 1488 gentes

143 1505 268 1542 Marte
291 1507 405 1544 solet.
463 1508 640 1558 sequitur
658 1504 790 1543 densis
808 1507 890 1542 iam
906 1505 1047 1542 fortior
1063 1508 1183 1543 armis

145 1570 269 1611 hostis
291 1573 430 1610 acerba
449 1573 599 1610 furens.
656 1574 741 1623 ipse
763 1570 1019 1623 impendente
1038 1574 1212 1610 tumultu

33 1636 115 1681 440
143 1640 304 1691 occidit,
334 1640 436 1691 heu,
467 1640 576 1679 duris
594 1639 784 1678 transfixo
802 1647 961 1691 pectore
979 1640 1070 1678 telis

144 1709 364 1747 immeritus
385 1709 590 1748 solomon.
646 1715 740 1745 tunc
758 1709 886 1746 omnis
904 1709 1070 1745 vertitur
1087 1707 1199 1746 ordo.

145 1777 282 1826 Martis
296 1791 406 1815 more
424 1778 558 1815 furens
575 1776 710 1813 nullus
730 1777 811 1813 iam
830 1776 947 1813 rebus
968 1777 1117 1814 amicus

142 1847 311 1894 mansit,
342 1844 413 1883 sed
430 1843 620 1896 praedam
638 1845 793 1894 rapiens
813 1857 886 1894 per
903 1845 1009 1882 bella
1030 1847 1197 1882 cucurrit

143 1914 272 1951 omnis
292 1915 418 1950 amica
433 1926 590 1951 manus.
646 1912 754 1950 flevit
772 1918 867 1948 111110
885 1914 1006 1951 tristis
1026 1919 1156 1951 arator

34 1978 116 2023 445
145 1980 379 2030 disiunctos,
414 1981 593 2032 fugiens,
626 1978 760 2018 hostes
782 1981 959 2030 rapuisse
978 1981 1181 2018 iuvencos.

143 2056 237 2086 tunc
253 2062 390 2087 omnes
407 2050 559 2100 periere
580 2046 720 2085 domus
731 2077 741 2096 ,
770 2054 864 2085 111116
882 2055 1022 2085 cuncta
1040 2049 1239 2099 supellex.

143 2130 216 2154 nec
235 2117 342 2154 solus
361 2129 511 2167 pauper
530 2129 622 2153 casu
642 2129 853 2153 concussus
871 2117 912 2153 in
932 2116 1002 2153 illo

145 2185 374 2223 succubuit:
406 2183 516 2221 dives
536 2186 684 2234 pariter
707 2197 798 2221 cum
818 2196 991 2234 paupere
1012 2196 1182 2222 mersus-

143 2259 233 2303 post
253 2253 478 2290 Solomonis
494 2265 587 2303 opes
606 2253 767 2289 libertas
784 2252 887 2290 facta
906 2251 1069 2301 rapinis,

35 2317 118 2362 450
145 2333 218 2357 nec
234 2333 326 2372 pars
345 2321 428 2357 ulla
445 2320 522 2357 fuit
540 2320 638 2357 belli
658 2333 795 2358 secura
814 2319 997 2369 maligni.

147 2394 279 2439 raptor
295 2388 444 2440 ubique
463 2388 597 2425 furens
617 2388 734 2426 urbes
754 2385 958 2426 succendit
976 2393 1014 2423 et
1035 2397 1172 2436 agr0s3

146 2467 220 2492 nec
239 2469 352 2508 seges
373 2463 440 2494 aut
459 2457 596 2505 arbor,
627 2456 796 2507 flagrans
818 2469 919 2508 quae
941 2455 1107 2498 solvitur
1126 2455 1234 2504 igne,

39 2597 108 2633 425
130 2597 244 2634 latens
261 2600 293 2634 Τ
378 2600 446 2637 428
470 2600 636 2636 cunctarit
655 2601 688 2634 Τ
774 2601 843 2635 430
865 2599 970 2634 minas
986 2611 1052 2634 non
1069 2603 1202 2645 presset
1219 2597 1251 2631 Τ
1338 2597 1406 2632 432
1429 2597 1491 2630 fln-

41 2644 179 2688 gimue]
205 2643 383 2691 fugamque
399 2648 448 2688 Τ,
471 2648 615 2681 clamore
632 2648 671 2681 M
787 2647 855 2682 434
877 2647 1055 2682 miscentes
1071 2647 1165 2692 apud
1183 2645 1221 2679 M
1338 2643 1404 2677 435
1429 2655 1492 2676 nec

41 2689 155 2723 forsan
186 2690 218 2723 Τ
349 2691 416 2726 437
446 2699 568 2738 turque.
599 2694 650 2739 T,
687 2693 803 2728 turbat
832 2704 920 2738 quae
950 2694 989 2727 M
1122 2692 1191 2727 439
1221 2689 1293 2735 ipso
1329 2689 1422 2734 apud
1453 2688 1495 2723 M

0 2743 3 2771 ζ
41 2735 108 2769 448
136 2734 266 2782 pariter
280 2735 339 2780 M,
363 2748 490 2784 pauper
506 2740 548 2774 Τ.
