1702 3060
270 129 332 173 80
351 135 353 139 “
879 123 1096 166 CORIPPI

379 245 421 274 tu
439 243 573 286 gentes
594 240 632 270 et
651 232 753 270 bella
777 231 931 279 domas,
960 231 1004 268 tu
1026 228 1189 270 conteris
1210 238 1317 269 arma

378 305 519 352 impia3
550 308 592 336 tu
609 301 748 336 nostris
771 300 905 337 solitus
925 313 1146 336 succurrere
1166 300 1295 337 rebus.

270 367 348 409 275
379 370 505 417 aspice
526 379 728 403 succensas
751 362 855 403 duris
875 380 895 403 a
914 367 1093 416 gentibus
1111 359 1239 414 urbes,

377 435 641 482 omnipotens,
673 439 862 483 agrosque
882 429 984 470 vide.
1042 429 1122 470 iam
1138 434 1270 470 nullus
1291 439 1418 470 arator

383 512 473 536 arva
497 500 606 545 colit,
636 499 815 535 lacrimas
830 501 961 536 nullus
978 514 1048 550 per
1066 501 1212 550 templa
1234 499 1412 537 sacerdos

379 579 448 616 pro
469 567 611 616 populo
634 560 714 602 iam
735 567 834 603 serre
855 574 1004 617 potest:
1034 580 1128 603 nam
1148 563 1325 604 noctibus
1347 579 1482 603 omnes

378 633 534 670 vincula
554 631 649 668 dura
668 633 798 669 ferunt
810 663 819 680 ,
849 634 1000 683 palmas
1019 641 1106 684 post
1123 633 1232 683 terga
1252 632 1427 670 revincti.

269 700 350 740 280
379 701 526 748 aspice,
555 706 685 734 sancte
704 706 832 748 pater3
860 705 934 736 nec
952 702 1032 737 iam
1050 708 1117 737 tua
1135 701 1300 737 fulmina
1318 699 1482 737 cessent.

381 766 452 802 sub
470 766 611 801 nostris
631 763 794 814 pedibus
811 767 1036 810 Maurorum
1053 767 1180 804 sterne
1199 773 1390 815 caten-³153

380 834 484 881 eripe
504 833 673 881 captivos
694 825 817 868 saevis
840 845 861 868 a
880 833 1059 882 gentibus
1077 833 1213 880 Afros3

379 899 651 949 Romanosque
672 905 759 935 tuos
779 899 890 935 solite
907 900 1112 935 miseratus
1132 899 1311 935 alumnos

383 977 495 999 cerne
513 959 619 1013 pius,
649 967 867 1015 nostrisque
889 965 1023 1002 favens
1042 966 1104 1000 fac
1124 964 1265 1014 gaudia
1287 961 1458 1002 luctus.”

269 1029 350 1071 285
435 1032 541 1066 Haec
560 1043 780 1067 memorans
799 1026 970 1067 lacrimis
990 1032 1110 1068 siccas
1128 1020 1300 1067 infundit
1317 1043 1475 1068 arenas:

380 1098 524 1147 quippe
546 1097 656 1137 dolor
673 1099 875 1148 pietasque
894 1103 1071 1144 movent,
1100 1103 1327 1148 mentesque
1343 1094 1531 1147 benignas

381 1163 627 1211 conturbant,
658 1163 864 1214 densisque
886 1165 1031 1214 agitant
1050 1163 1284 1212 singultibus
1301 1169 1421 1199 artus.

380 1237 422 1266 ut
440 1231 539 1266 bene
562 1231 798 1280 complacitis
819 1237 1091 1267 consummans
1110 1231 1239 1265 omnia
1255 1224 1382 1265 verbis

385 1298 586 1341 conticuit,
617 1304 709 1330 tunc.
729 1291 852 1343 surgit
871 1301 1012 1341 ovans}
1043 1298 1221 1346 rivosque
1242 1296 1404 1332 fluentes

270 1365 350 1404 290
378 1362 592 1398 luminibus
616 1367 790 1408 tergens,
824 1360 987 1410 placidis
1006 1355 1086 1396 iam
1105 1357 1276 1398 vultibus
1295 1361 1409 1398 heros

382 1429 555 1476 respicit,
586 1434 830 1477 armatasque
854 1428 961 1462 iubet
982 1439 1186 1476 properare
1210 1427 1398 1465 cohortes.

382 1495 464 1543 ipse
488 1493 589 1542 capit
607 1494 803 1528 tumulum
815 1522 825 1538 ,
856 1505 932 1543 quo
954 1506 1129 1529 summus
1148 1499 1186 1530 et
1205 1495 1318 1531 altior
1338 1502 1466 1533 astans

383 1560 543 1595 consilio
563 1566 719 1595 cunctos
738 1560 927 1595 relevaret
943 1572 1050 1596 more
1066 1554 1279 1598 ministros.
1395 1603 1410 1609 ᾗ

385 1627 616 1662 conveniunt
634 1627 801 1676 lectique
822 1624 940 1662 duces
959 1626 1156 1678 fortesque
1173 1623 1319 1665 tribuni

272 1692 351 1733 295
381 1699 495 1742 atque
515 1704 584 1727 suo
602 1694 761 1728 veniens
780 1688 996 1728 condensus
1015 1693 1058 1727 iu
1079 1689 1234 1741 agmine
1254 1695 1382 1732 miles.

382 1757 555 1808 undique
574 1757 772 1794 ductorem
788 1755 937 1793 vallant
953 1758 1119 1807 stipante
1136 1767 1300 1797 caterva.

383 1838 462 1862 non
483 1825 594 1861 aliter
615 1836 731 1874 quam
755 1833 923 1860 examen
940 1836 1031 1872 apes
1049 1837 1119 1873 per
1136 1833 1271 1862 mutua
1286 1826 1399 1864 nexis

386 1892 557 1928 efficiunt
576 1889 739 1940 pedibus
752 1919 761 1937 ,
791 1899 925 1939 regem
948 1888 1042 1926 dum
1063 1903 1178 1942 saepe
1201 1900 1394 1931 secuntur.

384 1959 529 1995 arboris
554 1963 618 1992 aut
638 1958 789 2006 apicem
807 1955 942 1993 ductor
962 1969 1234 2009 summumque
1257 1972 1441 1997 cacumen

273 2028 354 2067 300
383 2013 449 2061 aut
467 2023 640 2060 mediam
656 2024 780 2059 tenuit
799 2025 987 2060 contentis
1009 2022 1210 2060 frondibus
1235 2037 1386 2063 ornum.

383 2091 466 2141 ipse
489 2089 616 2136 sedet,
646 2090 870 2140 primusque
887 2089 1019 2126 locum
1038 2090 1200 2128 stridore
1222 2091 1413 2131 verendus

387 2158 517 2207 eligitt,
548 2163 586 2192 at
605 2155 749 2192 circum
768 2155 897 2192 densis
916 2155 1107 2194 exercitus
1126 2158 1197 2195 alis

383 2225 594 2273 colligitur,
627 2223 805 2274 reg-isque
830 2219 891 2260 sui
915 2229 1120 2274 praecepta
1146 2231 1363 2275 capessunt.

438 2292 615 2338 Armiger
635 2291 782 2326 interea
804 2292 963 2327 veniens
986 2289 1033 2327 de
1055 2291 1250 2328 montibus
1273 2292 1358 2331 altis

273 2355 354 2398 305
383 2369 470 2392 ecce
495 2357 623 2402 volat3
653 2355 870 2408 densasque
890 2355 1027 2394 videns
1048 2365 1170 2395 astare
1193 2365 1362 2395 catervas

385 2429 423 2459 et
441 2423 542 2459 celso
560 2420 733 2459 medium
752 2425 968 2475 fulgentem
989 2425 1086 2463 colle
1106 2422 1348 2476 magistrum,

276 2563 342 2598 278
365 2564 446 2607 pro]
472 2575 543 2597 cum
559 2563 608 2605 M,
630 2575 683 2598 om
703 2565 744 2597 T:
768 2566 812 2600 cf.
832 2567 852 2599 6
865 2566 945 2608 491,
969 2567 991 2600 7
1005 2568 1082 2602 338.
1182 2562 1247 2601 279
1269 2565 1384 2610 palmis
1401 2562 1433 2599 '1'¹
1529 2564 1596 2601 280
1617 2576 1693 2598 san-

276 2613 330 2640 cte
347 2608 397 2649 M,
420 2612 513 2642 tanta
533 2610 564 2642 Τ
657 2610 738 2643 ibid.
763 2609 897 2644 flamina
911 2612 1005 2655 apud
1021 2613 1061 2645 M
1158 2613 1221 2646 281
1248 2617 1384 2644 externa
1404 2611 1436 2644 Τ
1526 2613 1592 2646 288
1614 2621 1694 2643 con-

275 2663 406 2686 sumans
426 2654 457 2686 Τ
584 2653 650 2687 294
671 2654 818 2700 letinque
835 2657 868 2688 Τ
991 2656 1063 2690 295
1080 2658 1250 2695 ,condenso
1267 2654 1395 2698 agmine
1411 2656 1450 2697 T,
1473 2656 1636 2690 condenso
1652 2666 1692 2688 cx

275 2698 405 2741 agmine
419 2699 459 2733 Μ
465 2711 474 2732 ι
496 2699 539 2732 cf.
555 2699 576 2734 7
594 2700 658 2734 183
792 2701 857 2736 301
881 2711 946 2746 que
961 2702 1042 2736 adda
1052 2701 1118 2735 M:
1230 2702 1296 2736 302
1317 2711 1357 2734 ac
1372 2701 1453 2736 ΜΤ.

870 2815 889 2823 »-

1193 2837 1219 2845 r>

1091 2862 1123 2871 ..ο
