1702 3060
250 111 346 158 156
846 110 1067 156 CORIPPI

243 218 324 262 430
352 219 538 272 signaque
561 218 638 257 fida
657 219 776 270 gerit,
807 232 973 256 cuneum
988 219 1096 258 facit.
1152 219 1290 259 obvius
1306 220 1374 259 ille

352 289 408 324 ire
430 300 569 337 parans
588 286 700 323 dictis
720 287 879 324 iuvenes
899 286 1038 323 affatur
1055 287 1203 324 amicis.

349 350 542 390 “Romani
560 354 718 389 comites
738 359 776 388 et
795 364 891 403 gens
911 366 934 390 o
954 360 1085 390 nostra
1102 352 1241 401 fidelis,

351 431 454 455 nunc
470 419 590 456 fortes
607 425 818 456 monstrate
839 420 989 456 animos
1008 421 1187 471 viresque
1204 419 1414 471 fidemque.

350 487 606 535 Languantan
629 485 785 522 sufferte
809 486 960 534 minas3
988 498 1062 523 nec
1079 492 1222 524 terreat
1240 485 1363 523 hostis

240 550 321 593 435
349 565 418 588 vos
438 553 612 588 veniens.
669 553 748 588 iam
769 553 892 590 victor
911 552 1022 591 adest
1039 560 1076 590 et
1092 561 1227 590 cuncta
1244 552 1437 590 Iohannes

349 620 461 669 signa
480 631 641 655 movens
659 619 834 656 Romana
854 620 985 658 simul.
1042 633 1111 658 vos
1133 621 1186 656 ite
1203 632 1273 669 per
1287 617 1434 657 hostes.

351 699 442 722 cum
460 684 589 722 veniet
601 713 611 732 ‚
639 683 774 721 laudet
793 686 912 724 fortes
930 687 1121 739 rebusque
1140 686 1290 724 fideles.

349 760 439 789 nota
460 753 533 788 viri
554 753 699 788 virtus:
729 753 850 790 oculis
872 755 1065 804 placuisse
1086 755 1263 803 magistri

231 861 235 867 1
351 820 437 856 laus
460 819 570 855 vobis
590 831 612 855 0
635 825 800 869 quanta,
829 815 952 857 viri!”
1007 821 1062 857 sic
1085 819 1248 868 casina,
1276 827 1429 858 mentes

243 884 324 928 440
351 885 562 922 incendens
582 883 740 934 dubias,
770 887 895 924 socios
917 885 967 923 ad
982 886 1086 923 bella
1107 889 1233 937 coegit

351 955 573 1004 irarumque
597 953 716 989 simul
733 966 803 1003 per
822 960 978 990 cunctos
1001 954 1151 990 semina
1172 952 1289 990 fudit.

351 1022 447 1057 moti
469 1021 588 1056 animi
607 1033 676 1069 pro
697 1019 813 1055 laude
831 1021 936 1055 viris.
993 1021 1204 1057 fortissima
1224 1019 1371 1072 campis

350 1086 488 1136 irrupit
506 1088 680 1122 Romana
696 1098 835 1122 manus
853 1083 1068 1136 mistusque
1085 1086 1235 1124 Latinis

353 1155 511 1189 Maurus
531 1163 670 1204 eques3
702 1151 920 1203 densosque
936 1153 1041 1188 volat
1060 1151 1143 1190 dux
1158 1155 1241 1203 ipse
1264 1166 1334 1203 per
1349 1150 1492 1201 hostes,

242 1219 323 1262 445
351 1220 539 1256 militibus
559 1218 712 1255 medius
731 1219 908 1265 fervens3
937 1219 1134 1270 fortesque
1152 1219 1297 1256 tribuni

350 1299 458 1323 arma
479 1284 618 1322 Latina
637 1286 788 1322 ferunt:
818 1287 1082 1322 Nasamonum
1101 1293 1224 1323 morte
1243 1292 1413 1323 catervas

350 1355 570 1403 excipiunt,
600 1349 809 1402 hastasque
830 1358 988 1401 parant,
1019 1359 1057 1388 et
1078 1353 1227 1402 spicula
1246 1352 1424 1391 tendunt,

350 1433 485 1471 aspera
507 1426 598 1455 tuuc
619 1419 754 1472 primis
775 1419 985 1455 miscentur
1003 1420 1151 1468 proelia
1169 1420 1320 1456 turmis.

348 1489 379 1523 it
401 1488 546 1523 clamor
565 1486 672 1522 caelo
686 1514 695 1532 ,
724 1485 855 1521 iubilis
876 1486 993 1521 simul
1011 1484 1168 1522 aethera
1186 1486 1370 1536 complet.

239 1552 320 1596 450
352 1555 560 1591 obscurans
580 1565 668 1588 cum
687 1552 767 1588 sole
790 1550 896 1587 diem
915 1552 1134 1588 subtexitur
1153 1556 1219 1590 aer

347 1620 559 1658 missilibus
581 1617 732 1665 densis,
763 1630 962 1670 nervoque
980 1620 1137 1655 volatile
1156 1620 1303 1656 ferrum

348 1688 561 1738 spargitur,
594 1692 631 1722 et
653 1686 795 1722 crebris
818 1684 996 1722 discurrit
1015 1687 1151 1722 lancea
1170 1687 1328 1723 nimbis.

349 1767 507 1804 corpora
526 1765 637 1803 pars,
665 1765 755 1802 pars
775 1765 865 1788 arva
888 1752 1010 1802 capit3
1040 1753 1261 1804 feriuntque
1282 1751 1501 1805 caduntque

348 1818 441 1856 hinc
462 1826 577 1870 atque
595 1818 687 1855 hinc
705 1826 854 1869 gentes.
911 1832 1054 1868 magna
1071 1821 1210 1856 virtute
1227 1821 1454 1870 premebant

241 1885 322 1928 455
350 1885 624 1924 Marmarides:
656 1886 725 1923 sed
746 1899 834 1936 spes
853 1887 1042 1922 venientis
1060 1885 1137 1922 fida
1153 1888 1329 1936 magistri

348 1954 431 1990 sola
453 1952 600 1991 ducem.
614 1953 849 2004 comitesque
867 1953 984 1990 simul
1007 1954 1248 2003 populosque
1267 1954 1426 1992 levavit.

405 2021 552 2057 Ductor
572 2027 614 2056 ut
635 2020 793 2069 agnovit
813 2020 918 2055 fama
939 2020 1125 2055 volitante
1144 2018 1336 2057 Iohannes

349 2088 492 2124 Cusina
513 2085 620 2137 quod
636 2086 735 2123 fidus
756 2099 980 2136 camporum
998 2086 1039 2122 in
1058 2093 1164 2136 parte
1184 2093 1384 2136 prematur

346 2155 469 2190 Marte
491 2155 619 2203 gravi,
651 2152 859 2204 validoque
877 2164 1072 2188 armorum
1088 2151 1258 2202 pondere
1273 2159 1396 2202 nutet,

236 2218 317 2262 460
345 2221 487 2256 talibus
507 2222 590 2271 ipse
610 2233 699 2256 suos
717 2220 846 2256 verbis
867 2218 1041 2255 accendit
1057 2220 1097 2254 in
1114 2219 1259 2258 hostes.

341 2281 587 2323 “Romanum
605 2287 834 2336 imperium,
864 2293 998 2337 gentes
1019 2299 1269 2338 quascunque
1288 2285 1423 2324 fideles

340 2353 613 2403 subiectasque
632 2352 759 2401 videt,
790 2355 893 2390 cives
919 2360 1028 2404 putat
1052 2366 1135 2390 esse
1152 2355 1325 2390 Latinos.

343 2417 418 2455 hac
435 2420 578 2469 pietate
599 2421 757 2469 placens
777 2427 902 2456 totum
924 2421 998 2457 sibi
1017 2418 1190 2457 subdidit
1208 2419 1355 2466 orbem,

346 2485 440 2522 dum
462 2486 607 2522 relevat
625 2488 765 2522 virtute
786 2485 954 2523 humiles
970 2485 1213 2537 humilatque
1236 2486 1416 2522 rebelles.

236 2551 315 2593 465
347 2554 487 2589 Cusina
507 2553 610 2589 bella
629 2553 746 2602 gerit,
776 2554 916 2590 nostris
935 2553 1143 2590 fidissimus
1163 2554 1293 2600 armis,

235 2650 302 2685 433
335 2649 433 2684 fidem
466 2650 512 2694 T,
549 2649 713 2685 secundas
744 2650 784 2683 M
922 2650 990 2685 437
1024 2649 1100 2683 dum
1129 2650 1222 2695 apud
1252 2650 1294 2683 M
1433 2648 1502 2685 442
1532 2646 1596 2682 uiri
1626 2647 1667 2682 Μ

236 2697 303 2729 446
326 2695 461 2729 Marte?
593 2695 660 2730 449
682 2696 782 2730 semel
801 2696 833 2731 Τ
963 2695 1030 2730 453
1053 2707 1098 2729 an
1115 2695 1232 2730 arma?
1255 2695 1305 2729 M.
