1702 3060
486 107 839 154 IOHANNIDOS
874 107 978 151 LIB.
1011 106 1110 151 VII.
1439 101 1531 147 153

181 220 267 260 dux
283 221 353 260 ubi
373 220 557 260 distensis
578 219 717 258 habuit
733 219 903 258 tentoria
919 218 1033 268 velis,

69 289 152 334 825
179 291 288 328 visus
309 304 399 328 cum
417 291 555 342 primis
574 289 707 327 media
725 291 828 326 inter
850 294 975 325 castra
994 284 1207 324 Iohannes.

181 357 248 396 hic
265 371 458 410 magnum
476 360 612 396 statuit
631 358 769 396 velans
789 358 911 394 altare
931 353 1128 403 sacerdos,

181 433 222 465 et
242 427 358 465 solito
376 427 496 465 sacris
516 425 775 464 circumdedit
794 423 971 476 undique
989 423 1134 474 peplis,

181 507 293 532 more
314 501 494 547 patru1n3
521 495 810 546 instituuntque
833 490 974 530 choros
997 498 1036 528 et
1057 490 1188 527 dulcia
1213 489 1387 540 psallunt

182 564 356 600 cannina
376 561 565 598 deflentes
584 560 727 599 humili
749 574 839 598 cum
856 573 954 598 voce
974 559 1170 609 magistri.

69 631 153 672 330
182 637 242 668 ast
262 631 330 667 ubi
350 631 491 668 sacrati
511 631 641 681 tetigit
665 628 749 667 dux
766 630 907 666 limina
924 627 1066 678 templi

181 697 430 749 ingrediens,
461 699 633 748 gemitus
651 696 789 751 populi
807 710 948 749 rupere
971 694 1164 732 dolentes.

181 766 335 805 lumina
355 764 603 804 confundunt
624 767 824 805 lacrimis:
853 778 935 803 vox
957 763 1135 815 undique
1158 760 1289 798 caelos

182 835 335 887 puls-nt,
367 842 406 873 et
426 835 593 872 infensis
613 842 671 873 tot
690 836 846 873 conscia
865 841 1023 886 pectora
1043 831 1190 884 pugnis

182 905 423 955 percutitmt.
474 898 647 941 “delicta
667 911 827 956 patrum
849 902 1026 949 dimitte,
1058 909 1259 949 rogamus,

68 970 152 1013 335
181 979 417 1025 nostraque,
449 967 635 1009 Christe’'
662 979 852 1023 gemunt,
885 978 923 1008 et
942 969 1066 1007 tensis
1087 964 1247 1003 aethera
1265 963 1410 1016 palmis

182 1042 425 1091 suspiciunt,
458 1038 690 1091 dominique
711 1039 787 1077 sibi
811 1038 951 1076 solatia
973 1041 1156 1088 poscunt.

180 1108 267 1160 ipse
288 1109 391 1146 inter
406 1109 580 1160 primos,
611 1108 858 1160 genibusque
877 1113 915 1144 et
938 1117 1099 1156 corpore
1122 1103 1244 1150 flexo,

181 1189 254 1228 pro
273 1177 422 1228 populo
442 1189 611 1214 exorans
630 1183 763 1214 motus
786 1177 932 1228 pietate
959 1171 1159 1211 Iohannes

181 1257 235 1282 ex
256 1245 379 1283 oculis
401 1246 586 1283 lacrimas
607 1243 800 1283 fundebat
824 1243 997 1281 ssuminis
1019 1242 1157 1287 instar,

70 1309 154 1355 340
181 1314 488 1366 percutiensque
512 1327 629 1351 suum
648 1315 848 1365 geminato
869 1311 1032 1349 verbere
1050 1314 1188 1360 pectus

182 1382 279 1419 talia
298 1395 396 1420 voce
418 1387 545 1433 rogat.
597 1376 765 1419 “mundi
788 1388 914 1429 sator,
944 1378 1061 1416 unica
1083 1387 1215 1414 rerum

182 1451 265 1489 vita
285 1450 491 1503 salusque,
524 1448 621 1487 deus
636 1480 647 1499 ,
675 1457 804 1488 terrae
822 1450 943 1487 maris
965 1445 1135 1484 aetheris
1155 1449 1289 1481 auctor

183 1520 458 1570 omnipotens,
490 1518 646 1556 caelum
668 1525 706 1557 et
726 1525 874 1555 terram
894 1516 1104 1555 virtutibus
1125 1513 1299 1564 implens

184 1585 509 1639 undivagumque
533 1588 683 1635 salum,
713 1587 779 1623 vel
799 1584 990 1638 quicquid
1009 1585 1179 1634 cingitur
1198 1580 1306 1628 orbe,

71 1652 154 1696 345
186 1658 356 1707 aeraque
380 1663 418 1693 et
437 1662 585 1693 tetrum
605 1656 743 1708 populi
764 1655 950 1706 pallentis
970 1656 1187 1699 Avernum,

183 1725 396 1775 imperium
416 1730 460 1761 tu
480 1724 588 1761 solus
606 1721 749 1771 habes3
780 1724 853 1760 tibi
874 1735 1030 1761 summa
1052 1726 1226 1772 potestas

184 1799 223 1829 et
240 1793 329 1829 laus
348 1798 387 1828 et
403 1795 571 1842 regnum
590 1804 841 1844 magnaeque
859 1792 1037 1844 potentia
1057 1789 1237 1826 dextrae.

182 1861 333 1911 respice
349 1861 432 1897 iam
449 1857 614 1896 tandem
631 1861 854 1909 Romanos,
886 1861 1037 1911 respice
1052 1888 1061 1907 ,
1093 1869 1263 1903 summe,

185 1935 304 1980 atque
322 1930 413 1979 pius
434 1941 641 1976 succurre,
672 1935 809 1980 pater3
841 1935 1060 1980 gentesque
1081 1925 1272 1977 superbas

71 1996 153 2040 350
181 1997 342 2046 frange,
373 2008 531 2048 precor,
561 1998 705 2034 virtute
729 2003 819 2045 tua3
855 1996 1139 2047 dominumque
1166 1999 1369 2045 potentem

182 2071 222 2103 te
243 2065 374 2102 solum
393 2072 609 2115 agnoscant
628 2066 789 2116 populi,
822 2063 918 2102 dum
940 2067 1108 2102 conteris
1128 2063 1263 2101 hostes

183 2139 224 2171 et
244 2134 374 2171 salvas
394 2145 466 2184 per
481 2133 589 2170 bella
607 2140 711 2171 tuos.
769 2146 875 2170 mmo
897 2134 1079 2185 sculptile
1100 2131 1263 2169 damnat

183 2214 301 2239 cume
326 2213 474 2251 genus,
503 2215 723 2254 verumque
747 2200 868 2238 deum
888 2208 948 2250 te,
980 2214 1147 2252 magne,
1177 2193 1389 2237 fatemur.”

182 2267 283 2306 haec
301 2282 527 2307 memorans
544 2276 669 2309 terras
691 2271 896 2309 oculorum
917 2271 1026 2307 fonte
1048 2269 1214 2320 rigabat,

73 2335 154 2380 355
185 2337 412 2387 compulsus
430 2339 575 2390 pietate
593 2346 724 2392 pater,
754 2340 985 2391 Libyaeque
1004 2339 1200 2390 periclum

183 2411 318 2442 mente
340 2404 479 2444 dolens
501 2420 712 2458 rerumque
731 2419 870 2457 graves
889 2408 1107 2459 populique
1126 2407 1295 2448 labores.

184 2486 258 2510 nec
275 2475 406 2512 minus
426 2472 661 2512 humectans
680 2476 794 2512 iuxta
812 2476 1051 2514 Recinarius'
1066 2490 1134 2514 ora

185 2540 401 2580 luminibus
421 2542 614 2580 fundebat
637 2556 782 2596 aquas,
818 2545 1071 2597 supplexque
1092 2545 1246 2583 Latinis

187 2610 383 2648 auxilium
399 2613 556 2663 populis
577 2613 691 2650 vultu
710 2620 913 2650 maerente
933 2614 1117 2665 rogabat3

75 2707 142 2742 325
167 2707 239 2762 uisa
260 2709 293 2742 Τ
413 2709 482 2748 327
504 2710 630 2746 solite?
754 2713 823 2749 336
847 2713 1036 2761 suscipiunt
1053 2715 1087 2750 T
1198 2714 1266 2750 357
1291 2712 1484 2748 humeuatis
1502 2714 1543 2758 T,

75 2755 241 2789 humectis
257 2755 298 2790 M
434 2757 517 2791 ibid.
543 2769 644 2792 orans
659 2759 709 2793 M.
