1702 3060
272 144 365 190 170
656 145 879 194 ,ΟΟΒΙΡΡΙ
911 145 986 186 DE
1021 145 1287 188 LAUDIBUS

269 250 346 294 135
375 264 463 289 cum
481 252 612 300 magni
634 263 786 300 regeres
805 249 936 288 divina
953 253 1098 302 palatia
1113 255 1246 303 patris,

374 332 444 368 par
465 324 621 353 exstans
642 318 762 365 curis,
792 318 874 355 solo
898 317 1118 356 diademate
1136 319 1266 370 dispar
1275 319 1295 358 ’ἔ

373 383 508 420 ordine
530 397 599 433 pro
617 397 746 420 rerum
763 386 951 422 vocitatus
972 386 1206 437 Curapalati.

374 448 583 499 (dispositu
601 462 694 485 nam
711 451 851 494 Caesar
872 451 996 501 eras),
1029 466 1117 489 cum
1137 460 1287 504 sceptra
1307 460 1454 490 teneret

371 516 482 551 fortis
503 514 630 552 adhuc
650 519 799 564 senior,
831 520 940 567 regui
959 526 1001 555 tu
1019 533 1171 556 summa
1187 521 1349 570 regebas

263 579 342 623 140
370 582 531 618 consilio
551 581 750 619 moderata
769 586 892 633 gravi.
948 586 1006 621 nii
1029 587 1096 622 ille
1114 588 1263 636 peregit

368 653 406 684 te
431 648 535 695 sine,
563 652 836 698 magnanimus
859 664 928 688 seu
950 652 1063 688 fortia
1083 653 1187 689 bella
1204 659 1389 702 moveret,

370 713 528 750 foedera
548 728 616 751 seu
634 717 740 765 pacis
759 729 848 752 cum
863 718 973 754 victis
990 720 1112 755 victor
1132 721 1261 756 iniret.

370 793 474 816 nunc
492 779 598 817 idem
617 783 768 831 genitor
785 783 910 820 laetus
928 785 1144 836 plenusque
1167 785 1318 823 dierum

370 847 506 884 funere
526 847 634 883 felici
653 848 833 885 caelestia
852 861 970 899 regna
988 852 1137 900 petivit,

264 912 341 954 145
370 921 408 951 te
429 927 691 952 successorem
709 922 882 952 statuens
905 917 993 952 sibi.
1049 919 1201 968 suscipe
1222 916 1416 967 gaudens:

371 981 414 1017 in
432 987 498 1017 tua
519 982 603 1016 iura
623 994 737 1018 suum
760 984 972 1019 transmisit
990 985 1202 1021 avunculus
1220 985 1366 1022 orbem.

373 1059 451 1082 non
471 1054 509 1083 te
529 1054 735 1097 cognatum
755 1050 1018 1086 sanctissimus
1042 1051 1109 1086 ille
1130 1053 1294 1100 putavit,

374 1111 443 1149 sed
461 1115 649 1161 genitum.
707 1121 744 1151 te
765 1116 849 1152 iura
867 1124 1024 1165 vocant,
1054 1124 1091 1154 te
1113 1119 1276 1155 sustinet
1294 1120 1398 1156 aula.

373 1186 416 1215 tu
431 1178 547 1216 decus
569 1181 722 1230 imperii
741 1182 874 1218 lumen
892 1184 1091 1235 virtusque
1109 1185 1251 1220 Latini.

264 1245 343 1287 150
370 1247 411 1282 in
428 1253 466 1282 te
486 1253 616 1283 nostra
632 1247 758 1294 salus,
787 1250 828 1284 in
847 1256 886 1286 te
907 1263 995 1300 spes
1015 1258 1144 1287 nostra
1165 1251 1343 1301 resurgit.

372 1325 548 1360 oramus,
580 1313 747 1350 concede
766 1317 844 1353 tuis
857 1344 867 1363 ,
897 1316 1058 1353 succede
1075 1318 1238 1367 parenti.

370 1393 506 1430 rumpe
524 1393 672 1428 moras,
715 1394 808 1430 cape
831 1380 932 1418 dona
955 1382 1038 1430 dei,
1068 1386 1306 1434 sceptrisque
1326 1385 1494 1434 paternis

366 1453 475 1483 utere
488 1475 498 1494 ,
531 1453 568 1482 et
587 1448 830 1496 Augustum,
863 1447 968 1499 quod
985 1448 1127 1496 defuit,
1158 1451 1288 1499 accipe
1307 1448 1493 1490 nomen.”

421 1513 588 1550 Talibus
608 1513 742 1549 orabat
765 1527 892 1551 sacras
910 1517 970 1551 vir
991 1515 1089 1552 fidus
1108 1517 1149 1551 in
1169 1528 1279 1552 aures

258 1580 335 1622 155
365 1578 523 1616 hortans
542 1586 579 1615 et
599 1593 726 1616 rerum
747 1579 915 1618 dominis
933 1583 1199 1619 cunctantibus
1216 1584 1388 1632 instanst,

366 1659 658 1697 consensusque
674 1649 733 1684 sui
752 1648 1004 1685 manifestans
1024 1655 1109 1685 vota
1132 1656 1286 1686 senatus

363 1714 496 1750 creber
519 1712 703 1750 adorabat
727 1713 928 1760 dominos,
961 1721 998 1750 et
1017 1715 1162 1764 poplite
1185 1716 1288 1752 flexo

364 1781 532 1831 plurima
552 1779 692 1817 divinis
711 1781 878 1830 supplex
899 1779 1015 1817 dabat
1036 1782 1165 1818 oscula
1186 1783 1350 1832 plantis,

364 1847 559 1898 verbaque
581 1849 771 1884 narrantis
795 1848 908 1883 tacite
929 1847 1105 1884 firmabat
1123 1850 1249 1885 amici.

260 1917 336 1956 160
363 1915 446 1964 ipse
465 1921 596 1950 autem
613 1915 732 1964 patris
754 1927 959 1950 concussus
981 1921 1080 1950 sorte
1098 1914 1202 1950 beati

366 1988 516 2031 sceptra
539 1981 738 2017 recusabat
756 1981 975 2027 lacrimans,
1005 1981 1190 2032 largoque
1211 1981 1359 2030 rigabat

367 2048 490 2083 imbre
506 2042 645 2097 genas,
674 2047 883 2098 vultusque
903 2048 975 2083 viri
992 2053 1194 2097 vestesque
1212 2046 1441 2086 madebant:

366 2121 495 2150 tantus
517 2127 624 2150 amor
642 2115 803 2151 senioris
824 2120 916 2150 erat.
967 2109 1198 2150 “desistite’'
1227 2113 1348 2150 dixit:

359 2176 526 2217 “duram
546 2194 627 2217 rem
643 2181 774 2231 petitis
787 2210 796 2228 ,
827 2181 1043 2231 frustraque
1066 2182 1237 2228 instatis,
1267 2182 1395 2220 amici.

255 2246 332 2288 165
363 2259 453 2296 ergo
471 2250 713 2298 superposita
734 2254 847 2298 caput
864 2246 937 2283 hoc
957 2247 1098 2283 ornabo
1122 2260 1274 2295 corona,

363 2313 519 2363 quaudo
544 2316 735 2351 Iustinum
752 2317 902 2351 tristem
922 2313 1031 2350 decet
1051 2313 1164 2351 esse?
1193 2328 1263 2364 per
1280 2315 1412 2351 orbem

360 2380 450 2416 fiere
473 2381 590 2417 libet:
620 2389 771 2431 patrem
794 2394 853 2417 res
872 2381 1027 2431 publica
1046 2380 1214 2430 perdidit
1234 2381 1349 2428 orbis,

358 2459 437 2483 non
455 2445 669 2484 dominum.
728 2461 846 2498 quem
870 2461 947 2484 11011
970 2446 1169 2483 hominem
1187 2450 1330 2496 pietate
1347 2447 1514 2498 benigna

364 2514 572 2560 continuit,
603 2514 721 2561 fovit,
751 2515 902 2550 monuit
918 2543 927 2560 ,
959 2515 1117 2549 nutrivit
1133 2541 1142 2560 ‚
1174 2511 1344 2550 amavit?

256 2582 333 2622 170
362 2586 399 2616 et
415 2587 545 2618 tamen
564 2582 730 2617 innocuo
749 2582 879 2630 plures
899 2580 1055 2616 voluere
1079 2577 1235 2615 nocere!

363 2661 440 2683 non
460 2654 562 2683 caret
581 2645 728 2682 invidia
750 2647 859 2695 regni
877 2646 996 2682 locus.
1053 2645 1118 2682 ibo
1144 2653 1322 2695 paternas

363 2715 481 2751 tristis
502 2715 542 2750 iu
561 2713 786 2764 exsequias:
819 2712 964 2762 regalia
983 2712 1093 2761 s1gua
1113 2708 1290 2749 recuso.”
