1702 3060
298 161 361 204 30
898 161 1116 206 CORIPPI

401 269 654 306 Mermero'e‘n.
709 263 809 306 acies
833 269 1050 308 Romanum
1071 270 1192 308 effusa
1211 279 1436 323 sequentem

317 337 371 376 90
398 342 490 372 tunc
511 342 708 383 metuens,
737 337 914 374 manibus
936 337 1085 387 gladios
1109 336 1364 390 phalerasque
1385 340 1549 378 nitentes

397 403 561 452 quisque
578 414 665 439 suas
684 401 832 440 medios
851 404 1004 454 fugiens
1024 406 1186 454 proiecit
1205 407 1247 441 in
1267 418 1394 456 agros.

394 466 552 503 indecus
569 467 612 504 in
632 470 777 506 cunctis
799 471 900 507 ensis
919 471 1093 520 fulgebat
1114 472 1239 508 arenis

395 535 635 584 vaginaeque
653 534 780 582 leves,
810 534 943 573 hastae
961 538 1150 588 clipeique
1171 551 1392 591 comaeque,

397 611 631 650 corporaque
653 606 691 637 et
707 602 844 639 mistus
863 604 1017 654 sonipes
1034 605 1199 655 telisque
1217 607 1373 656 superbi

312 664 366 707 95
395 666 576 716 armigeri
594 666 747 703 iacuere
765 667 884 706 ducis.
941 672 1120 708 iacuisset
1141 678 1178 708 et
1197 673 1265 708 ille

391 740 603 782 prostratus
623 735 787 783 campis,
815 735 857 770 ni
876 736 1009 773 vivum
1027 737 1215 788 prendere
1234 741 1353 778 vellet

396 796 530 834 ductor
546 801 831 847 magnanimus.
887 802 1011 840 victus
1029 811 1159 842 tamen
1176 806 1295 845 ardua
1312 807 1410 846 vidit

393 866 547 900 moenia
563 865 818 913 Mermero'e’s,
847 869 980 916 paucis
998 873 1267 911 comitantibus
1286 877 1448 914 intrans.

394 935 486 965 tunc
507 937 634 968 astans
653 931 793 969 mediis
813 931 1014 972 dominum
1031 935 1233 974 benedixit
1250 940 1291 974 in
1311 943 1412 979 arvis

290 996 367 1036 100
395 997 598 1046 urbicapus
617 999 770 1047 sapiens
782 1027 792 1046 ‚
822 1012 939 1050 quem
956 1002 1126 1051 primum
1142 1006 1339 1044 maximus
1356 1007 1459 1047 orbis

396 1064 607 1112 imperialis
625 1077 726 1114 apex
744 1065 934 1102 famulum
950 1068 1140 1120 rebusque
1159 1069 1318 1108 fidelem

396 1135 487 1165 tunc
503 1127 658 1178 habuit,
687 1131 909 1183 lectumque
927 1134 969 1170 in
991 1135 1119 1172 nullas
1137 1137 1295 1174 miserat
1317 1151 1403 1177 oras

390 1207 549 1232 noscere
571 1209 670 1247 quae
688 1199 793 1235 saevi
812 1199 965 1236 fuerant
986 1198 1207 1239 discrimina
1223 1204 1333 1242 belli.

389 1260 455 1298 hic
474 1263 540 1298 ubi
560 1264 723 1302 victores
739 1266 933 1302 Romanos
952 1266 1101 1303 fervere
1121 1267 1219 1306 vidit

284 1326 361 1368 105
390 1335 505 1379 atque
526 1327 658 1367 hostes
675 1337 803 1368 vastos
822 1332 1038 1381 pavitantes
1052 1334 1109 1370 ire
1126 1347 1197 1384 per
1216 1348 1342 1386 agros,

389 1393 605 1432 extendens
627 1397 801 1445 geminas
820 1399 964 1446 pariter
982 1410 1071 1436 cum
1086 1401 1234 1438 lumine
1251 1403 1402 1452 palmas

386 1459 437 1498 ad
457 1462 608 1496 caelum
627 1461 683 1498 sic
701 1461 826 1498 laetus
847 1463 900 1498 ait
923 1458 1021 1500 “tibi
1039 1466 1161 1514 gloria
1180 1480 1346 1518 semper,

388 1540 538 1564 smnme
560 1525 675 1574 deus,
708 1528 828 1565 victos
847 1527 1007 1566 tandem
1024 1537 1112 1581 post
1128 1538 1303 1583 tempora
1319 1536 1456 1576 Persas

386 1606 540 1630 cernere
559 1590 665 1644 quod
682 1594 807 1629 merui
824 1597 946 1632 nostri
962 1598 1100 1634 virtute
1117 1594 1347 1637 Iohannis.”

281 1663 358 1701 110
440 1662 521 1697 Hos
538 1671 695 1696 versans
712 1661 891 1711 princeps
908 1663 1037 1700 animo
1056 1669 1149 1700 tunc
1164 1677 1279 1715 saepe
1298 1666 1463 1719 labores,

387 1725 491 1762 hunc
512 1727 640 1762 solum
658 1727 825 1776 Libyam
842 1741 1066 1778 oppressam
1085 1729 1292 1768 defendere
1310 1746 1424 1784 posse

388 1799 539 1828 matura
558 1794 701 1842 pietate
720 1794 877 1842 probat3
906 1807 978 1830 nec
994 1795 1106 1844 plura
1122 1805 1295 1837 moratus

387 1859 500 1895 iussit
520 1859 567 1894 ab
589 1860 773 1896 extremis
797 1860 911 1896 acciri
930 1861 1104 1910 partibus
1122 1863 1226 1901 orbis

389 1923 602 1962 ductorem.
657 1925 832 1976 placidus
848 1926 936 1964 finis
957 1925 1117 1964 dimittit
1135 1935 1172 1964 et
1193 1927 1330 1978 hostis,

281 1990 360 2032 115
388 1989 566 2028 occiduas
584 1990 754 2029 aditurus
772 2004 912 2043 aquas3
943 1994 1134 2045 celerique
1151 1995 1320 2033 iubentis

385 2057 564 2107 implevit
582 2065 786 2109 praecepta
807 2058 869 2096 die
882 2088 892 2107 ‚
922 2061 1120 2111 victorque
1139 2073 1339 2100 recurrens

386 2137 502 2160 aurea
522 2125 719 2161 Romanae
739 2127 866 2176 tetigit
883 2138 980 2162 mox
999 2127 1136 2163 limina
1154 2134 1303 2177 portae.

383 2191 567 2241 priiicipis
592 2197 679 2227 aute
697 2190 817 2240 pedes
835 2191 1008 2242 gaudens
1027 2195 1131 2230 stetit
1151 2206 1215 2230 ore
1233 2207 1384 2232 sereno.

385 2258 558 2307 respexit
577 2258 784 2295 famulum.
837 2257 1003 2310 pedibus
1025 2261 1126 2296 celer
1141 2261 1208 2296 ille
1228 2261 1407 2311 benignis

278 2325 355 2365 120
385 2323 515 2360 oscula
532 2323 635 2360 laeta
654 2323 776 2361 dedit.
831 2327 965 2376 paucis
985 2324 1091 2363 hunc
1113 2327 1216 2364 orbis
1235 2327 1297 2364 eoi

383 2396 468 2427 acta
490 2390 633 2426 referre
655 2391 777 2428 iubet.
833 2393 982 2442 iussus,
1013 2405 1112 2445 quae
1132 2394 1236 2431 bella
1254 2393 1421 2444 peregit,

273 2510 317 2544 89
340 2519 462 2543 memor
476 2508 560 2543 enim
575 2508 698 2555 campis
711 2521 877 2544 romanum
892 2511 1027 2556 perfusa
1045 2512 1077 2545 Τ
1215 2512 1262 2546 96
1281 2510 1389 2545 vinum
1407 2509 1440 2543 '1'
1565 2511 1611 2545 99
1633 2521 1692 2545 ar-

279 2554 339 2588 mis
360 2555 402 2588 M
555 2555 620 2588 loo
640 2554 806 2588 urbiculus
832 2557 864 2589 T
1016 2557 1081 2591 102
1102 2564 1166 2600 que
1187 2554 1242 2599 in]
1274 2566 1369 2599 quem
1397 2556 1444 2598 Τ,
1467 2564 1564 2600 quem
1585 2556 1627 2590 ad
1650 2557 1692 2590 M

279 2600 361 2633 ibid.
383 2599 511 2644 nullas]
533 2600 651 2633 multas
666 2600 716 2633 Μ.
762 2611 808 2633 an
823 2600 930 2634 eoas?
1054 2602 1119 2634 103
1141 2601 1211 2633 seni
1224 2601 1335 2633 suerat
1351 2602 1383 2634 Τ
1498 2601 1561 2634 110
1583 2612 1643 2634 nos
1659 2602 1692 2635 Τ

281 2645 344 2678 111
366 2655 452 2678 nunc
467 2645 500 2678 '1'
628 2645 694 2679 113
714 2643 795 2678 inxit
809 2649 843 2678 et
859 2647 907 2679 T:
931 2645 974 2679 cf.
989 2645 1010 2679 5
1025 2645 1090 2679 295
1106 2649 1141 2678 et
1156 2646 1173 2678 1
1192 2645 1275 2688 172,
1297 2645 1321 2680 2
1337 2647 1418 2686 160«,
1440 2644 1463 2680 4
1481 2646 1503 2679 5
1519 2649 1554 2678 et
1568 2646 1589 2680 5
1610 2646 1686 2687 310,

279 2689 303 2723 4
316 2690 380 2769 {81
397 2694 432 2742 et
444 2690 535 2771 5¹04).ss
549 2691 585 2724 et
600 2690 695 2728 1149.
715 2701 832 2726 wrm
846 2701 863 2725 ι
879 2701 940 2736 pro
955 2700 978 2724 x
991 2690 1015 2727 3
1028 2687 1095 2726 430
1108 2693 1143 2724 et
1156 2690 1178 2725 6
1192 2688 1270 2726 440.
1380 2687 1462 2726 ibid.
1478 2690 1632 2726 extremis
1645 2691 1688 2734 Ie,

280 2745 324 2768 ex
340 2745 427 2769 etms
514 2759 523 2770 .
