1702 3060
574 151 901 197 PRAEFATIO.
1397 161 1491 191 xvn

22 265 140 306 bellis
157 264 318 317 Libycis
340 270 492 316 agatur.
551 265 731 316 Angelus
765 263 815 301 cle
835 266 968 310 Nuce,
1015 259 1138 299 abbas
1169 266 1209 298 et
1229 257 1495 298 bibliotheca-

22 333 106 372 rius
127 334 274 372 Montis
295 333 448 381 Casini,
489 344 616 383 usque
638 333 687 370 ab
705 345 810 370 anno
833 331 963 378 16661,
994 342 1073 382 quo
1095 329 1259 366 citatum
1276 329 1384 366 illius
1402 342 1495 367 luo-

21 402 186 439 misterii
213 400 434 439 Chronicou
464 398 610 449 edidit,
659 397 710 437 ad
739 399 886 438 seriem
911 397 1106 435 librorum
1133 410 1233 450 quos
1261 396 1494 436 Desiderius

25 466 195 507 describi
213 475 428 518 curaverat,
457 470 543 506 iure
558 481 604 505 ac
621 468 763 505 merito
784 465 888 504 hanc
908 471 1042 502 uotam
1065 472 1325 517 apposuerat:
1357 479 1490 503 eorum

17 535 195 588 plurimi
211 543 423 588 supersunt
433 563 451 583 ,
482 549 564 574 non
586 543 719 574 tamen
736 546 897 579 omnes,
927 533 1104 584 expilata
1123 547 1205 571 non
1223 533 1345 571 semel
1359 541 1495 572 nostra

26 602 279 646 bibliotheca.

137 729 254 767 Nunc
272 728 390 767 venio
409 726 463 766 ad
478 742 541 767 ms
558 724 822 766 bibliothecae
842 725 1041 765 Budensis
1054 756 1064 776 ‚
1094 739 1217 780 quam
1235 726 1394 778 magnis
1415 725 1496 763 im·-

26 796 162 848 pensis
187 794 375 835 Matthias
408 797 600 835 corvinus
628 797 856 846 Hungariae
895 809 968 833 rex
1007 795 1298 847 quinquaginta
1333 795 1498 832 milibus

27 862 234 914 codicum,
261 871 307 902 ut
325 865 480 914 ferunt,
511 863 785 902 adornaverat.
842 877 905 901 ms
921 865 1039 901 illum
1060 861 1161 900 vidit
1178 861 1265 900 Ioh.
1285 863 1498 913 Cuspinia-

26 943 104 971 nus
123 930 284 982 Budae,
329 946 411 970 non
431 938 565 969 autem
583 933 626 968 iu
646 932 886 968 lnonasterio
906 930 1054 966 Montis
1077 930 1211 965 Casini
1224 957 1234 977 ,
1286 935 1330 965 ut
1350 943 1499 980 perpe-

28 1012 116 1038 ram
145 1000 265 1038 refert
292 1000 548 1039 IAFabricius
579 997 622 1033 iu
641 1002 808 1048 utraque
831 995 1088 1033 Bibliotheca
1107 1009 1178 1034 sua
1199 996 1356 1033 Latina
1370 1024 1388 1043 ,
1426 996 1500 1034 illa

26 1079 174 1118 nempe
192 1074 367 1106 veterum
385 1072 596 1102 auctorum
625 1070 663 1101 et
689 1063 812 1101 altera
833 1064 987 1102 mediae
1010 1071 1046 1101 et
1067 1065 1231 1113 infimae
1250 1066 1421 1110 aetatis,
1460 1070 1500 1101 et

27 1141 119 1187 post
134 1146 227 1170 eum
242 1133 485 1185 Polycarpus
500 1134 697 1184 Leyserus
716 1133 759 1168 in
778 1133 966 1170 IIistoria
981 1133 1197 1184 poetarum
1215 1140 1254 1170 et
1266 1132 1500 1184 poe'matum

29 1201 152 1240 medii
174 1201 268 1238 aevi
287 1214 330 1252 p.
361 1200 461 1250 174,
520 1214 595 1238 nec
632 1213 715 1237 non
754 1207 890 1238 auctor
932 1201 1186 1239 Collectionis
1226 1202 1500 1238 Pisauriensis

29 1269 207 1309 omnium
230 1269 461 1321 poematum
487 1275 545 1307 to.
576 1270 601 1308 6
631 1281 671 1319 p.
708 1270 782 1316 123
837 1281 970 1321 neque
998 1271 1042 1307 iu
1070 1270 1287 1309 Viennensi
1314 1271 1500 1308 Austriae

27 1337 291 1388 bibliotheca,
331 1343 376 1375 ut
409 1337 510 1375 falso
546 1336 790 1374 coniectabat
824 1336 1011 1376 Bai-thius
1050 1339 1092 1375 in
1132 1338 1357 1375 Aclversar.
1387 1335 1444 1378 54
1472 1338 1501 1377 2

31 1408 107 1446 col.
126 1405 262 1455 25853
291 1419 422 1459 neque
441 1406 485 1442 in
504 1403 760 1442 Bibliotheca
778 1404 963 1442 Badensi
971 1434 986 1451 ,
1010 1413 1055 1443 ut
1075 1406 1207 1444 minus
1227 1413 1332 1444 recte
1353 1406 1501 1457 legitur

30 1475 76 1514 in
94 1474 331 1526 Appendice
363 1471 620 1509 bibliothecae
657 1471 774 1508 Conr.
816 1472 986 1509 Gesner-i
1015 1474 1062 1510 ab
1093 1487 1139 1510 eo
1169 1473 1277 1511 edita
1298 1475 1437 1512 Turici
1462 1486 1502 1511 a.
1564 1499 1570 1505 ·

34 1541 143 1586 1555
163 1556 205 1594 P.
222 1544 276 1582 26
300 1546 374 1578 art.
397 1539 629 1577 Crastonius
656 1540 861 1590 Gorippus
870 1568 887 1586 ,
931 1547 970 1578 et
999 1542 1042 1579 in
1074 1540 1255 1579 eiusdem
1274 1540 1502 1579 Bibliothe-

34 1623 105 1648 cae
125 1610 290 1660 epitome
309 1621 386 1658 per
409 1607 558 1644 Iosiam
589 1607 806 1644 Simlerum
834 1609 978 1660 Tiguri
1000 1607 1108 1650 1574
1139 1622 1181 1660 p.
1213 1608 1292 1650 149
1307 1639 1318 1659 ,
1361 1622 1408 1647 ac
1431 1622 1503 1647 ea-

34 1676 128 1715 dem
145 1678 188 1714 in
206 1676 391 1727 Epitome
403 1680 603 1724 postremo
621 1675 874 1726 amplfieata
896 1690 976 1727 per
995 1676 1083 1715 Ioh.
1107 1677 1194 1715 Iac.
1218 1678 1397 1715 Frisium
1421 1678 1504 1716 ibi-

34 1743 129 1784 dem
152 1757 190 1781 a.
212 1744 318 1786 1583
339 1744 532 1794 impressa
552 1755 593 1794 p.
621 1744 715 1785 177.
774 1751 835 1782 est
863 1751 997 1782 autem
1027 1745 1324 1784 observandum
1354 1744 1432 1785 hoc
1459 1748 1503 1784 in

35 1826 154 1865 opere
184 1809 413 1849 distinctum
438 1811 562 1848 fuisse
592 1811 842 1851 crastonimn
867 1814 1088 1866 Gorippum
1113 1828 1136 1851 a
1157 1815 1382 1853 cresconio.
1441 1816 1504 1852 illi

35 1881 261 1920 tribuuntur
282 1878 527 1918 Iohannidos
554 1879 646 1917 libri
673 1881 732 1918 uti
762 1888 963 1920 exstantes
989 1884 1031 1920 in
1057 1881 1300 1921 bibliotheca
1327 1882 1502 1922 Badensi

36 1956 137 1989 teste
159 1949 412 2000 Cuspiniano,
440 1947 554 1985 alteri
570 1961 664 1986 vero
687 1947 791 1986 bella
810 1950 854 1987 in
875 1951 1028 2001 Asi-ica
1046 1958 1164 2003 gesta
1181 1950 1255 1988 sub
1276 1952 1504 1990 Iustiniano

37 2019 135 2069 imP-.
163 2017 341 2054 carmine
371 2015 568 2067 descripta
590 2023 629 2054 et
654 2017 875 2056 Concordia
904 2033 1118 2056 canonum.
1180 2033 1296 2071 porro
1317 2021 1346 2058 ii
1364 2018 1441 2057 hac
1460 2022 1504 2058 in

38 2099 82 2125 re
107 2086 219 2124 nullo
246 2083 366 2123 modo
387 2091 480 2123 sunt
500 2083 711 2134 audiendi,
752 2100 844 2124 cum
872 2094 1087 2139 provocent
1118 2086 1170 2124 ad
1187 2089 1336 2125 librum
1358 2089 1503 2139 Cuspi-

38 2155 149 2193 niani
169 2154 292 2206 ipsius
313 2152 362 2191 cle
381 2153 629 2191 Caesaribus.
690 2155 734 2192 in
760 2153 837 2193 hoc
869 2156 978 2193 enim
1000 2156 1101 2193 libro
1125 2169 1166 2207 p.
1192 2158 1271 2197 176
1291 2154 1355 2193 ed.
1378 2157 1504 2194 Basil.

39 2237 80 2262 a.
101 2222 206 2265 1561
230 2223 286 2259 ita
306 2220 417 2259 idem
435 2224 512 2260 ait:
553 2221 701 2260 bellum
718 2236 807 2260 vero
826 2223 1027 2275 Libycum
1039 2253 1054 2271 ,
1096 2223 1207 2276 quod
1220 2224 1392 2261 Ioannes
1407 2238 1504 2262 con-

41 2299 106 2330 tra
124 2289 291 2342 Aphro-s·
302 2291 454 2343 gessit,
482 2290 549 2328 H.
575 2291 806 2329 Cresconius
833 2293 1037 2343 Gorippus
1057 2291 1133 2344 (sic
1152 2306 1245 2330 eum
1265 2291 1400 2344 vocat)
1418 2299 1503 2329 octo

40 2359 154 2398 libris
164 2366 432 2411 prosequutus
455 2365 511 2396 est
519 2387 537 2405 ‚
567 2357 712 2412 quibus
738 2360 900 2397 titulum
907 2360 1015 2412 fecit
1037 2360 1284 2399 Iohannidos
1292 2376 1311 2411 ‚·
1347 2376 1445 2415 quos
1461 2362 1505 2398 iu

41 2427 177 2481 Regia
196 2426 432 2466 bibliotheca
453 2426 600 2464 Budae
618 2428 758 2478 reperi.
820 2427 866 2466 lu·
879 2429 936 2467 sic
955 2429 1155 2480 incipiunt
1166 2444 1180 2467 .-

209 2508 347 2560 signa,
375 2506 496 2545 duces
507 2514 723 2561 gentesque
730 2508 870 2560 firas,
900 2509 1130 2560 Martisque
1147 2510 1307 2557 ruinas,
1364 2546 1370 2553 ,

207 2575 397 2622 insidias,
424 2582 654 2628 stragesque
672 2577 804 2614 virum
823 2576 1020 2629 durosque
1040 2577 1212 2624 labores,

215 2650 254 2681 et
268 2642 594 2694 Libyae'clades,
624 2651 662 2682 et
669 2643 831 2695 fractos
849 2643 1003 2683 viribus
1025 2645 1173 2693 hostes,

215 2710 485 2763 indictumque
493 2712 654 2764 fantem
667 2711 832 2763 populis
851 2712 1066 2766 laticesque
1085 2721 1269 2766 negatos,

218 2785 384 2831 utraque
405 2779 558 2833 letifero
577 2779 781 2820 turbantes
799 2788 931 2819 eastra
951 2782 1141 2821 tumultu.

114 2848 246 2886 Mcrob.
275 2854 309 2886 et
338 2850 416 2886 Cor.
1207 2852 1235 2890 2
