1702 3060
233 121 331 166 326
657 123 839 165 NOTAE
871 122 929 164 IN
962 122 1172 164 LIBRUM
1203 122 1224 163 I

235 229 418 281 quapiam
435 229 751 278 interpretatione
770 229 886 265 etiam
903 227 1007 280 quod
1027 229 1229 278 vulgatum
1247 233 1305 265 est
1321 227 1478 266 tolerari
1490 256 1500 275 ‚
1538 229 1573 265 si
1597 229 1655 265 lid
1668 247 1680 267 2-

237 284 327 321 hera
414 298 490 320 non
510 283 690 334 indigens
713 291 940 334 exponatur,
970 297 1068 335 quae
1086 285 1178 321 satis
1196 296 1266 334 per
1287 296 1330 320 se
1349 281 1552 334 splendida
1570 292 1677 325 nomi,

235 340 408 388 indigeat
426 339 512 374 luce
533 340 700 375 caelesti.
757 341 812 376 sic
829 340 1011 376 Tibullus
1031 338 1078 375 de
1098 341 1299 389 Aegypto:
1339 339 1452 375 arida
1470 351 1540 375 nec
1551 338 1648 387 plu-
1666 352 1677 378 J

235 397 297 431 rio
317 393 512 442 supplicat
527 393 647 429 herba
665 394 773 440 Iovi;
815 407 933 444 quam
949 393 1134 442 eandem,
1171 395 1255 444 pari
1275 406 1411 441 sensu,
1446 406 1527 430 11011
1544 392 1652 430 indi-
1676 398 1680 403 '

236 461 325 498 gam
354 454 391 484 et
421 461 595 484 securam
624 449 720 485 caeli
750 448 984 485 Claudianus
1013 448 1119 486 idem
1152 448 1324 497 dictitat3
1367 455 1406 486 et
1425 448 1528 486 nihil
1547 448 1648 486 caelo
1674 467 1675 471 ¹

237 503 369 539 debere
387 503 535 539 Plinius
556 505 702 553 Paneg.
726 505 792 543 98⁴.
848 506 1008 542 BAn'rn.

340 559 407 597 99.
436 559 547 594 vitrei
559 558 710 594 metalli
715 560 726 608 ]
746 560 969 609 crystallum
978 559 1172 608 intelligit,
1183 565 1225 595 ut
1239 559 1486 595 metallorum
1495 559 1653 595 1101111110
1669 576 1671 578 ·

237 626 371 650 omnes
396 626 575 662 gemmae
603 615 749 650 censeri
771 616 919 663 possint
943 621 1008 650 aut
1025 615 1183 664 pretiosi
1202 615 1322 664 aliqui
1343 612 1507 664 lapides.
1563 612 1672 650 vide

237 681 335 719 quae
361 675 469 707 notat
495 667 546 704 ad
562 669 880 718 Agrimensortun
906 670 1174 706 collectionem
1201 667 1443 706 doctissimus
1463 670 1522 705 vir
1537 670 1654 704 Nico-

235 725 320 759 laus
340 723 543 771 Rigaltius.
601 736 762 770 saxum,
791 736 1006 772 gemmam,
1037 723 1231 774 lapidem,
1262 724 1412 760 silicem
1431 724 1655 774 crystallum

235 784 347 814 vocat
369 776 616 816 Claud'Ianus.
672 779 834 816 BAnTn..

348 834 440 873 100.
497 846 586 869 cum
611 832 659 869 de
680 834 792 870 rebus
818 833 1048 870 caelestibus
1069 831 1119 868 ad
1139 831 1310 870 humana
1335 833 1566 883 comparatis
1591 833 1655 869 lo-

238 894 408 938 quuntur
435 889 658 938 scriptores,
697 889 842 936 solent,
888 890 968 924 irae
1006 889 1212 924 numinum
1246 889 1391 925 scilicet
1424 886 1654 924 avertendae

237 955 364 989 causa,
394 941 559 990 adiicere
579 945 614 980 si
623 944 699 994 fils·
716 951 771 980 est
793 951 858 980 aut
884 944 962 980 tale
992 942 1099 993 quid.
1158 942 1316 981 Ovidius
1334 943 1498 979 Metam.·
1516 945 1561 982 1:
1590 941 1656 978 hio

236 998 344 1033 locus
373 1004 444 1042 est,
484 1011 612 1048 quem,
651 1000 687 1034 εἰ
710 998 834 1035 verbis·
860 999 1030 1034 audacia
1059 999 1187 1042 detur,
1227 1012 1306 1034 non
1335 999 1490 1034 timeam
1519 996 1658 1047 magni

231 1053 376 1090 ,elevasse
387 1052 546 1101 palatia
561 1053 672 1089 caeli.
731 1055 898 1090 Naevius
916 1051 1123 1101 Epitaphio
1145 1065 1215 1089 suo
1235 1052 1338 1103 apud
1353 1053 1522 1089 Gellium
1545 1056 1563 1092 1
1588 1051 1654 1091 24:

236 1107 471 1143 immortales
502 1108 682 1142 mortales
716 1109 750 1141 si
772 1107 881 1156 soret
903 1107 979 1156 fies
1002 1107 1105 1154 jlere
1124 1108 1273 1156 flerent
1299 1108 1413 1144 divae
1446 1107 1657 1144 Camoenae

237 1163 440 1199 Naevium
461 1161 634 1209 poetam.
707 1162 890 1210 Virgilius
921 1163 1020 1198 Ciri:
1059 1175 1203 1212 magno
1227 1163 1413 1207 intexens,
1451 1164 1486 1198 si
1502 1163 1579 1212 fae
1602 1168 1658 1197 est

238 1216 378 1260 dicere,
403 1215 519 1264 peplo
539 1215 670 1265 qualis
686 1216 905 1252 Erielzlleeis
921 1216 1015 1252 olim
1031 1224 1211 1265 portatur
1225 1217 1407 1253 Athenis.
1438 1218 1601 1254 BARTH.

348 1271 440 1310 101.
498 1283 595 1321 quae
626 1270 880 1307 domesticum
903 1273 1088 1307 nimirum
1116 1285 1231 1308 suum
1253 1270 1501 1321 splendorem
1525 1283 1657 1309 secum
1677 1299 1680 1303 .

236 1324 476 1367 habitantem
493 1338 647 1375 semper
663 1324 793 1362 habet.
850 1327 1010 1362 BARTH.

350 1382 440 1419 102.
497 1381 701 1430 miranda]
732 1382 771 1416 in
790 1393 850 1417 ms
870 1387 950 1416 erat
968 1381 1082 1416 mira.
1141 1381 1262 1417 Rmz.

346 1434 399 1470 ib.
433 1443 469 1471 et
497 1449 602 1486 seqq.
661 1437 833 1472 imitatus
873 1437 914 1472 111
951 1433 1013 1472 his
1053 1441 1111 1472 est
1141 1436 1348 1485 Virgilium
1373 1436 1473 1473 Aen.
1507 1437 1529 1475 1
1564 1437 1657 1476 163.

235 1491 392 1527 VoacK.

349 1544 440 1585 104.
499 1544 650 1582 videtur
681 1544 846 1582 describi
874 1547 1011 1582 Portus
1039 1546 1119 1581 iam
1147 1542 1378 1581 Hormisdae
1407 1551 1473 1582 aut
1502 1547 1655 1594 Iuliani,

241 1598 381 1635 deinde
400 1613 491 1636 vero
509 1599 728 1650 Sophianus
741 1630 750 1648 ,
782 1615 825 1637 ac
843 1600 1024 1651 deinceps
1041 1602 1126 1637 aliis
1147 1602 1263 1636 etiam
1280 1601 1500 1637 nominibus
1521 1602 1659 1651 appel-

240 1655 342 1693 latus
356 1684 366 1702 ,
407 1657 474 1706 qui
498 1657 539 1692 iu
559 1658 679 1691 veteri
696 1669 819 1692 novae
841 1658 987 1692 Romae
1009 1655 1263 1705 descriptione
1287 1656 1328 1690 in
1348 1656 1503 1704 regione
1527 1659 1551 1695 3
1577 1663 1658 1692 sta-

240 1711 373 1746 tuitur.
431 1711 486 1746 ibi
506 1711 693 1760 palatium
722 1712 841 1747 fuisse
867 1710 1035 1760 Sophiae
1064 1710 1238 1747 nondum
1255 1711 1452 1760 Augustae
1481 1709 1658 1747 adfirmat

241 1763 433 1811 eodinus,
465 1771 502 1801 et
521 1763 780 1815 Theophanes
799 1773 928 1802 narrat
943 1765 1138 1816 Sophiana
1158 1765 1208 1801 ad
1225 1778 1315 1802 eum
1332 1765 1474 1815 palatia
1495 1766 1615 1802 fuisse
1635 1779 1658 1802 a

239 1821 386 1856 Iustino
410 1821 511 1868 Aug.
537 1826 732 1867 extructa,
763 1823 875 1870 quia,
906 1835 995 1857 cum
1014 1827 1114 1858 esset
1138 1821 1375 1870 curopalata,
1419 1822 1547 1857 Iustus
1576 1822 1659 1857 eius

239 1874 340 1912 filius
373 1887 424 1910 ex
453 1873 600 1923 Sophia
627 1876 667 1910 111
697 1874 791 1910 aede
822 1876 863 1911 S.
884 1874 1067 1912 Michaeli
1089 1888 1195 1911 sacra
1221 1874 1368 1911 ibidem
1390 1876 1463 1911 sita
1484 1877 1658 1924 sepultus

237 1930 375 1965 fuerat.
433 1929 590 1979 Corippi
613 1942 746 1966 versus
778 1931 1011 1965 conveniunt
1036 1943 1124 1965 cum
1150 1931 1427 1979 epigrammate
1448 1931 1490 1966 in
1513 1931 1659 1979 palatia

235 1983 436 2033 Sophiana
447 2013 457 2031 ,
502 1983 606 2035 quod
624 1986 787 2020 Mariani
804 1983 1033 2021 Scholastici
1050 1985 1207 2020 nomine
1225 1985 1455 2034 inscriptum
1473 1991 1599 2022 exstat
1615 1987 1659 2021 111

236 2038 473 2088 Anthologia
485 2068 494 2086 ‚
535 2038 639 2089 apud
656 2042 848 2075 Zonaram
866 2053 956 2076 vero
973 2041 1131 2076 nomine
1150 2038 1355 2088 Agathiae.
1383 2040 1510 2076 FOGG.
1564 2040 1659 2076 bra-

239 2092 325 2130 chia
346 2101 434 2131 sunt
456 2101 678 2130 curvaturae
709 2101 746 2130 et
765 2096 951 2131 flexiones
974 2102 1169 2144 portuum.
1225 2096 1400 2131 Avienus
1421 2107 1487 2131 ora
1505 2096 1658 2131 mariti-

236 2160 323 2184 ma:
354 2151 582 2198 sinuentque
599 2149 693 2194 lale,
722 2157 767 2185 ut
786 2157 870 2186 luta
885 2157 1037 2199 Ρονίιιε,
1074 2149 1248 2186 brachia.
1307 2151 1470 2187 BARTH.

349 2205 440 2246 106.
496 2203 572 2240 hoc
598 2211 655 2241 est
680 2206 847 2241 station-i.
908 2207 1119 2243 Venantius
1138 2206 1381 2252 Fortunatus,
1410 2203 1501 2241 huic
1520 2208 1656 2254 poetae

237 2259 411 2308 aequalis
430 2266 618 2309 tempore,
648 2259 718 2296 sed
740 2261 828 2297 stilo
848 2261 964 2310 longe
985 2262 1123 2308 minor,
1154 2262 1204 2300 2:
1235 2272 1402 2304 carcere,
1430 2260 1561 2303 caede,
1578 2260 1659 2309 sa-

238 2326 314 2357 me,
353 2314 510 2358 vinclis,
548 2315 634 2358 site,
665 2315 839 2365 frigore,
875 2316 1069 2364 flammis.
1129 2318 1179 2355 3:
1216 2315 1462 2363 restingzmnt
1496 2314 1659 2351 avidam,

239 2367 352 2404 dulce
371 2368 516 2418 liquore
536 2370 653 2405 sitim.
688 2373 736 2409 2:
767 2372 972 2420 sanguinis
989 2371 1061 2407 hoc
1085 2370 1228 2406 Christi
1243 2369 1356 2408 dulce
1373 2369 1519 2418 liquore
1536 2369 1652 2406 lavet.

239 2422 344 2459 idem
367 2424 415 2462 8:
446 2424 575 2459 flIoses
593 2432 683 2459 ante
700 2425 798 2460 alios
817 2426 913 2470 dux,
943 2439 1050 2462 mare
1069 2432 1174 2469 teste,
1201 2425 1314 2460 viros.
1373 2423 1481 2460 idem
1495 2424 1654 2461 eodem:

241 2491 335 2528 quos
347 2478 496 2526 gladiis
513 2479 707 2527 saxisque,
725 2481 858 2528 fizme,
887 2482 972 2525 sile,
991 2481 1166 2530 fiigore,
1183 2479 1378 2526 flammis,
1413 2480 1574 2516 BARTH.

350 2533 442 2572 108.
497 2533 654 2580 refluas.
715 2536 850 2583 virgil.
879 2537 1018 2584 Georg.
1045 2538 1070 2574 4
1094 2537 1197 2574 262:
1237 2533 1487 2582 refluentibus
1523 2535 1650 2572 undis·

241 2593 280 2623 at
311 2585 426 2623 dictio
455 2588 612 2636 elegans
637 2589 796 2637 refluus:
835 2597 995 2638 usurpat
1016 2588 1249 2626 Claudianus
1278 2590 1320 2624 111
1347 2588 1490 2626 Ruffin.
1516 2590 1565 2628 1:
1594 2603 1655 2625 re-

229 2643 333 2691 fluis
352 2643 532 2678 incertius
551 2642 678 2679 undis.
739 2644 793 2679 sic
814 2646 918 2679 enim
935 2645 1076 2692 legitur
1100 2645 1141 2680 in
1164 2642 1396 2680 editionibus
1411 2645 1654 2687 Flaminiana

241 2704 280 2733 et
304 2696 525 2748 Gryphiaua
545 2710 596 2734 ex
615 2699 852 2735 membranis
865 2699 1092 2746 Pulmanni,
1132 2698 1223 2734 licet
1244 2696 1370 2734 codex
1386 2711 1497 2736 meus
1515 2711 1654 2737 exara-
