1702 3060
403 106 463 149 IN
495 105 848 148 IOHANNIDOS
882 103 948 148 lv
979 102 1184 147 NOTAE.
1431 100 1526 146 251

66 216 240 259 {Rufi-edi
259 217 450 255 Coloniae
468 216 622 253 Allobr.
646 217 752 258 1622
770 229 812 267 p.
831 217 913 257 703
925 213 966 266 ):
994 221 1030 251 et
1043 227 1160 252 saevo
1177 226 1227 250 ac
1243 211 1343 250 duro
1362 212 1406 249 in
1426 211 1527 248 hello

66 275 192 314 multo
208 277 380 325 optimus
398 273 534 310 lto-stis.

179 333 247 373 50.
306 332 350 367 in
381 329 532 366 medias
557 329 662 365 acies
689 329 797 378 Virg.
821 327 929 365 Aen.
954 330 1005 369 12
1035 327 1117 368 224
1146 334 1185 364 et
1214 327 1308 368 227.
1367 326 1462 362 item
1488 339 1527 362 v.

69 388 174 431 1¹75:
209 389 342 425 stricto
365 388 423 424 sie
442 399 529 423 ense
539 391 747 436 precatur,
778 391 817 421 et
853 388 899 425 11
930 383 1038 426 746:
1069 384 1180 422 volat
1200 386 1236 435 ι’ὸ
1221 396 1341 420 «meus
1362 397 1529 434 aequone

73 445 268 482 Tarchon.

74 509 78 512 “
176 501 245 543 55.
304 506 341 536 et
360 505 475 550 urget
493 499 600 548 Virg.
621 497 728 534 Aen.
753 499 804 537 10
834 495 929 537 433.

176 558 243 599 56.
301 556 556 605 hortaturque
579 555 681 591 viros
700 555 808 603 Virg.
829 554 938 590 slen.
960 552 984 594 5
1016 554 1110 594 177.

175 612 242 654 64.
300 613 433 664 plures
466 612 583 648 urbes
615 611 686 648 sub
721 612 937 647 Iustiniano
972 611 1209 660 imperatore
1243 608 1404 645 sortitae
1436 614 1527 644 sunt

63 670 148 708 eius
177 683 345 717 nomen,
376 681 473 720 quas
502 674 706 704 enumerat
737 669 953 717 Procopius
974 669 1015 704 in
1040 667 1149 703 libris
1170 665 1218 701 cle
1237 665 1432 712 aedificiis
1452 665 1525 700 Ju-

59 727 238 764 stim'ani.
300 727 341 763 in
371 725 506 762 Africa
533 723 728 774 Carthago
758 731 796 760 et
820 723 1089 760 Hadrumetus
1112 724 1274 773 Byzacii
1296 722 1525 772 metropolis

60 783 274 821 vocabatur
299 789 466 833 utraque
495 781 749 825 Iustiniana,
788 787 832 817 ut
862 781 1008 831 legitur
1041 779 1193 816 ibidem
1228 779 1252 819 5
1291 777 1315 818 5
1353 793 1391 830 p.
1433 779 1522 824 115,

60 841 152 892 quia
171 846 380 891 utramque
401 844 491 888 post
517 837 736 874 debellatos
756 836 956 875 Vaudolos
977 837 1046 873 ille
1065 838 1269 886 Augustus
1290 837 1415 872 muris
1439 836 1523 870 cin-

58 898 133 934 xit.
193 895 243 932 de
271 896 478 947 posteriori
506 893 571 931 hic
597 895 774 945 loquitur
802 898 918 944 poeta
949 892 1250 944 proculdubio,
1284 894 1393 929 cuius
1416 893 1521 927 cives

58 965 176 1004 saepe
207 954 336 990 Mauri
361 951 599 1002 appetebant
630 953 772 996 armis,
805 957 848 987 ut
877 957 1010 986 narrat
1042 948 1150 986 idem
1180 950 1397 999 Procopius
1432 949 1518 984 loco

57 1023 156 1047 mox
177 1011 306 1048 citato.
363 1008 544 1045 videatur
564 1009 684 1044 etiam
704 1009 789 1044 Nic.
810 1007 1028 1043 Alemanus
1049 1007 1089 1042 in
1111 1006 1231 1042 Notis
1249 1005 1447 1042 historicis
1463 1005 1522 1040 ml

57 1067 166 1104 illius
190 1067 301 1103 Hist.
330 1065 431 1101 Arc.
467 1078 500 1101 c.
526 1065 575 1105 11
608 1078 648 1115 p.
677 1064 773 1111 125,
803 1063 873 1100 ubi
902 1062 1040 1100 decem
1068 1069 1106 1099 et
1141 1069 1228 1099 octo
1264 1068 1518 1098 recensemur

56 1123 173 1160 urbes
195 1121 245 1159 de
266 1123 473 1158 Iustiniani
492 1122 653 1158 nomine
675 1127 847 1158 vocatas.
908 1120 1043 1157 confer
1062 1120 1245 1170 Procopii
1263 1119 1396 1156 locum
1417 1121 1516 1155 cita-

54 1186 140 1216 tum
161 1178 211 1216 ad
229 1177 347 1215 huius
366 1178 456 1214 libri
474 1190 512 1217 v.
531 1180 570 1218 8.

163 1238 216 1278 66
238 1242 277 1273 et
292 1237 359 1277 73.
416 1247 478 1272 ms
495 1234 712 1280 maturius,
743 1232 815 1271 sed
833 1234 937 1271 infra
955 1246 1020 1271 vv.
1041 1233 1121 1274 201
1152 1238 1190 1269 et
1215 1231 1296 1272 503
1325 1237 1383 1269 est
1404 1246 1515 1268 mar-

51 1293 192 1329 tut-ilas.

163 1350 231 1390 76.
287 1361 374 1386 rem
390 1353 523 1384 narrat
541 1345 756 1397 Procopius
777 1346 824 1383 cle
845 1345 945 1382 bello
972 1345 1103 1383 Vand.
1126 1347 1151 1385 2
1181 1346 1249 1385 23.

162 1407 230 1446 79.
287 1406 396 1455 Virg.
432 1405 577 1453 Georg.
611 1407 638 1443 2
669 1405 774 1443 2803
822 1410 856 1439 et
887 1417 1025 1452 campo
1054 1402 1157 1438 stetit
1186 1414 1332 1451 agmen
1361 1408 1511 1451 aperto.

53 1461 151 1498 item
171 1460 278 1498 sien«.
299 1463 348 1501 10
374 1459 476 1502 540:
509 1473 624 1511 quem
643 1473 873 1509 congressu-s·
892 1461 981 1510 agit
999 1471 1152 1508 eampo.
1190 1462 1235 1498 11
1266 1458 1372 1498 493:
1405 1472 1515 1494 cam-

45 1531 179 1569 poque
192 1518 345 1568 politus
365 1523 518 1567 aperto,
551 1523 589 1553 et
621 1519 671 1557 12
701 1518 805 1558 353:
835 1516 943 1552 hunc
955 1514 1103 1566 procul
1123 1522 1166 1551 ut
1187 1527 1327 1564 campo
1358 1515 1517 1551 Turnus

51 1577 248 1624 compe-xit
267 1581 419 1624 aperto,
458 1581 496 1610 et
513 1572 618 1614 450:
645 1586 862 1623 campoque
881 1580 1014 1609 atrum
1034 1573 1140 1622 rapit
1159 1586 1304 1623 agmen
1320 1579 1469 1621 aperto.

163 1633 231 1672 83.
288 1643 350 1667 ms
367 1629 496 1666 Ariob
521 1630 639 1666 indis.
700 1628 795 1666 hinc
816 1637 951 1666 auctor
969 1627 1275 1676 periocharum,
1309 1630 1377 1679 qui
1398 1627 1513 1665 vide-

49 1693 114 1724 tur
140 1687 263 1725 fuisse
297 1686 406 1723 idem
435 1688 654 1737 exscriptor
681 1685 849 1735 codicis,
878 1688 1030 1737 putavit
1056 1683 1186 1722 Ariola
1217 1684 1417 1737 quendam
1441 1699 1513 1722 ve-

48 1745 156 1781 nisse
173 1743 225 1780 αὐ
245 1744 368 1782 India
387 1757 527 1795 usque.
587 1755 609 1779 a
639 1744 852 1794 Procopio,
886 1745 956 1795 qui
985 1756 1103 1793 saepe
1124 1744 1165 1779 in
1194 1742 1305 1779 libris
1327 1744 1407 1779 suis
1429 1744 1513 1779 eius

47 1802 253 1849 meminit,
283 1799 393 1837 idem
416 1807 580 1838 vocatur
602 1799 877 1844 Areobimlus,
935 1800 983 1836 cle
1006 1799 1107 1835 hello
1124 1801 1183 1836 Pe
1164 1813 1236 1836 ‹².r⁸
1266 1802 1286 1840 1
1318 1800 1344 1839 8
1369 1805 1407 1836 et
1427 1813 1512 1851 seq.

47 1863 87 1894 et
105 1857 212 1897 alibi,
269 1857 343 1902 fuit
363 1858 430 1893 ille
449 1857 599 1907 Olybrii
618 1869 758 1906 gener,
790 1858 1013 1904 Proiectae,
1043 1857 1117 1906 Vi«U
1108 1857 1282 1893 ilantiae
1301 1858 1511 1894 Iustiniani

46 1915 190 1951 sororis
222 1913 350 1960 filiae,
379 1915 568 1959 maritus,
600 1920 638 1949 et
668 1915 859 1964 magister
885 1915 1060 1950 militum
1083 1914 1266 1951 Orientis.
1328 1915 1412 1951 eius
1434 1914 1509 1951 ad-

44 1978 209 2007 ventum
226 1972 266 2007 iu
285 1970 460 2007 Africam
480 1972 634 2007 nuntiat
651 1972 866 2021 Procopius
885 1971 933 2007 ‹le
948 1970 1048 2006 bello
1073 1970 1204 2007 Vaml.
1228 1974 1254 2011 2
1283 1968 1350 2010 24.
1411 1983 1508 2008 cou-

43 2026 106 2064 fer
130 2028 372 2064 Ale-manum
397 2029 439 2064 iu
465 2028 566 2063 notis
594 2026 653 2063 ud
679 2028 790 2064 Hist.
823 2026 924 2064 Arc.
954 2029 977 2068 5
1004 2041 1041 2077 p.
1065 2028 1140 2074 13,
1177 2030 1226 2067 12
1250 2041 1288 2078 p.
1308 2029 1362 2067 69
1388 2034 1426 2064 et
1451 2031 1504 2069 21,

42 2096 82 2134 p.
105 2085 159 2124 97
185 2082 247 2123 ed.
267 2082 395 2133 Lugd.
412 2114 422 2130 ,
450 2084 515 2120 vel
534 2097 572 2134 p.
596 2085 664 2131 98,
691 2086 768 2125 139
794 2091 832 2120 et
857 2087 930 2124 161
958 2083 1020 2120 ed.
1041 2085 1165 2122 Paris.
1190 2086 1318 2131 1663,
1354 2085 1421 2121 ubi
1442 2085 1505 2122 le-

43 2141 150 2190 gitur
166 2146 254 2177 tum
266 2141 324 2176 Λι
326 2139 548 2190 ·εοό]ιιιὴως
563 2147 648 2176 tum
666 2139 950 2190 Areobynclus,
980 2147 1019 2176 et
1036 2141 1069 2176 is
1091 2141 1278 2176 asseritur
1294 2147 1504 2194 utramque

42 2198 212 2247 gessisse
231 2197 540 2247 praefectuiam,
569 2196 763 2234 urbanam
784 2204 821 2234 et
844 2198 1148 2248 praetorianam.

154 2253 220 2294 84.
280 2260 420 2304 quater
449 2266 543 2290 usus
573 2260 632 2291 est
661 2255 851 2304 Virgilius
877 2267 972 2291 voce
996 2254 1171 2299 tenitas,
1201 2265 1437 2306 semperque
1459 2262 1504 2293 ut

39 2306 137 2346 hic·
127 2323 169 2346 m
191 2311 328 2362 quinta
347 2309 442 2347 sede
460 2322 608 2349 versus.

136 2368 220 2409 85.
278 2367 571 2418 Languantan.
633 2379 671 2403 v.
695 2365 747 2403 ad
770 2369 788 2407 1
826 2363 919 2406 144.

154 2423 220 2464 88.
279 2431 490 2474 utrumque
532 2423 685 2459 ducem.
747 2435 892 2474 nempe
930 2422 1115 2474 Sergium
1154 2429 1192 2462 et
1221 2424 1502 2473 Ariobindum,

43 2475 93 2514 de
111 2479 253 2530 quibus
273 2481 488 2531 Procopius
510 2479 558 2516 cle
579 2478 680 2516 bello
708 2479 753 2516 V
744 2479 839 2516 and.
869 2480 896 2519 l.
921 2492 955 2517 c.

153 2536 346 2576 88—90.
405 2535 574 2574 eandem
593 2537 831 2574 sententiam
852 2535 973 2574 habet
993 2538 1142 2574 Lucan.
1166 2540 1183 2578 1
1218 2540 1335 2579 92—-
1348 2540 1388 2579 3.

154 2589 220 2631 94.
276 2593 404 2629 innuit
423 2597 540 2644 poeta
562 2592 756 2630 invidiam
778 2594 875 2630 cain
892 2592 1080 2631 adversus
1098 2594 1215 2631 Abel.

153 2646 221 2688 95·
278 2649 384 2699 Virg.
402 2649 510 2686 Aen.
537 2652 563 2690 7
593 2653 697 2692 602:
728 2664 836 2687 nunc
863 2652 1039 2687 maxima
1064 2664 1196 2687 retum
1223 2651 1358 2687 Roma
1391 2649 1496 2685 colit.

41 2703 190 2740 Lucan.
205 2704 222 2743 1
251 2704 327 2745 95:
347 2704 531 2754 fraterno
545 2707 670 2757 primi
685 2707 926 2744 maduerunt
941 2721 1138 2758 sangume
1155 2708 1272 2743 muri.
1315 2706 1394 2745 Cic.
1407 2711 1504 2754 post

39 2758 210 2797 reditum
232 2759 291 2796 ad
313 2760 482 2810 Quirites
502 2775 536 2800 c.
557 2762 606 2803 5:
641 2777 732 2800 cum
751 2765 886 2800 omnia
908 2777 999 2800 cum
1020 2759 1202 2800 omnibus
1212 2762 1385 2813 foedera
1404 2775 1501 2798 san-
