<?xml version="1.0" encoding="UTF-8"?>
<!DOCTYPE html PUBLIC "-//W3C//DTD XHTML 1.0 Transitional//EN"
    "http://www.w3.org/TR/xhtml1/DTD/xhtml1-transitional.dtd">
<html xmlns="http://www.w3.org/1999/xhtml" xml:lang="en" lang="en">
 <head>
  <title>
</title>
<meta http-equiv="Content-Type" content="text/html;charset=utf-8" />
  <meta name='ocr-system' content='tesseract 3.04.00' />
  <meta name='ocr-capabilities' content='ocr_page ocr_carea ocr_par ocr_line ocrx_word'/>
</head>
<body>
  <div class='ocr_page' id='page_1' title='image "./corpusscriptorum35niebuoft_0389.png"; bbox 0 0 1702 3060; ppageno 0'>
   <div class='ocr_carea' id='block_1_1' title="bbox 439 105 1475 153">
    <p class='ocr_par' dir='ltr' id='par_1_1' title="bbox 439 105 1475 153">
     <span class='ocr_line' id='line_1_1' title="bbox 439 105 1475 153; baseline 0.005 -5"><span class='ocrx_word' id='word_1_1' title='bbox 439 106 516 149; x_wconf 90' lang='lat' dir='ltr'><strong>DE</strong></span> <span class='ocrx_word' id='word_1_2' title='bbox 548 105 821 150; x_wconf 84' lang='lat' dir='ltr'>LAUDIBUS</span> <span class='ocrx_word' id='word_1_3' title='bbox 854 105 1063 150; x_wconf 87' lang='lat' dir='ltr'><strong>IUSTINI</strong></span> <span class='ocrx_word' id='word_1_4' title='bbox 1379 107 1475 153; x_wconf 83' lang='lat'><strong>313</strong></span> 
     </span>
    </p>
   </div>
   <div class='ocr_carea' id='block_1_2' title="bbox 28 213 1477 316">
    <p class='ocr_par' dir='ltr' id='par_1_2' title="bbox 28 213 1477 316">
     <span class='ocr_line' id='line_1_2' title="bbox 40 213 1477 268; baseline 0 -10"><span class='ocrx_word' id='word_1_5' title='bbox 40 213 228 262; x_wconf 52' lang='lat' dir='ltr'><strong>dautem</strong></span> <span class='ocrx_word' id='word_1_6' title='bbox 246 223 356 256; x_wconf 70' lang='lat' dir='ltr'><strong>vates</strong></span> <span class='ocrx_word' id='word_1_7' title='bbox 373 216 529 255; x_wconf 80' lang='lat' dir='ltr'><strong>orantia</strong></span> <span class='ocrx_word' id='word_1_8' title='bbox 550 215 712 256; x_wconf 75' lang='lat' dir='ltr'><strong>brachia</strong></span> <span class='ocrx_word' id='word_1_9' title='bbox 733 216 867 267; x_wconf 81' lang='lat' dir='ltr'><strong>tendo,</strong></span> <span class='ocrx_word' id='word_1_10' title='bbox 887 223 990 263; x_wconf 77' lang='lat' dir='ltr'><strong>terra</strong></span> <span class='ocrx_word' id='word_1_11' title='bbox 1009 218 1060 256; x_wconf 76' lang='lat' dir='ltr'><strong>sit</strong></span> <span class='ocrx_word' id='word_1_12' title='bbox 1077 217 1222 257; x_wconf 77' lang='lat' dir='ltr'><strong>exsiliis</strong></span> <span class='ocrx_word' id='word_1_13' title='bbox 1239 225 1285 256; x_wconf 81' lang='lat' dir='ltr'><strong>ut</strong></span> <span class='ocrx_word' id='word_1_14' title='bbox 1301 224 1372 264; x_wconf 79' lang='lat' dir='ltr'><strong>tua</strong></span> <span class='ocrx_word' id='word_1_15' title='bbox 1379 219 1477 268; x_wconf 84' lang='lat' dir='ltr'><strong>fida</strong></span> 
     </span>
     <span class='ocr_line' id='line_1_3' title="bbox 28 275 358 316; baseline -0.009 0"><span class='ocrx_word' id='word_1_16' title='bbox 28 275 134 316; x_wconf 66' lang='lat' dir='ltr'><strong>m.</strong></span> <span class='ocrx_word' id='word_1_17' title='bbox 191 275 358 313; x_wconf 70' lang='lat' dir='ltr'><strong>But-ru.</strong></span> 
     </span>
    </p>
   </div>
   <div class='ocr_carea' id='block_1_3' title="bbox 8 330 1479 1407">
    <p class='ocr_par' dir='ltr' id='par_1_3' title="bbox 8 330 1479 1407">
     <span class='ocr_line' id='line_1_4' title="bbox 50 330 1476 394; baseline -0.003 -10"><span class='ocrx_word' id='word_1_18' title='bbox 50 330 85 371; x_wconf 48' lang='grc' dir='ltr'><strong>’ΨΥ</strong></span> <span class='ocrx_word' id='word_1_19' title='bbox 141 341 206 384; x_wconf 83' lang='grc'><strong>15.</strong></span> <span class='ocrx_word' id='word_1_20' title='bbox 263 342 337 381; x_wconf 78' lang='lat' dir='ltr'><strong>etsi</strong></span> <span class='ocrx_word' id='word_1_21' title='bbox 367 347 457 394; x_wconf 87' lang='lat' dir='ltr'><strong>post</strong></span> <span class='ocrx_word' id='word_1_22' title='bbox 490 342 826 394; x_wconf 81' lang='lat' dir='ltr'><strong>praelocutionem</strong></span> <span class='ocrx_word' id='word_1_23' title='bbox 857 348 896 380; x_wconf 84' lang='lat' dir='ltr'><strong>et</strong></span> <span class='ocrx_word' id='word_1_24' title='bbox 929 341 1218 381; x_wconf 78' lang='lat' dir='ltr'><strong>invocationem</strong></span> <span class='ocrx_word' id='word_1_25' title='bbox 1243 345 1384 394; x_wconf 62' lang='lat' dir='ltr'><strong>poetae</strong></span> <span class='ocrx_word' id='word_1_26' title='bbox 1410 342 1476 380; x_wconf 88' lang='lat' dir='ltr'><strong>in·</strong></span> 
     </span>
     <span class='ocr_line' id='line_1_5' title="bbox 38 396 1478 452; baseline -0.001 -14"><span class='ocrx_word' id='word_1_27' title='bbox 38 397 185 451; x_wconf 55' lang='lat' dir='ltr'><strong>gressus</strong></span> <span class='ocrx_word' id='word_1_28' title='bbox 198 396 316 437; x_wconf 87' lang='lat' dir='ltr'><strong>huius</strong></span> <span class='ocrx_word' id='word_1_29' title='bbox 333 399 461 451; x_wconf 82' lang='lat' dir='ltr'><strong>operis</strong></span> <span class='ocrx_word' id='word_1_30' title='bbox 477 400 610 438; x_wconf 84' lang='lat' dir='ltr'><strong>nescio</strong></span> <span class='ocrx_word' id='word_1_31' title='bbox 633 398 729 452; x_wconf 87' lang='lat' dir='ltr'><strong>quid</strong></span> <span class='ocrx_word' id='word_1_32' title='bbox 747 401 789 436; x_wconf 90' lang='lat' dir='ltr'><strong>in</strong></span> <span class='ocrx_word' id='word_1_33' title='bbox 808 412 850 437; x_wconf 89' lang='lat' dir='ltr'><strong>se</strong></span> <span class='ocrx_word' id='word_1_34' title='bbox 870 404 1102 436; x_wconf 84' lang='lat' dir='ltr'><strong>extraneum</strong></span> <span class='ocrx_word' id='word_1_35' title='bbox 1116 400 1315 452; x_wconf 86' lang='lat' dir='ltr'><strong>planeque</strong></span> <span class='ocrx_word' id='word_1_36' title='bbox 1329 411 1478 437; x_wconf 84' lang='lat' dir='ltr'><strong>novum</strong></span> 
     </span>
     <span class='ocr_line' id='line_1_6' title="bbox 27 450 1478 508; baseline 0 -15"><span class='ocrx_word' id='word_1_37' title='bbox 27 450 172 494; x_wconf 55' lang='lat' dir='ltr'><strong>uehere</strong></span> <span class='ocrx_word' id='word_1_38' title='bbox 192 453 393 503; x_wconf 80' lang='lat' dir='ltr'><strong>videatur,</strong></span> <span class='ocrx_word' id='word_1_39' title='bbox 423 453 602 508; x_wconf 81' lang='lat' dir='ltr'><strong>mihique</strong></span> <span class='ocrx_word' id='word_1_40' title='bbox 622 457 699 508; x_wconf 91' lang='lat' dir='ltr'><strong>ipsi</strong></span> <span class='ocrx_word' id='word_1_41' title='bbox 716 457 872 506; x_wconf 86' lang='lat' dir='ltr'><strong>saepius</strong></span> <span class='ocrx_word' id='word_1_42' title='bbox 894 456 1159 506; x_wconf 86' lang='lat' dir='ltr'><strong>suspicionem</strong></span> <span class='ocrx_word' id='word_1_43' title='bbox 1179 454 1270 494; x_wconf 88' lang='lat' dir='ltr'><strong>ideo</strong></span> <span class='ocrx_word' id='word_1_44' title='bbox 1298 456 1478 493; x_wconf 85' lang='lat' dir='ltr'><strong>iniecerit</strong></span> 
     </span>
     <span class='ocr_line' id='line_1_7' title="bbox 38 509 1477 563; baseline -0.001 -13"><span class='ocrx_word' id='word_1_45' title='bbox 38 525 77 550; x_wconf 86' lang='lat' dir='ltr'><strong>1e</strong></span> <span class='ocrx_word' id='word_1_46' title='bbox 103 509 180 550; x_wconf 89' lang='lat' dir='ltr'><strong>hoc</strong></span> <span class='ocrx_word' id='word_1_47' title='bbox 199 512 286 550; x_wconf 91' lang='lat' dir='ltr'><strong>loco</strong></span> <span class='ocrx_word' id='word_1_48' title='bbox 306 511 430 563; x_wconf 83' lang='lat' dir='ltr'><strong>aliqui</strong></span> <span class='ocrx_word' id='word_1_49' title='bbox 450 525 586 551; x_wconf 76' lang='lat' dir='ltr'><strong>versus</strong></span> <span class='ocrx_word' id='word_1_50' title='bbox 607 513 820 550; x_wconf 84' lang='lat' dir='ltr'><strong>anteriores</strong></span> <span class='ocrx_word' id='word_1_51' title='bbox 836 512 1015 549; x_wconf 83' lang='lat' dir='ltr'><strong>fortassis</strong></span> <span class='ocrx_word' id='word_1_52' title='bbox 1038 510 1242 560; x_wconf 85' lang='lat' dir='ltr'><strong>deessent,</strong></span> <span class='ocrx_word' id='word_1_53' title='bbox 1282 512 1394 549; x_wconf 87' lang='lat' dir='ltr'><strong>nulla</strong></span> <span class='ocrx_word' id='word_1_54' title='bbox 1413 518 1477 549; x_wconf 83' lang='lat' dir='ltr'><strong>ta-</strong></span> 
     </span>
     <span class='ocr_line' id='line_1_8' title="bbox 27 566 1476 620; baseline -0.001 -14"><span class='ocrx_word' id='word_1_55' title='bbox 27 580 119 606; x_wconf 60' lang='lat' dir='ltr'><strong>men</strong></span> <span class='ocrx_word' id='word_1_56' title='bbox 137 569 297 606; x_wconf 89' lang='lat' dir='ltr'><strong>omnino</strong></span> <span class='ocrx_word' id='word_1_57' title='bbox 314 566 478 606; x_wconf 83' lang='lat' dir='ltr'><strong>huiusce</strong></span> <span class='ocrx_word' id='word_1_58' title='bbox 498 569 556 605; x_wconf 89' lang='lat' dir='ltr'><strong>rei</strong></span> <span class='ocrx_word' id='word_1_59' title='bbox 574 570 741 620; x_wconf 82' lang='lat' dir='ltr'><strong>vestigia</strong></span> <span class='ocrx_word' id='word_1_60' title='bbox 762 570 806 605; x_wconf 91' lang='lat' dir='ltr'><strong>in</strong></span> <span class='ocrx_word' id='word_1_61' title='bbox 826 581 888 606; x_wconf 88' lang='lat' dir='ltr'><strong>ms</strong></span> <span class='ocrx_word' id='word_1_62' title='bbox 909 568 1130 618; x_wconf 82' lang='lat' dir='ltr'><strong>exemplari</strong></span> <span class='ocrx_word' id='word_1_63' title='bbox 1154 575 1356 619; x_wconf 80' lang='lat' dir='ltr'><strong>apparent,</strong></span> <span class='ocrx_word' id='word_1_64' title='bbox 1380 568 1476 620; x_wconf 90' lang='lat' dir='ltr'><strong>quin</strong></span> 
     </span>
     <span class='ocr_line' id='line_1_9' title="bbox 28 622 1476 676; baseline -0.001 -14"><span class='ocrx_word' id='word_1_65' title='bbox 28 636 107 662; x_wconf 52' lang='lat' dir='ltr'><strong>&#39;mo</strong></span> <span class='ocrx_word' id='word_1_66' title='bbox 130 625 264 662; x_wconf 88' lang='lat' dir='ltr'><strong>omnia</strong></span> <span class='ocrx_word' id='word_1_67' title='bbox 282 622 432 661; x_wconf 86' lang='lat' dir='ltr'><strong>ibidem</strong></span> <span class='ocrx_word' id='word_1_68' title='bbox 448 626 648 676; x_wconf 83' lang='lat' dir='ltr'><strong>superiora</strong></span> <span class='ocrx_word' id='word_1_69' title='bbox 672 637 763 662; x_wconf 88' lang='lat' dir='ltr'><strong>cum</strong></span> <span class='ocrx_word' id='word_1_70' title='bbox 785 625 1115 676; x_wconf 81' lang='lat' dir='ltr'><strong>subsequentibus</strong></span> <span class='ocrx_word' id='word_1_71' title='bbox 1141 625 1386 662; x_wconf 80' lang='lat' dir='ltr'><strong>continenter</strong></span> <span class='ocrx_word' id='word_1_72' title='bbox 1409 636 1476 661; x_wconf 91' lang='lat' dir='ltr'><strong>co—</strong></span> 
     </span>
     <span class='ocr_line' id='line_1_10' title="bbox 26 678 1477 731; baseline -0.001 -12"><span class='ocrx_word' id='word_1_73' title='bbox 26 679 203 719; x_wconf 65' lang='lat' dir='ltr'><strong>haerent.</strong></span> <span class='ocrx_word' id='word_1_74' title='bbox 258 693 374 731; x_wconf 88' lang='lat' dir='ltr'><strong>porro</strong></span> <span class='ocrx_word' id='word_1_75' title='bbox 395 678 463 718; x_wconf 86' lang='lat' dir='ltr'><strong>hic</strong></span> <span class='ocrx_word' id='word_1_76' title='bbox 484 681 557 718; x_wconf 91' lang='lat' dir='ltr'><strong>sub</strong></span> <span class='ocrx_word' id='word_1_77' title='bbox 577 683 739 719; x_wconf 90' lang='lat' dir='ltr'><strong>nomine</strong></span> <span class='ocrx_word' id='word_1_78' title='bbox 760 681 927 728; x_wconf 84' lang='lat' dir='ltr'><strong>domini,</strong></span> <span class='ocrx_word' id='word_1_79' title='bbox 951 681 1031 718; x_wconf 89' lang='lat' dir='ltr'><strong>nisi</strong></span> <span class='ocrx_word' id='word_1_80' title='bbox 1050 681 1132 718; x_wconf 89' lang='lat' dir='ltr'><strong>iam</strong></span> <span class='ocrx_word' id='word_1_81' title='bbox 1152 679 1203 718; x_wconf 86' lang='lat' dir='ltr'><strong>ad</strong></span> <span class='ocrx_word' id='word_1_82' title='bbox 1221 680 1477 718; x_wconf 85' lang='lat' dir='ltr'><strong>Anastasium</strong></span> 
     </span>
     <span class='ocr_line' id='line_1_11' title="bbox 26 737 1477 789; baseline 0 -15"><span class='ocrx_word' id='word_1_83' title='bbox 26 740 69 774; x_wconf 77' lang='lat' dir='ltr'><strong>‹in</strong></span> <span class='ocrx_word' id='word_1_84' title='bbox 83 737 266 788; x_wconf 82' lang='lat' dir='ltr'><strong>proximo</strong></span> <span class='ocrx_word' id='word_1_85' title='bbox 291 749 409 775; x_wconf 79' lang='lat' dir='ltr'><strong>versu</strong></span> <span class='ocrx_word' id='word_1_86' title='bbox 433 737 688 776; x_wconf 85' lang='lat' dir='ltr'><strong>referendum</strong></span> <span class='ocrx_word' id='word_1_87' title='bbox 706 739 778 787; x_wconf 85' lang='lat' dir='ltr'><strong>sit,</strong></span> <span class='ocrx_word' id='word_1_88' title='bbox 807 739 941 789; x_wconf 89' lang='lat' dir='ltr'><strong>ipsum</strong></span> <span class='ocrx_word' id='word_1_89' title='bbox 961 738 1156 776; x_wconf 89' lang='lat' dir='ltr'><strong>Iustinum</strong></span> <span class='ocrx_word' id='word_1_90' title='bbox 1172 738 1402 786; x_wconf 85' lang='lat' dir='ltr'><strong>Caesarem,</strong></span> <span class='ocrx_word' id='word_1_91' title='bbox 1432 743 1477 774; x_wconf 85' lang='lat' dir='ltr'><strong>ut</strong></span> 
     </span>
     <span class='ocr_line' id='line_1_12' title="bbox 31 791 1478 847; baseline 0 -17"><span class='ocrx_word' id='word_1_92' title='bbox 31 793 124 844; x_wconf 76' lang='lat' dir='ltr'><strong>alias</strong></span> <span class='ocrx_word' id='word_1_93' title='bbox 140 793 291 845; x_wconf 82' lang='lat' dir='ltr'><strong>passim</strong></span> <span class='ocrx_word' id='word_1_94' title='bbox 311 794 354 830; x_wconf 91' lang='lat' dir='ltr'><strong>in</strong></span> <span class='ocrx_word' id='word_1_95' title='bbox 371 791 448 830; x_wconf 85' lang='lat' dir='ltr'><strong>hoc</strong></span> <span class='ocrx_word' id='word_1_96' title='bbox 469 798 674 845; x_wconf 71' lang='lat' dir='ltr'><strong>poemate,</strong></span> <span class='ocrx_word' id='word_1_97' title='bbox 715 801 782 832; x_wconf 90' lang='lat' dir='ltr'><strong>aut</strong></span> <span class='ocrx_word' id='word_1_98' title='bbox 803 796 978 846; x_wconf 82' lang='lat' dir='ltr'><strong>aliquem</strong></span> <span class='ocrx_word' id='word_1_99' title='bbox 994 795 1172 832; x_wconf 85' lang='lat' dir='ltr'><strong>fortassis</strong></span> <span class='ocrx_word' id='word_1_100' title='bbox 1195 794 1319 831; x_wconf 84' lang='lat' dir='ltr'><strong>alium</strong></span> <span class='ocrx_word' id='word_1_101' title='bbox 1344 794 1414 847; x_wconf 91' lang='lat' dir='ltr'><strong>qui</strong></span> <span class='ocrx_word' id='word_1_102' title='bbox 1439 799 1478 830; x_wconf 89' lang='lat' dir='ltr'><strong>et</strong></span> 
     </span>
     <span class='ocr_line' id='line_1_13' title="bbox 26 850 1478 902; baseline 0.001 -16"><span class='ocrx_word' id='word_1_103' title='bbox 26 851 82 887; x_wconf 74' lang='lat' dir='ltr'><strong>&#39;ita</strong></span> <span class='ocrx_word' id='word_1_104' title='bbox 96 855 323 899; x_wconf 73' lang='lat' dir='ltr'><strong>vocaretur,</strong></span> <span class='ocrx_word' id='word_1_105' title='bbox 361 850 584 902; x_wconf 85' lang='lat' dir='ltr'><strong>intelligere</strong></span> <span class='ocrx_word' id='word_1_106' title='bbox 605 852 820 902; x_wconf 86' lang='lat' dir='ltr'><strong>Corippum</strong></span> <span class='ocrx_word' id='word_1_107' title='bbox 839 851 1006 888; x_wconf 86' lang='lat' dir='ltr'><strong>arbitror</strong></span> <span class='ocrx_word' id='word_1_108' title='bbox 1026 852 1129 888; x_wconf 87' lang='lat' dir='ltr'><strong>inter</strong></span> <span class='ocrx_word' id='word_1_109' title='bbox 1149 851 1273 902; x_wconf 85' lang='lat' dir='ltr'><strong>ipsius</strong></span> <span class='ocrx_word' id='word_1_110' title='bbox 1294 850 1478 887; x_wconf 86' lang='lat' dir='ltr'><strong>carminis</strong></span> 
     </span>
     <span class='ocr_line' id='line_1_14' title="bbox 29 902 1479 959; baseline 0 -16"><span class='ocrx_word' id='word_1_111' title='bbox 29 902 309 943; x_wconf 77' lang='lat' dir='ltr'><strong>exhortatores.</strong></span> <span class='ocrx_word' id='word_1_112' title='bbox 338 907 461 944; x_wconf 82' lang='lat' dir='ltr'><strong>Rmz.</strong></span> <span class='ocrx_word' id='word_1_113' title='bbox 518 906 621 944; x_wconf 86' lang='lat' dir='ltr'><strong>nihil</strong></span> <span class='ocrx_word' id='word_1_114' title='bbox 645 909 786 945; x_wconf 89' lang='lat' dir='ltr'><strong>certius</strong></span> <span class='ocrx_word' id='word_1_115' title='bbox 807 920 929 959; x_wconf 89' lang='lat' dir='ltr'><strong>quam</strong></span> <span class='ocrx_word' id='word_1_116' title='bbox 944 907 1025 958; x_wconf 81' lang='lat' dir='ltr'><strong>legi</strong></span> <span class='ocrx_word' id='word_1_117' title='bbox 1046 914 1225 958; x_wconf 86' lang='lat' dir='ltr'><strong>oportere</strong></span> <span class='ocrx_word' id='word_1_118' title='bbox 1246 920 1389 944; x_wconf 87' lang='lat' dir='ltr'><strong>amans</strong></span> <span class='ocrx_word' id='word_1_119' title='bbox 1406 905 1479 943; x_wconf 86' lang='lat' dir='ltr'><strong>do·-</strong></span> 
     </span>
     <span class='ocr_line' id='line_1_15' title="bbox 23 959 1478 1015; baseline 0 -16"><span class='ocrx_word' id='word_1_120' title='bbox 23 962 163 999; x_wconf 66' lang='lat' dir='ltr'><strong>minos.</strong></span> <span class='ocrx_word' id='word_1_121' title='bbox 225 959 378 1000; x_wconf 75' lang='lat' dir='ltr'><strong>domini</strong></span> <span class='ocrx_word' id='word_1_122' title='bbox 398 968 490 1001; x_wconf 89' lang='lat' dir='ltr'><strong>sunt</strong></span> <span class='ocrx_word' id='word_1_123' title='bbox 511 964 685 1001; x_wconf 87' lang='lat' dir='ltr'><strong>Iustinus</strong></span> <span class='ocrx_word' id='word_1_124' title='bbox 716 970 755 1001; x_wconf 90' lang='lat' dir='ltr'><strong>et</strong></span> <span class='ocrx_word' id='word_1_125' title='bbox 773 962 947 1014; x_wconf 88' lang='lat' dir='ltr'><strong>Sophia,</strong></span> <span class='ocrx_word' id='word_1_126' title='bbox 989 976 1157 1014; x_wconf 87' lang='lat' dir='ltr'><strong>quorum</strong></span> <span class='ocrx_word' id='word_1_127' title='bbox 1186 975 1323 1000; x_wconf 84' lang='lat' dir='ltr'><strong>amans</strong></span> <span class='ocrx_word' id='word_1_128' title='bbox 1354 975 1478 1015; x_wconf 88' lang='lat' dir='ltr'><strong>quae-</strong></span> 
     </span>
     <span class='ocr_line' id='line_1_16' title="bbox 27 1016 1478 1070; baseline 0.001 -15"><span class='ocrx_word' id='word_1_129' title='bbox 27 1024 106 1056; x_wconf 80' lang='lat' dir='ltr'><strong>stor</strong></span> <span class='ocrx_word' id='word_1_130' title='bbox 124 1016 177 1055; x_wconf 87' lang='lat' dir='ltr'><strong>ad</strong></span> <span class='ocrx_word' id='word_1_131' title='bbox 196 1017 358 1056; x_wconf 88' lang='lat' dir='ltr'><strong>eosdem</strong></span> <span class='ocrx_word' id='word_1_132' title='bbox 374 1019 431 1056; x_wconf 90' lang='lat' dir='ltr'><strong>ire</strong></span> <span class='ocrx_word' id='word_1_133' title='bbox 452 1019 668 1070; x_wconf 88' lang='lat' dir='ltr'><strong>compellit.</strong></span> <span class='ocrx_word' id='word_1_134' title='bbox 698 1020 755 1057; x_wconf 80' lang='lat' dir='ltr'><strong>sic</strong></span> <span class='ocrx_word' id='word_1_135' title='bbox 773 1020 876 1056; x_wconf 86' lang='lat' dir='ltr'><strong>infra</strong></span> <span class='ocrx_word' id='word_1_136' title='bbox 896 1032 936 1057; x_wconf 85' lang='lat' dir='ltr'><strong>v.</strong></span> <span class='ocrx_word' id='word_1_137' title='bbox 953 1021 1008 1059; x_wconf 89' lang='grc'><strong>22</strong></span> <span class='ocrx_word' id='word_1_138' title='bbox 1027 1025 1067 1055; x_wconf 90' lang='lat' dir='ltr'><strong>et</strong></span> <span class='ocrx_word' id='word_1_139' title='bbox 1085 1020 1154 1059; x_wconf 89' lang='grc'><strong>82.</strong></span> <span class='ocrx_word' id='word_1_140' title='bbox 1182 1020 1348 1057; x_wconf 68' lang='grc' dir='ltr'><strong>ΒΑΒΤΗ.</strong></span> <span class='ocrx_word' id='word_1_141' title='bbox 1376 1019 1478 1056; x_wconf 88' lang='lat' dir='ltr'><strong>Rui-</strong></span> 
     </span>
     <span class='ocr_line' id='line_1_17' title="bbox 27 1073 1477 1123; baseline 0.001 -12"><span class='ocrx_word' id='word_1_142' title='bbox 27 1075 109 1111; x_wconf 87' lang='lat' dir='ltr'><strong>zius</strong></span> <span class='ocrx_word' id='word_1_143' title='bbox 137 1073 263 1112; x_wconf 84' lang='lat' dir='ltr'><strong>edidit</strong></span> <span class='ocrx_word' id='word_1_144' title='bbox 289 1074 496 1123; x_wconf 74' lang='lat' dir='ltr'><strong>dominus-5</strong></span> <span class='ocrx_word' id='word_1_145' title='bbox 535 1082 575 1113; x_wconf 91' lang='lat' dir='ltr'><strong>et</strong></span> <span class='ocrx_word' id='word_1_146' title='bbox 604 1074 746 1113; x_wconf 88' lang='lat' dir='ltr'><strong>dubius</strong></span> <span class='ocrx_word' id='word_1_147' title='bbox 776 1073 914 1112; x_wconf 82' lang='lat' dir='ltr'><strong>haeret</strong></span> <span class='ocrx_word' id='word_1_148' title='bbox 945 1087 996 1111; x_wconf 89' lang='lat' dir='ltr'><strong>an</strong></span> <span class='ocrx_word' id='word_1_149' title='bbox 1024 1076 1075 1112; x_wconf 87' lang='lat' dir='ltr'><strong>sit</strong></span> <span class='ocrx_word' id='word_1_150' title='bbox 1102 1076 1276 1112; x_wconf 85' lang='lat' dir='ltr'><strong>Iustinus</strong></span> <span class='ocrx_word' id='word_1_151' title='bbox 1306 1087 1357 1112; x_wconf 90' lang='lat' dir='ltr'><strong>an</strong></span> <span class='ocrx_word' id='word_1_152' title='bbox 1383 1086 1477 1112; x_wconf 83' lang='lat' dir='ltr'><strong>vero</strong></span> 
     </span>
     <span class='ocr_line' id='line_1_18' title="bbox 20 1131 1478 1180; baseline 0 -12"><span class='ocrx_word' id='word_1_153' title='bbox 20 1131 268 1168; x_wconf 62' lang='lat' dir='ltr'><strong>Anastasius.</strong></span> <span class='ocrx_word' id='word_1_154' title='bbox 326 1132 479 1169; x_wconf 87' lang='lat' dir='ltr'><strong>restitui</strong></span> <span class='ocrx_word' id='word_1_155' title='bbox 502 1131 696 1177; x_wconf 84' lang='lat' dir='ltr'><strong>dominos,</strong></span> <span class='ocrx_word' id='word_1_156' title='bbox 738 1132 937 1169; x_wconf 76' lang='lat' dir='ltr'><strong>Iustinum</strong></span> <span class='ocrx_word' id='word_1_157' title='bbox 954 1131 1183 1180; x_wconf 86' lang='lat' dir='ltr'><strong>intelligens</strong></span> <span class='ocrx_word' id='word_1_158' title='bbox 1206 1138 1245 1167; x_wconf 88' lang='lat' dir='ltr'><strong>et</strong></span> <span class='ocrx_word' id='word_1_159' title='bbox 1266 1131 1350 1168; x_wconf 84' lang='lat' dir='ltr'><strong>eius</strong></span> <span class='ocrx_word' id='word_1_160' title='bbox 1371 1143 1478 1168; x_wconf 85' lang='lat' dir='ltr'><strong>uxo-</strong></span> 
     </span>
     <span class='ocr_line' id='line_1_19' title="bbox 12 1186 1477 1238; baseline 0 -14"><span class='ocrx_word' id='word_1_161' title='bbox 12 1198 109 1224; x_wconf 72' lang='lat' dir='ltr'><strong>·rem</strong></span> <span class='ocrx_word' id='word_1_162' title='bbox 131 1186 338 1237; x_wconf 78' lang='lat' dir='ltr'><strong>Sophiam.</strong></span> <span class='ocrx_word' id='word_1_163' title='bbox 398 1200 515 1238; x_wconf 89' lang='lat' dir='ltr'><strong>porro</strong></span> <span class='ocrx_word' id='word_1_164' title='bbox 535 1189 630 1226; x_wconf 88' lang='lat' dir='ltr'><strong>scite</strong></span> <span class='ocrx_word' id='word_1_165' title='bbox 651 1189 843 1238; x_wconf 89' lang='lat' dir='ltr'><strong>Corippus</strong></span> <span class='ocrx_word' id='word_1_166' title='bbox 863 1187 988 1224; x_wconf 90' lang='lat' dir='ltr'><strong>amori</strong></span> <span class='ocrx_word' id='word_1_167' title='bbox 1001 1187 1200 1223; x_wconf 84' lang='lat' dir='ltr'><strong>Anastasii</strong></span> <span class='ocrx_word' id='word_1_168' title='bbox 1219 1187 1262 1223; x_wconf 82' lang='lat' dir='ltr'><strong>in</strong></span> <span class='ocrx_word' id='word_1_169' title='bbox 1278 1187 1477 1237; x_wconf 86' lang='lat' dir='ltr'><strong>principes</strong></span> 
     </span>
     <span class='ocr_line' id='line_1_20' title="bbox 11 1240 1476 1294; baseline -0.001 -14"><span class='ocrx_word' id='word_1_170' title='bbox 11 1241 172 1292; x_wconf 76' lang='lat' dir='ltr'><strong>:ti-ibuit,</strong></span> <span class='ocrx_word' id='word_1_171' title='bbox 202 1241 311 1294; x_wconf 88' lang='lat' dir='ltr'><strong>quod</strong></span> <span class='ocrx_word' id='word_1_172' title='bbox 328 1243 406 1294; x_wconf 86' lang='lat' dir='ltr'><strong>ipsi</strong></span> <span class='ocrx_word' id='word_1_173' title='bbox 428 1250 563 1281; x_wconf 85' lang='lat' dir='ltr'><strong>auctor</strong></span> <span class='ocrx_word' id='word_1_174' title='bbox 579 1245 699 1281; x_wconf 85' lang='lat' dir='ltr'><strong>fuerit</strong></span> <span class='ocrx_word' id='word_1_175' title='bbox 716 1251 761 1281; x_wconf 90' lang='lat' dir='ltr'><strong>ut</strong></span> <span class='ocrx_word' id='word_1_176' title='bbox 780 1244 922 1281; x_wconf 88' lang='lat' dir='ltr'><strong>Iustini</strong></span> <span class='ocrx_word' id='word_1_177' title='bbox 941 1240 1080 1279; x_wconf 86' lang='lat' dir='ltr'><strong>laudes</strong></span> <span class='ocrx_word' id='word_1_178' title='bbox 1099 1243 1271 1278; x_wconf 89' lang='lat' dir='ltr'><strong>carmine</strong></span> <span class='ocrx_word' id='word_1_179' title='bbox 1297 1243 1476 1279; x_wconf 87' lang='lat' dir='ltr'><strong>celebra-</strong></span> 
     </span>
     <span class='ocr_line' id='line_1_21' title="bbox 11 1297 1476 1350; baseline -0.001 -14"><span class='ocrx_word' id='word_1_180' title='bbox 11 1304 104 1348; x_wconf 62' lang='grc' dir='ltr'><strong>νηῒς</strong></span> <span class='ocrx_word' id='word_1_181' title='bbox 133 1305 174 1336; x_wconf 88' lang='lat' dir='ltr'><strong>et</strong></span> <span class='ocrx_word' id='word_1_182' title='bbox 200 1300 257 1337; x_wconf 86' lang='lat' dir='ltr'><strong>sic</strong></span> <span class='ocrx_word' id='word_1_183' title='bbox 280 1299 323 1335; x_wconf 89' lang='lat' dir='ltr'><strong>in</strong></span> <span class='ocrx_word' id='word_1_184' title='bbox 339 1301 489 1350; x_wconf 86' lang='lat' dir='ltr'><strong>Paneg.</strong></span> <span class='ocrx_word' id='word_1_185' title='bbox 509 1303 560 1340; x_wconf 86' lang='lat'><strong>31</strong></span> <span class='ocrx_word' id='word_1_186' title='bbox 595 1299 644 1337; x_wconf 90' lang='lat' dir='ltr'><strong>de</strong></span> <span class='ocrx_word' id='word_1_187' title='bbox 660 1301 869 1337; x_wconf 87' lang='lat' dir='ltr'><strong>Anastasio</strong></span> <span class='ocrx_word' id='word_1_188' title='bbox 899 1299 975 1336; x_wconf 71' lang='lat' dir='ltr'><strong>ait:</strong></span> <span class='ocrx_word' id='word_1_189' title='bbox 1006 1311 1121 1349; x_wconf 79' lang='lat' dir='ltr'><strong>quem</strong></span> <span class='ocrx_word' id='word_1_190' title='bbox 1145 1297 1291 1337; x_wconf 68' lang='lat' dir='ltr'><strong>Christi</strong></span> <span class='ocrx_word' id='word_1_191' title='bbox 1317 1311 1476 1336; x_wconf 83' lang='lat' dir='ltr'><strong>munere</strong></span> 
     </span>
     <span class='ocr_line' id='line_1_22' title="bbox 8 1354 763 1407; baseline 0.001 -14"><span class='ocrx_word' id='word_1_192' title='bbox 8 1354 150 1402; x_wconf 61' lang='lat' dir='ltr'><strong>ffidum</strong></span> <span class='ocrx_word' id='word_1_193' title='bbox 166 1355 350 1407; x_wconf 63' lang='lat' dir='ltr'><strong>cognovit</strong></span> <span class='ocrx_word' id='word_1_194' title='bbox 367 1356 570 1405; x_wconf 82' lang='lat' dir='ltr'><strong>princeps.</strong></span> <span class='ocrx_word' id='word_1_195' title='bbox 630 1357 763 1394; x_wconf 72' lang='lat' dir='ltr'><strong>Foco.</strong></span> 
     </span>
    </p>
   </div>
   <div class='ocr_carea' id='block_1_4' title="bbox 0 595 28 1472">
    <p class='ocr_par' dir='ltr' id='par_1_4' title="bbox 0 595 28 1472">
     <span class='ocr_line' id='line_1_23' title="bbox 0 595 28 1017; baseline 0 -260"><span class='ocrx_word' id='word_1_196' title='bbox 0 595 28 1017; x_wconf 95' lang='lat' dir='ltr'><strong>    </strong></span> 
     </span>
     <span class='ocr_line' id='line_1_24' title="bbox 0 1017 17 1472; baseline 0 0"><span class='ocrx_word' id='word_1_197' title='bbox 0 1017 17 1472; x_wconf 95' lang='lat' dir='ltr'><strong>   </strong></span> 
     </span>
    </p>
   </div>
   <div class='ocr_carea' id='block_1_5' title="bbox 0 1434 1475 1541">
    <p class='ocr_par' dir='ltr' id='par_1_5' title="bbox 0 1434 1475 1541">
     <span class='ocr_line' id='line_1_25' title="bbox 0 1434 1475 1541; baseline -0.002 -66"><span class='ocrx_word' id='word_1_198' title='bbox 0 1474 1 1484; x_wconf 57' lang='grc'>,</span> <span class='ocrx_word' id='word_1_199' title='bbox 19 1488 55 1541; x_wconf 70' lang='lat' dir='ltr'><strong><em>s</em></strong></span> <span class='ocrx_word' id='word_1_200' title='bbox 81 1490 88 1497; x_wconf 37' lang='grc' dir='ltr'>ι</span> <span class='ocrx_word' id='word_1_201' title='bbox 136 1434 204 1528; x_wconf 65' lang='lat' dir='ltr'><strong>lg·</strong></span> <span class='ocrx_word' id='word_1_202' title='bbox 226 1446 329 1485; x_wconf 83' lang='lat' dir='ltr'><strong>pars</strong></span> <span class='ocrx_word' id='word_1_203' title='bbox 345 1447 496 1486; x_wconf 79' lang='lat' dir='ltr'><strong>magna</strong></span> <span class='ocrx_word' id='word_1_204' title='bbox 515 1446 568 1472; x_wconf 84' lang='lat' dir='ltr'><strong>ex</strong></span> <span class='ocrx_word' id='word_1_205' title='bbox 589 1434 659 1473; x_wconf 84' lang='lat' dir='ltr'><strong>illo·</strong></span> <span class='ocrx_word' id='word_1_206' title='bbox 679 1434 852 1473; x_wconf 81' lang='lat' dir='ltr'><strong>Maronis</strong></span> <span class='ocrx_word' id='word_1_207' title='bbox 870 1440 952 1472; x_wconf 86' lang='lat' dir='ltr'><strong>est:</strong></span> <span class='ocrx_word' id='word_1_208' title='bbox 974 1440 1011 1472; x_wconf 84' lang='lat' dir='ltr'><strong>et</strong></span> <span class='ocrx_word' id='word_1_209' title='bbox 1029 1447 1196 1486; x_wconf 82' lang='lat' dir='ltr'><strong>quorum</strong></span> <span class='ocrx_word' id='word_1_210' title='bbox 1210 1447 1307 1486; x_wconf 81' lang='lat' dir='ltr'><strong>pars</strong></span> <span class='ocrx_word' id='word_1_211' title='bbox 1323 1447 1475 1486; x_wconf 77' lang='lat' dir='ltr'><strong>magna</strong></span> 
     </span>
     <span class='ocr_line' id='line_1_26' title="bbox 11 1500 325 1529; baseline 0.006 -2"><span class='ocrx_word' id='word_1_212' title='bbox 11 1504 14 1506; x_wconf 88' lang='lat'>·</span> <span class='ocrx_word' id='word_1_213' title='bbox 43 1503 100 1527; x_wconf 79' lang='grc' dir='ltr'><strong>ιιι.</strong></span> <span class='ocrx_word' id='word_1_214' title='bbox 195 1500 325 1529; x_wconf 69' lang='lat' dir='ltr'><strong>Anni.</strong></span> 
     </span>
    </p>
   </div>
   <div class='ocr_carea' id='block_1_6' title="bbox 6 1558 1478 2331">
    <p class='ocr_par' dir='ltr' id='par_1_6' title="bbox 7 1558 1478 1892">
     <span class='ocr_line' id='line_1_27' title="bbox 47 1558 1477 1611; baseline 0 -15"><span class='ocrx_word' id='word_1_215' title='bbox 47 1594 49 1596; x_wconf 82' lang='lat'><strong>.</strong></span> <span class='ocrx_word' id='word_1_216' title='bbox 138 1560 205 1601; x_wconf 88' lang='grc'><strong>17.</strong></span> <span class='ocrx_word' id='word_1_217' title='bbox 263 1558 494 1609; x_wconf 68' lang='lat' dir='ltr'><strong>compositor</strong></span> <span class='ocrx_word' id='word_1_218' title='bbox 522 1572 675 1597; x_wconf 86' lang='lat' dir='ltr'><strong>morum</strong></span> <span class='ocrx_word' id='word_1_219' title='bbox 701 1572 904 1597; x_wconf 87' lang='lat' dir='ltr'><strong>censorem</strong></span> <span class='ocrx_word' id='word_1_220' title='bbox 929 1558 1123 1611; x_wconf 81' lang='lat' dir='ltr'><strong>designat.</strong></span> <span class='ocrx_word' id='word_1_221' title='bbox 1181 1559 1277 1596; x_wconf 87' lang='lat' dir='ltr'><strong>iuris</strong></span> <span class='ocrx_word' id='word_1_222' title='bbox 1295 1558 1477 1596; x_wconf 77' lang='lat' dir='ltr'><strong>sacerdos</strong></span> 
     </span>
     <span class='ocr_line' id='line_1_28' title="bbox 7 1611 1476 1667; baseline 0 -16"><span class='ocrx_word' id='word_1_223' title='bbox 7 1611 134 1652; x_wconf 62' lang='lat' dir='ltr'><strong>&#39;Thaud</strong></span> <span class='ocrx_word' id='word_1_224' title='bbox 152 1612 271 1652; x_wconf 89' lang='lat' dir='ltr'><strong>dubie</strong></span> <span class='ocrx_word' id='word_1_225' title='bbox 291 1627 344 1652; x_wconf 86' lang='lat' dir='ltr'><strong>ex</strong></span> <span class='ocrx_word' id='word_1_226' title='bbox 362 1615 581 1653; x_wconf 85' lang='lat' dir='ltr'><strong>recentium</strong></span> <span class='ocrx_word' id='word_1_227' title='bbox 598 1622 684 1653; x_wconf 85' lang='lat' dir='ltr'><strong>tum</strong></span> <span class='ocrx_word' id='word_1_228' title='bbox 701 1629 724 1653; x_wconf 90' lang='lat' dir='ltr'><strong>a</strong></span> <span class='ocrx_word' id='word_1_229' title='bbox 745 1618 1025 1667; x_wconf 87' lang='lat' dir='ltr'><strong>compositione</strong></span> <span class='ocrx_word' id='word_1_230' title='bbox 1039 1614 1329 1653; x_wconf 84' lang='lat' dir='ltr'><strong>Paudectarum</strong></span> <span class='ocrx_word' id='word_1_231' title='bbox 1347 1617 1476 1666; x_wconf 82' lang='lat' dir='ltr'><strong>primo</strong></span> 
     </span>
     <span class='ocr_line' id='line_1_29' title="bbox 7 1669 1477 1724; baseline 0 -16"><span class='ocrx_word' id='word_1_232' title='bbox 7 1671 139 1708; x_wconf 70' lang='lat' dir='ltr'><strong>titulo</strong></span> <span class='ocrx_word' id='word_1_233' title='bbox 169 1669 402 1710; x_wconf 81' lang='lat' dir='ltr'><strong>derivatum.</strong></span> <span class='ocrx_word' id='word_1_234' title='bbox 459 1672 580 1710; x_wconf 83' lang='lat' dir='ltr'><strong>verba</strong></span> <span class='ocrx_word' id='word_1_235' title='bbox 610 1673 794 1710; x_wconf 87' lang='lat' dir='ltr'><strong>omnibus</strong></span> <span class='ocrx_word' id='word_1_236' title='bbox 819 1674 862 1709; x_wconf 88' lang='lat' dir='ltr'><strong>in</strong></span> <span class='ocrx_word' id='word_1_237' title='bbox 885 1679 1072 1724; x_wconf 89' lang='lat' dir='ltr'><strong>promptu</strong></span> <span class='ocrx_word' id='word_1_238' title='bbox 1094 1671 1315 1710; x_wconf 86' lang='lat' dir='ltr'><strong>adscribere</strong></span> <span class='ocrx_word' id='word_1_239' title='bbox 1337 1685 1477 1723; x_wconf 88' lang='lat' dir='ltr'><strong>super-</strong></span> 
     </span>
     <span class='ocr_line' id='line_1_30' title="bbox 7 1725 1478 1781; baseline 0.002 -19"><span class='ocrx_word' id='word_1_240' title='bbox 7 1725 186 1764; x_wconf 83' lang='lat' dir='ltr'><strong>sedebo.</strong></span> <span class='ocrx_word' id='word_1_241' title='bbox 243 1741 312 1765; x_wconf 88' lang='lat' dir='ltr'><strong>cur</strong></span> <span class='ocrx_word' id='word_1_242' title='bbox 334 1740 428 1766; x_wconf 78' lang='lat' dir='ltr'><strong>vero</strong></span> <span class='ocrx_word' id='word_1_243' title='bbox 458 1726 595 1766; x_wconf 85' lang='lat' dir='ltr'><strong>deesse</strong></span> <span class='ocrx_word' id='word_1_244' title='bbox 624 1728 775 1781; x_wconf 84' lang='lat' dir='ltr'><strong>aliquid</strong></span> <span class='ocrx_word' id='word_1_245' title='bbox 796 1736 952 1780; x_wconf 88' lang='lat' dir='ltr'><strong>putaret</strong></span> <span class='ocrx_word' id='word_1_246' title='bbox 974 1729 1206 1780; x_wconf 86' lang='lat' dir='ltr'><strong>Assagrius,</strong></span> <span class='ocrx_word' id='word_1_247' title='bbox 1237 1730 1306 1780; x_wconf 87' lang='lat' dir='ltr'><strong>qui</strong></span> <span class='ocrx_word' id='word_1_248' title='bbox 1325 1740 1478 1766; x_wconf 88' lang='lat' dir='ltr'><strong>morem</strong></span> 
     </span>
     <span class='ocr_line' id='line_1_31' title="bbox 8 1783 1477 1837; baseline 0.002 -18"><span class='ocrx_word' id='word_1_249' title='bbox 8 1783 222 1821; x_wconf 52' lang='lat' dir='ltr'><strong>&gt;inferioris</strong></span> <span class='ocrx_word' id='word_1_250' title='bbox 241 1784 330 1822; x_wconf 83' lang='lat' dir='ltr'><strong>aevi</strong></span> <span class='ocrx_word' id='word_1_251' title='bbox 344 1787 554 1835; x_wconf 68' lang='lat' dir='ltr'><strong>poetarum</strong></span> <span class='ocrx_word' id='word_1_252' title='bbox 569 1787 742 1836; x_wconf 87' lang='lat' dir='ltr'><strong>penitius</strong></span> <span class='ocrx_word' id='word_1_253' title='bbox 763 1792 1014 1837; x_wconf 76' lang='lat' dir='ltr'><strong>perspecttun</strong></span> <span class='ocrx_word' id='word_1_254' title='bbox 1033 1798 1114 1823; x_wconf 90' lang='lat' dir='ltr'><strong>non</strong></span> <span class='ocrx_word' id='word_1_255' title='bbox 1133 1783 1327 1834; x_wconf 84' lang='lat' dir='ltr'><strong>habebat,</strong></span> <span class='ocrx_word' id='word_1_256' title='bbox 1360 1797 1477 1822; x_wconf 84' lang='lat' dir='ltr'><strong>causa</strong></span> 
     </span>
     <span class='ocr_line' id='line_1_32' title="bbox 7 1839 1478 1892; baseline 0.001 -16"><span class='ocrx_word' id='word_1_257' title='bbox 7 1850 105 1876; x_wconf 83' lang='lat' dir='ltr'><strong>=non</strong></span> <span class='ocrx_word' id='word_1_258' title='bbox 127 1846 224 1877; x_wconf 85' lang='lat' dir='ltr'><strong>erat.</strong></span> <span class='ocrx_word' id='word_1_259' title='bbox 282 1841 353 1892; x_wconf 90' lang='lat' dir='ltr'><strong>qui</strong></span> <span class='ocrx_word' id='word_1_260' title='bbox 373 1853 464 1877; x_wconf 91' lang='lat' dir='ltr'><strong>cum</strong></span> <span class='ocrx_word' id='word_1_261' title='bbox 482 1839 534 1878; x_wconf 88' lang='lat' dir='ltr'><strong>ad</strong></span> <span class='ocrx_word' id='word_1_262' title='bbox 551 1839 628 1878; x_wconf 89' lang='lat' dir='ltr'><strong>hoc</strong></span> <span class='ocrx_word' id='word_1_263' title='bbox 646 1844 895 1892; x_wconf 82' lang='lat' dir='ltr'><strong>prooemimn</strong></span> <span class='ocrx_word' id='word_1_264' title='bbox 914 1842 1170 1879; x_wconf 88' lang='lat' dir='ltr'><strong>Dracontium</strong></span> <span class='ocrx_word' id='word_1_265' title='bbox 1196 1848 1234 1878; x_wconf 86' lang='lat' dir='ltr'><strong>et</strong></span> <span class='ocrx_word' id='word_1_266' title='bbox 1251 1842 1478 1892; x_wconf 86' lang='lat' dir='ltr'><strong>Eugenium</strong></span> 
     </span>
    </p>

    <p class='ocr_par' dir='ltr' id='par_1_7' title="bbox 6 1894 1478 2343">
     <span class='ocr_line' id='line_1_33' title="bbox 24 1894 1478 1948; baseline 0.001 -15"><span class='ocrx_word' id='word_1_267' title='bbox 24 1906 49 1933; x_wconf 70' lang='lat' dir='ltr'><strong>a</strong></span> <span class='ocrx_word' id='word_1_268' title='bbox 73 1908 116 1933; x_wconf 87' lang='lat' dir='ltr'><strong>se</strong></span> <span class='ocrx_word' id='word_1_269' title='bbox 141 1894 268 1934; x_wconf 83' lang='lat' dir='ltr'><strong>editos</strong></span> <span class='ocrx_word' id='word_1_270' title='bbox 297 1903 512 1946; x_wconf 82' lang='lat' dir='ltr'><strong>memorat,</strong></span> <span class='ocrx_word' id='word_1_271' title='bbox 560 1897 656 1934; x_wconf 83' lang='lat' dir='ltr'><strong>facit</strong></span> <span class='ocrx_word' id='word_1_272' title='bbox 678 1898 888 1948; x_wconf 84' lang='lat' dir='ltr'><strong>insigniter</strong></span> <span class='ocrx_word' id='word_1_273' title='bbox 907 1911 980 1936; x_wconf 90' lang='lat' dir='ltr'><strong>nos</strong></span> <span class='ocrx_word' id='word_1_274' title='bbox 1014 1896 1148 1935; x_wconf 87' lang='lat' dir='ltr'><strong>dolere</strong></span> <span class='ocrx_word' id='word_1_275' title='bbox 1174 1897 1303 1935; x_wconf 90' lang='lat' dir='ltr'><strong>fatum</strong></span> <span class='ocrx_word' id='word_1_276' title='bbox 1332 1896 1478 1935; x_wconf 89' lang='lat' dir='ltr'><strong>horum</strong></span> 
     </span>
     <span class='ocr_line' id='line_1_34' title="bbox 6 1949 1477 2004; baseline -0.001 -12"><span class='ocrx_word' id='word_1_277' title='bbox 6 1949 222 2001; x_wconf 55' lang='lat' dir='ltr'><strong>docorum,</strong></span> <span class='ocrx_word' id='word_1_278' title='bbox 257 1950 309 1989; x_wconf 87' lang='lat' dir='ltr'><strong>ad</strong></span> <span class='ocrx_word' id='word_1_279' title='bbox 327 1964 429 2004; x_wconf 87' lang='lat' dir='ltr'><strong>quae</strong></span> <span class='ocrx_word' id='word_1_280' title='bbox 451 1953 499 1989; x_wconf 84' lang='lat' dir='ltr'><strong>ab</strong></span> <span class='ocrx_word' id='word_1_281' title='bbox 522 1954 715 2004; x_wconf 85' lang='lat' dir='ltr'><strong>Hispania</strong></span> <span class='ocrx_word' id='word_1_282' title='bbox 736 1955 827 1991; x_wconf 86' lang='lat' dir='ltr'><strong>libri</strong></span> <span class='ocrx_word' id='word_1_283' title='bbox 851 1955 954 1991; x_wconf 83' lang='lat' dir='ltr'><strong>nulli</strong></span> <span class='ocrx_word' id='word_1_284' title='bbox 974 1955 1058 1991; x_wconf 88' lang='lat' dir='ltr'><strong>fere</strong></span> <span class='ocrx_word' id='word_1_285' title='bbox 1077 1954 1254 1993; x_wconf 82' lang='lat' dir='ltr'><strong>veniunt.</strong></span> <span class='ocrx_word' id='word_1_286' title='bbox 1310 1955 1477 1991; x_wconf 73' lang='lat' dir='ltr'><strong>BAnTn.</strong></span> 
     </span>
     <span class='ocr_line' id='line_1_35' title="bbox 6 2008 1477 2061; baseline 0 -15"><span class='ocrx_word' id='word_1_287' title='bbox 6 2014 117 2053; x_wconf 58' lang='grc' dir='ltr'>εμοία</span> <span class='ocrx_word' id='word_1_288' title='bbox 142 2008 278 2046; x_wconf 85' lang='lat' dir='ltr'><strong>titulos</strong></span> <span class='ocrx_word' id='word_1_289' title='bbox 307 2009 508 2046; x_wconf 85' lang='lat' dir='ltr'><strong>Anastasii</strong></span> <span class='ocrx_word' id='word_1_290' title='bbox 539 2011 757 2061; x_wconf 89' lang='lat' dir='ltr'><strong>quaestoris</strong></span> <span class='ocrx_word' id='word_1_291' title='bbox 783 2011 925 2048; x_wconf 87' lang='lat' dir='ltr'><strong>Iustini</strong></span> <span class='ocrx_word' id='word_1_292' title='bbox 942 2013 970 2051; x_wconf 92' lang='grc'>2</span> <span class='ocrx_word' id='word_1_293' title='bbox 990 2011 1086 2061; x_wconf 87' lang='lat' dir='ltr'><strong>imp.</strong></span> <span class='ocrx_word' id='word_1_294' title='bbox 1101 2039 1112 2059; x_wconf 93' lang='lat'>,</span> <span class='ocrx_word' id='word_1_295' title='bbox 1154 2011 1265 2047; x_wconf 86' lang='lat' dir='ltr'><strong>cuius</strong></span> <span class='ocrx_word' id='word_1_296' title='bbox 1292 2009 1477 2047; x_wconf 87' lang='lat' dir='ltr'><strong>laudibus</strong></span> 
     </span>
     <span class='ocr_line' id='line_1_36' title="bbox 25 2063 1475 2115; baseline 0 -13"><span class='ocrx_word' id='word_1_297' title='bbox 25 2075 182 2115; x_wconf 64' lang='lat' dir='ltr'><strong>vomnen</strong></span> <span class='ocrx_word' id='word_1_298' title='bbox 199 2063 440 2115; x_wconf 84' lang='lat' dir='ltr'><strong>praecedens</strong></span> <span class='ocrx_word' id='word_1_299' title='bbox 460 2064 633 2103; x_wconf 87' lang='lat' dir='ltr'><strong>dicatum</strong></span> <span class='ocrx_word' id='word_1_300' title='bbox 649 2067 738 2104; x_wconf 83' lang='lat' dir='ltr'><strong>fuit.</strong></span> <span class='ocrx_word' id='word_1_301' title='bbox 785 2068 841 2105; x_wconf 87' lang='lat' dir='ltr'><strong>sic</strong></span> <span class='ocrx_word' id='word_1_302' title='bbox 867 2067 1049 2105; x_wconf 77' lang='lat' dir='ltr'><strong>Iustitiae</strong></span> <span class='ocrx_word' id='word_1_303' title='bbox 1065 2065 1285 2103; x_wconf 72' lang='lat' dir='ltr'><strong>sacerdotes</strong></span> <span class='ocrx_word' id='word_1_304' title='bbox 1304 2068 1475 2115; x_wconf 76' lang='lat' dir='ltr'><strong>impera-</strong></span> 
     </span>
     <span class='ocr_line' id='line_1_37' title="bbox 25 2120 1477 2173; baseline -0.001 -13"><span class='ocrx_word' id='word_1_305' title='bbox 25 2125 122 2162; x_wconf 56' lang='grc' dir='ltr'><strong>ᾔτεε</strong></span> <span class='ocrx_word' id='word_1_306' title='bbox 153 2121 306 2158; x_wconf 79' lang='lat' dir='ltr'><strong>salutat</strong></span> <span class='ocrx_word' id='word_1_307' title='bbox 331 2120 595 2172; x_wconf 88' lang='lat' dir='ltr'><strong>Symmachus</strong></span> <span class='ocrx_word' id='word_1_308' title='bbox 621 2125 671 2162; x_wconf 87' lang='lat'><strong>10</strong></span> <span class='ocrx_word' id='word_1_309' title='bbox 705 2137 767 2173; x_wconf 87' lang='lat' dir='ltr'><strong>ep.</strong></span> <span class='ocrx_word' id='word_1_310' title='bbox 789 2122 856 2165; x_wconf 84' lang='lat'><strong>54.</strong></span> <span class='ocrx_word' id='word_1_311' title='bbox 914 2124 971 2160; x_wconf 82' lang='lat' dir='ltr'><strong>sic</strong></span> <span class='ocrx_word' id='word_1_312' title='bbox 1003 2129 1042 2159; x_wconf 91' lang='lat' dir='ltr'><strong>et</strong></span> <span class='ocrx_word' id='word_1_313' title='bbox 1063 2123 1258 2173; x_wconf 87' lang='lat' dir='ltr'><strong>Ulpianus</strong></span> <span class='ocrx_word' id='word_1_314' title='bbox 1282 2122 1477 2159; x_wconf 89' lang='lat' dir='ltr'><strong>iuriscon-</strong></span> 
     </span>
     <span class='ocr_line' id='line_1_38' title="bbox 21 2175 1476 2224; baseline 0 -10"><span class='ocrx_word' id='word_1_315' title='bbox 21 2176 148 2221; x_wconf 61' lang='lat' dir='ltr'><strong>mltos</strong></span> <span class='ocrx_word' id='word_1_316' title='bbox 164 2175 381 2214; x_wconf 77' lang='lat' dir='ltr'><strong>sacerdotes</strong></span> <span class='ocrx_word' id='word_1_317' title='bbox 397 2178 570 2214; x_wconf 79' lang='lat' dir='ltr'><strong>iustitiae</strong></span> <span class='ocrx_word' id='word_1_318' title='bbox 593 2186 706 2216; x_wconf 82' lang='lat' dir='ltr'><strong>vocat</strong></span> <span class='ocrx_word' id='word_1_319' title='bbox 723 2179 751 2216; x_wconf 91' lang='lat' dir='ltr'><strong>l.</strong></span> <span class='ocrx_word' id='word_1_320' title='bbox 777 2180 800 2219; x_wconf 87' lang='lat'>1</span> <span class='ocrx_word' id='word_1_321' title='bbox 819 2180 870 2215; x_wconf 89' lang='lat' dir='ltr'><strong>D.</strong></span> <span class='ocrx_word' id='word_1_322' title='bbox 897 2177 946 2215; x_wconf 91' lang='lat' dir='ltr'><strong>de</strong></span> <span class='ocrx_word' id='word_1_323' title='bbox 972 2179 1064 2215; x_wconf 91' lang='lat' dir='ltr'><strong>iust.</strong></span> <span class='ocrx_word' id='word_1_324' title='bbox 1086 2185 1124 2214; x_wconf 89' lang='lat' dir='ltr'><strong>et</strong></span> <span class='ocrx_word' id='word_1_325' title='bbox 1145 2179 1221 2215; x_wconf 89' lang='lat' dir='ltr'><strong>iur.</strong></span> <span class='ocrx_word' id='word_1_326' title='bbox 1279 2179 1334 2215; x_wconf 90' lang='lat' dir='ltr'><strong>sic</strong></span> <span class='ocrx_word' id='word_1_327' title='bbox 1352 2178 1476 2224; x_wconf 79' lang='lat' dir='ltr'><strong>Quin-</strong></span> 
     </span>
     <span class='ocr_line' id='line_1_39' title="bbox 21 2230 1475 2285; baseline 0.001 -14"><span class='ocrx_word' id='word_1_328' title='bbox 21 2230 183 2285; x_wconf 47' lang='lat' dir='ltr'><strong>&amp;ianus</strong></span> <span class='ocrx_word' id='word_1_329' title='bbox 206 2235 257 2274; x_wconf 87' lang='lat'><strong>11</strong></span> <span class='ocrx_word' id='word_1_330' title='bbox 279 2233 303 2272; x_wconf 92' lang='lat'>1</span> <span class='ocrx_word' id='word_1_331' title='bbox 324 2232 508 2271; x_wconf 81' lang='lat' dir='ltr'><strong>Servium</strong></span> <span class='ocrx_word' id='word_1_332' title='bbox 518 2234 733 2285; x_wconf 88' lang='lat' dir='ltr'><strong>Sulpitium</strong></span> <span class='ocrx_word' id='word_1_333' title='bbox 751 2236 849 2272; x_wconf 79' lang='lat' dir='ltr'><strong>iaris</strong></span> <span class='ocrx_word' id='word_1_334' title='bbox 865 2235 1080 2272; x_wconf 78' lang='lat' dir='ltr'><strong>antistitem</strong></span> <span class='ocrx_word' id='word_1_335' title='bbox 1096 2234 1297 2285; x_wconf 80' lang='lat' dir='ltr'><strong>appellat3</strong></span> <span class='ocrx_word' id='word_1_336' title='bbox 1324 2240 1363 2271; x_wconf 90' lang='lat' dir='ltr'><strong>et</strong></span> <span class='ocrx_word' id='word_1_337' title='bbox 1379 2234 1475 2272; x_wconf 86' lang='lat' dir='ltr'><strong>Gel-</strong></span> 
     </span>
     <span class='ocr_line' id='line_1_40' title="bbox 26 2286 615 2331; baseline -0.002 -2"><span class='ocrx_word' id='word_1_338' title='bbox 26 2286 102 2331; x_wconf 67' lang='lat' dir='ltr'><strong>lius</strong></span> <span class='ocrx_word' id='word_1_339' title='bbox 126 2292 177 2331; x_wconf 82' lang='lat'><strong>13</strong></span> <span class='ocrx_word' id='word_1_340' title='bbox 201 2287 228 2329; x_wconf 85' lang='lat'>4</span> <span class='ocrx_word' id='word_1_341' title='bbox 248 2289 430 2327; x_wconf 74' lang='lat' dir='ltr'><strong>iudicem.</strong></span> <span class='ocrx_word' id='word_1_342' title='bbox 490 2291 615 2328; x_wconf 68' lang='lat' dir='ltr'><strong>Rrr&#39;r.</strong></span> 
     </span>
    </p>
   </div>
   <div class='ocr_carea' id='block_1_7' title="bbox 11 2351 1477 2805">
    <p class='ocr_par' dir='ltr' id='par_1_8' title="bbox 11 2351 1477 2805">
     <span class='ocr_line' id='line_1_41' title="bbox 20 2351 1474 2410; baseline -0.003 -12"><span class='ocrx_word' id='word_1_343' title='bbox 20 2351 45 2398; x_wconf 53' lang='grc' dir='ltr'><strong>νῗ</strong></span> <span class='ocrx_word' id='word_1_344' title='bbox 138 2356 202 2396; x_wconf 88' lang='grc'><strong>18.</strong></span> <span class='ocrx_word' id='word_1_345' title='bbox 257 2354 325 2393; x_wconf 82' lang='lat' dir='ltr'><strong>hic</strong></span> <span class='ocrx_word' id='word_1_346' title='bbox 353 2362 413 2394; x_wconf 82' lang='lat' dir='ltr'><strong>est</strong></span> <span class='ocrx_word' id='word_1_347' title='bbox 438 2356 508 2393; x_wconf 87' lang='lat' dir='ltr'><strong>ille</strong></span> <span class='ocrx_word' id='word_1_348' title='bbox 535 2356 707 2395; x_wconf 76' lang='lat' dir='ltr'><strong>Thomas</strong></span> <span class='ocrx_word' id='word_1_349' title='bbox 734 2372 858 2410; x_wconf 81' lang='lat' dir='ltr'><strong>agens</strong></span> <span class='ocrx_word' id='word_1_350' title='bbox 889 2359 934 2396; x_wconf 81' lang='lat' dir='ltr'><strong>in</strong></span> <span class='ocrx_word' id='word_1_351' title='bbox 960 2358 1075 2397; x_wconf 81' lang='lat' dir='ltr'><strong>rebus</strong></span> <span class='ocrx_word' id='word_1_352' title='bbox 1103 2371 1126 2395; x_wconf 90' lang='lat' dir='ltr'><strong>a</strong></span> <span class='ocrx_word' id='word_1_353' title='bbox 1143 2357 1294 2395; x_wconf 86' lang='lat' dir='ltr'><strong>Iustino</strong></span> <span class='ocrx_word' id='word_1_354' title='bbox 1320 2357 1474 2395; x_wconf 89' lang='lat' dir='ltr'><strong>seniore</strong></span> 
     </span>
     <span class='ocr_line' id='line_1_42' title="bbox 19 2407 1474 2466; baseline 0.001 -19"><span class='ocrx_word' id='word_1_355' title='bbox 19 2407 79 2454; x_wconf 48' lang='lat' dir='ltr'><strong>„ul</strong></span> <span class='ocrx_word' id='word_1_356' title='bbox 93 2411 374 2462; x_wconf 87' lang='lat' dir='ltr'><strong>inquirendum</strong></span> <span class='ocrx_word' id='word_1_357' title='bbox 392 2419 525 2450; x_wconf 89' lang='lat' dir='ltr'><strong>contra</strong></span> <span class='ocrx_word' id='word_1_358' title='bbox 542 2412 760 2452; x_wconf 87' lang='lat' dir='ltr'><strong>haereticos</strong></span> <span class='ocrx_word' id='word_1_359' title='bbox 778 2416 945 2454; x_wconf 86' lang='lat' dir='ltr'><strong>missus:</strong></span> <span class='ocrx_word' id='word_1_360' title='bbox 974 2416 1101 2466; x_wconf 89' lang='lat' dir='ltr'><strong>liquet</strong></span> <span class='ocrx_word' id='word_1_361' title='bbox 1119 2427 1171 2451; x_wconf 83' lang='lat' dir='ltr'><strong>ex</strong></span> <span class='ocrx_word' id='word_1_362' title='bbox 1179 2414 1310 2461; x_wconf 80' lang='lat' dir='ltr'><strong>Quint.</strong></span> <span class='ocrx_word' id='word_1_363' title='bbox 1323 2411 1474 2465; x_wconf 79' lang='lat' dir='ltr'><strong>Synod-</strong></span> 
     </span>
     <span class='ocr_line' id='line_1_43' title="bbox 16 2466 1474 2521; baseline 0.001 -17"><span class='ocrx_word' id='word_1_364' title='bbox 16 2473 102 2504; x_wconf 51' lang='grc' dir='ltr'><strong>καὶ.</strong></span> <span class='ocrx_word' id='word_1_365' title='bbox 119 2468 160 2507; x_wconf 88' lang='grc'><strong>7.</strong></span> <span class='ocrx_word' id='word_1_366' title='bbox 218 2466 363 2506; x_wconf 85' lang='lat' dir='ltr'><strong>deinde</strong></span> <span class='ocrx_word' id='word_1_367' title='bbox 380 2477 609 2520; x_wconf 74' lang='lat' dir='ltr'><strong>exquaestor</strong></span> <span class='ocrx_word' id='word_1_368' title='bbox 624 2472 732 2507; x_wconf 74' lang='lat' dir='ltr'><strong>sacri</strong></span> <span class='ocrx_word' id='word_1_369' title='bbox 743 2471 895 2521; x_wconf 76' lang='lat' dir='ltr'><strong>palatii</strong></span> <span class='ocrx_word' id='word_1_370' title='bbox 913 2472 985 2509; x_wconf 91' lang='lat' dir='ltr'><strong>sub</strong></span> <span class='ocrx_word' id='word_1_371' title='bbox 1005 2466 1222 2508; x_wconf 81' lang='lat' dir='ltr'><strong>Iustiniano</strong></span> <span class='ocrx_word' id='word_1_372' title='bbox 1234 2499 1244 2518; x_wconf 89' lang='lat'>‚</span> <span class='ocrx_word' id='word_1_373' title='bbox 1274 2483 1376 2507; x_wconf 88' lang='lat' dir='ltr'><strong>unus</strong></span> <span class='ocrx_word' id='word_1_374' title='bbox 1398 2469 1474 2505; x_wconf 83' lang='lat' dir='ltr'><strong>fuit</strong></span> 
     </span>
     <span class='ocr_line' id='line_1_44' title="bbox 26 2520 1474 2578; baseline 0.002 -20"><span class='ocrx_word' id='word_1_375' title='bbox 26 2535 50 2558; x_wconf 87' lang='lat' dir='ltr'><strong>e</strong></span> <span class='ocrx_word' id='word_1_376' title='bbox 73 2520 303 2562; x_wconf 81' lang='lat' dir='ltr'><strong>decemviris</strong></span> <span class='ocrx_word' id='word_1_377' title='bbox 327 2523 453 2563; x_wconf 87' lang='lat' dir='ltr'><strong>codici</strong></span> <span class='ocrx_word' id='word_1_378' title='bbox 481 2526 756 2578; x_wconf 86' lang='lat' dir='ltr'><strong>compilando,</strong></span> <span class='ocrx_word' id='word_1_379' title='bbox 798 2540 851 2565; x_wconf 81' lang='lat' dir='ltr'><strong>ex</strong></span> <span class='ocrx_word' id='word_1_380' title='bbox 870 2528 1156 2565; x_wconf 89' lang='lat' dir='ltr'><strong>Constitutione</strong></span> <span class='ocrx_word' id='word_1_381' title='bbox 1183 2524 1234 2563; x_wconf 90' lang='lat' dir='ltr'><strong>de</strong></span> <span class='ocrx_word' id='word_1_382' title='bbox 1260 2539 1355 2563; x_wconf 87' lang='lat' dir='ltr'><strong>nov.</strong></span> <span class='ocrx_word' id='word_1_383' title='bbox 1386 2523 1474 2562; x_wconf 89' lang='lat' dir='ltr'><strong>cod.</strong></span> 
     </span>
     <span class='ocr_line' id='line_1_45' title="bbox 21 2577 1475 2633; baseline 0.001 -19"><span class='ocrx_word' id='word_1_384' title='bbox 21 2577 128 2626; x_wconf 59' lang='lat' dir='ltr'><strong>fac„</strong></span> <span class='ocrx_word' id='word_1_385' title='bbox 157 2585 196 2616; x_wconf 86' lang='lat' dir='ltr'><strong>et</strong></span> <span class='ocrx_word' id='word_1_386' title='bbox 213 2580 378 2619; x_wconf 85' lang='lat' dir='ltr'><strong>fortasse</strong></span> <span class='ocrx_word' id='word_1_387' title='bbox 394 2580 506 2619; x_wconf 88' lang='lat' dir='ltr'><strong>idem</strong></span> <span class='ocrx_word' id='word_1_388' title='bbox 525 2590 583 2620; x_wconf 87' lang='lat' dir='ltr'><strong>est</strong></span> <span class='ocrx_word' id='word_1_389' title='bbox 602 2584 712 2622; x_wconf 89' lang='lat' dir='ltr'><strong>cuius</strong></span> <span class='ocrx_word' id='word_1_390' title='bbox 731 2585 913 2621; x_wconf 85' lang='lat' dir='ltr'><strong>meminit</strong></span> <span class='ocrx_word' id='word_1_391' title='bbox 932 2582 1206 2622; x_wconf 87' lang='lat' dir='ltr'><strong>Christodorus</strong></span> <span class='ocrx_word' id='word_1_392' title='bbox 1221 2586 1339 2633; x_wconf 70' lang='lat' dir='ltr'><strong>poeta</strong></span> <span class='ocrx_word' id='word_1_393' title='bbox 1362 2579 1475 2618; x_wconf 78' lang='lat' dir='ltr'><strong>The-</strong></span> 
     </span>
     <span class='ocr_line' id='line_1_46' title="bbox 15 2632 1474 2692; baseline 0.001 -19"><span class='ocrx_word' id='word_1_394' title='bbox 15 2632 154 2673; x_wconf 51' lang='lat' dir='ltr'><strong>«banus</strong></span> <span class='ocrx_word' id='word_1_395' title='bbox 174 2635 311 2686; x_wconf 83' lang='lat' dir='ltr'><strong>copita</strong></span> <span class='ocrx_word' id='word_1_396' title='bbox 325 2638 395 2675; x_wconf 91' lang='lat' dir='ltr'><strong>lib.</strong></span> <span class='ocrx_word' id='word_1_397' title='bbox 414 2638 440 2680; x_wconf 90' lang='lat'><strong><em>5</em></strong></span> <span class='ocrx_word' id='word_1_398' title='bbox 463 2637 678 2690; x_wconf 86' lang='lat' dir='ltr'><strong>Antholog.</strong></span> <span class='ocrx_word' id='word_1_399' title='bbox 699 2653 794 2676; x_wconf 89' lang='lat' dir='ltr'><strong>nam</strong></span> <span class='ocrx_word' id='word_1_400' title='bbox 812 2639 1027 2692; x_wconf 87' lang='lat' dir='ltr'><strong>epigraphe</strong></span> <span class='ocrx_word' id='word_1_401' title='bbox 1047 2640 1137 2677; x_wconf 87' lang='lat' dir='ltr'><strong>talis</strong></span> <span class='ocrx_word' id='word_1_402' title='bbox 1157 2645 1216 2676; x_wconf 91' lang='lat' dir='ltr'><strong>est</strong></span> <span class='ocrx_word' id='word_1_403' title='bbox 1233 2639 1355 2688; x_wconf 83' lang='lat' dir='ltr'><strong>epigr.</strong></span> <span class='ocrx_word' id='word_1_404' title='bbox 1375 2636 1474 2677; x_wconf 79' lang='lat'>128:</span> 
     </span>
     <span class='ocr_line' id='line_1_47' title="bbox 21 2684 1477 2749; baseline -0.003 -13"><span class='ocrx_word' id='word_1_405' title='bbox 21 2688 90 2736; x_wconf 66' lang='grc' dir='ltr'><strong>,εἷς</strong></span> <span class='ocrx_word' id='word_1_406' title='bbox 106 2684 366 2733; x_wconf 76' lang='grc' dir='ltr'><strong><em>Ἀναστάσιον</em></strong></span> <span class='ocrx_word' id='word_1_407' title='bbox 385 2695 510 2744; x_wconf 82' lang='grc' dir='ltr'><strong>Θωμᾶ</strong></span> <span class='ocrx_word' id='word_1_408' title='bbox 531 2696 742 2748; x_wconf 83' lang='grc' dir='ltr'><strong><em>πατρικίου</em></strong></span> <span class='ocrx_word' id='word_1_409' title='bbox 762 2696 830 2736; x_wconf 83' lang='grc' dir='ltr'><strong>καὶ</strong></span> <span class='ocrx_word' id='word_1_410' title='bbox 850 2695 1066 2749; x_wconf 82' lang='grc' dir='ltr'><em>λογοθέτου</em></span> <span class='ocrx_word' id='word_1_411' title='bbox 1087 2697 1158 2736; x_wconf 84' lang='grc' dir='ltr'><strong>τοῦ</strong></span> <span class='ocrx_word' id='word_1_412' title='bbox 1178 2690 1344 2746; x_wconf 84' lang='grc' dir='ltr'><em>δρόμου.</em></span> <span class='ocrx_word' id='word_1_413' title='bbox 1400 2690 1477 2726; x_wconf 78' lang='lat' dir='ltr'><strong>fuit</strong></span> 
     </span>
     <span class='ocr_line' id='line_1_48' title="bbox 11 2743 1475 2805; baseline -0.003 -19"><span class='ocrx_word' id='word_1_414' title='bbox 11 2756 138 2801; x_wconf 57' lang='lat' dir='ltr'><strong>xqrgO,</strong></span> <span class='ocrx_word' id='word_1_415' title='bbox 169 2752 212 2785; x_wconf 84' lang='lat' dir='ltr'><strong>ut</strong></span> <span class='ocrx_word' id='word_1_416' title='bbox 230 2755 404 2799; x_wconf 78' lang='lat' dir='ltr'><strong>apparet,</strong></span> <span class='ocrx_word' id='word_1_417' title='bbox 433 2748 499 2787; x_wconf 90' lang='lat' dir='ltr'><strong>hic</strong></span> <span class='ocrx_word' id='word_1_418' title='bbox 518 2752 748 2791; x_wconf 80' lang='lat' dir='ltr'><strong>Anastasius</strong></span> <span class='ocrx_word' id='word_1_419' title='bbox 770 2753 852 2805; x_wconf 86' lang='lat' dir='ltr'><strong>(cui</strong></span> <span class='ocrx_word' id='word_1_420' title='bbox 872 2759 998 2790; x_wconf 86' lang='lat' dir='ltr'><strong>erecta</strong></span> <span class='ocrx_word' id='word_1_421' title='bbox 1017 2754 1059 2790; x_wconf 89' lang='lat' dir='ltr'><strong>in</strong></span> <span class='ocrx_word' id='word_1_422' title='bbox 1076 2754 1180 2788; x_wconf 83' lang='lat' dir='ltr'><strong>circo</strong></span> <span class='ocrx_word' id='word_1_423' title='bbox 1200 2749 1312 2799; x_wconf 87' lang='lat' dir='ltr'><strong>Cpoli</strong></span> <span class='ocrx_word' id='word_1_424' title='bbox 1330 2743 1475 2796; x_wconf 83' lang='lat' dir='ltr'><strong>statua)</strong></span> 
     </span>
    </p>
   </div>
  </div>
 </body>
</html>
