1702 3060
630 76 953 121 PRAEFATIO.
1366 89 1519 122 xxxvn

47 188 190 243 quitus
214 185 320 240 apud
339 187 489 239 templa
507 187 632 226 fuisse
649 188 909 228 bibliothecas
927 194 1067 227 notum
1087 194 1170 236 est3
1201 194 1239 226 et
1256 186 1342 239 ipse
1361 189 1514 227 More]-

47 245 133 296 Ἠυξ
158 258 200 294 111
226 270 344 308 opere
371 257 559 307 inscripto
587 257 712 295 Della
726 256 924 309 pubblica
944 257 1104 295 libreria
1126 256 1170 294 di
1195 255 1281 293 San
1303 257 1448 294 Marco
1469 259 1513 294 in

61 325 231 364 Venezia
256 325 530 362 dissertazione
560 326 704 363 storica
729 339 762 363 0.
784 327 806 366 1
827 339 869 363 11.
887 325 913 368 4
933 339 973 377 p.
992 329 1018 367 6
1043 331 1175 363 narrat
1205 337 1331 376 usque
1362 323 1413 362 ad
1437 337 1512 362 an-

53 402 152 432 num
175 397 279 436 1737
304 395 347 431 in
374 391 546 446 quadam
567 394 668 430 cella
691 406 809 445 supra
838 393 948 430 idem
970 393 1167 444 templum
1190 391 1272 430 divi
1290 394 1414 430 Marci
1438 392 1512 430 ad-

53 470 228 501 servatos
255 463 379 500 fuisse
403 461 548 510 libros,
580 475 679 513 quos
707 459 919 499 Petrarcha
946 461 1189 512 reipublicae
1211 461 1386 499 Venetae
1407 459 1511 499 dono

54 528 230 579 dederat,
249 537 294 568 ut
309 531 467 568 initium
486 529 689 581 quoddam
706 528 972 567 bibliothecae
992 527 1144 566 ibidem
1161 535 1350 565 exstaret.
1393 541 1514 579 prae-

52 605 161 636 terea
187 596 319 635 adhuc
343 598 501 636 saeculo
523 599 571 640 16
602 596 862 635 bibliothecas
892 599 935 634 in
965 597 1127 648 templis
1148 597 1291 634 saltem
1315 597 1449 648 aliquo
1470 598 1511 634 iu

52 666 141 704 1000
165 666 307 714 fuisse,
337 665 440 703 mihi
470 664 628 704 videtur
654 667 789 717 colligi
821 679 938 717 posse
969 679 1021 703 ex
1048 666 1098 703 iis
1120 678 1222 717 quae
1242 665 1511 716 Hieronymus

52 733 322 771 Garimbertus
354 735 510 785 scripsit
538 736 581 771 in
611 735 713 771 libro
742 736 806 771 cui
837 734 975 771 titulus
1011 732 1090 770 De'
1121 733 1359 783 reggimenti
1388 732 1436 769 de
1469 732 1512 769 la

50 799 173 847 σίἰιὰ,
201 803 394 852 impresso
423 803 600 840 Venetiis
628 815 731 839 anno
765 800 886 842 1544.
945 802 1046 839 libro
1071 802 1179 838 enim
1202 806 1342 852 quarto
1363 800 1419 837 fo.
1441 799 1510 848 59,

48 868 118 907 ubi
140 867 188 906 de
208 869 360 920 templo
384 875 422 906 et
442 870 698 920 peculiariter
719 868 767 906 de
789 869 955 906 ecclesia
978 867 1196 907 cathedrali
1216 869 1320 917 agit,
1352 869 1409 905 sic
1433 870 1509 905 ait:

48 937 198 976 [noltre
225 937 296 974 che
324 938 367 974 in
395 951 475 974 3330
505 938 522 973 i
541 934 621 982 Ρίιὶ
650 933 816 967 litterati
834 944 854 967 e
874 931 990 968 vecla·
1014 932 1234 978 sacerdoti,
1264 933 1441 984 diputati
1467 937 1514 973 al

47 1005 154 1043 culto
184 1006 319 1044 divino
328 1029 344 1048 ,
382 999 584 1037 habbiano
611 1000 653 1036 la
681 1012 779 1036 cura
812 999 860 1036 de
890 999 932 1036 la
957 998 1125 1036 libraria
1144 1013 1163 1036 e
1182 999 1250 1036 del
1266 1002 1396 1039 studio
1407 1031 1424 1049 2
1452 1003 1510 1040 le-

40 1074 175 1126 gendo
182 1069 480 1122 public-amente
494 1081 522 1104 α
539 1069 556 1104 ι’
567 1069 761 1119 giovani,
791 1066 871 1104 cosi
889 1067 936 1104 de
955 1067 992 1104 le
1010 1082 1120 1105 sacre
1137 1067 1293 1117 lettere,
1323 1084 1430 1108 come
1445 1071 1512 1109 del

44 1139 159 1178 modo
185 1138 220 1175 c’
240 1137 375 1175 hanno
396 1150 422 1173 a
442 1143 568 1173 tenere
587 1137 694 1173 circa
715 1136 751 1172 le
774 1135 900 1173 debite
920 1138 1140 1174 cerimonie.

111 1218 113 1220 '
154 1207 370 1259 Reliquum
395 1211 454 1243 est
479 1212 524 1243 ut
552 1204 682 1243 dicam
707 1203 755 1242 de
776 1212 1010 1256 argumento
1032 1206 1159 1243 nostri
1181 1208 1377 1263 poematis
1392 1238 1402 1257 ,
1434 1207 1507 1246 de-

43 1289 122 1330 que
149 1276 319 1313 utilitate
360 1288 413 1312 ex
452 1273 594 1312 eodem
627 1272 820 1325 capienda
849 1272 901 1311 ad
928 1272 1139 1312 historiam
1166 1278 1379 1328 praecipue
1411 1278 1508 1315 illu-

42 1343 257 1384 strandam.
317 1349 595 1394 arg-mnentmn
618 1344 814 1394 poematis
842 1349 973 1380 totum
1002 1343 1087 1380 fere
1112 1341 1307 1383 habemus
1336 1358 1389 1382 ex
1406 1346 1508 1383 Pro-

43 1414 156 1464 copio
184 1411 338 1450 duobus
365 1413 408 1449 in
439 1412 538 1449 locis
564 1423 823 1461 expressum,
862 1410 909 1447 cle
928 1409 1028 1446 hello
1054 1410 1277 1449 Vandalico
1299 1413 1327 1449 l.
1349 1416 1376 1454 2
1399 1427 1432 1449 c.
1453 1416 1508 1455 28

41 1494 82 1532 p.
105 1480 288 1523 305—6
312 1477 376 1516 ed.
397 1480 524 1516 Paris.
557 1486 595 1515 et
620 1478 667 1515 cle
694 1477 794 1515 hello
822 1477 1007 1516 Gottlzico
1026 1478 1053 1514 l.
1076 1476 1102 1518 4
1121 1491 1154 1514 c.
1181 1481 1230 1520 17
1247 1493 1288 1530 p.
1308 1479 1507 1522 614-5,

41 1549 192 1587 Paulus
221 1561 314 1586 vero
344 1541 533 1584 diaconus
560 1547 609 1583 cle
631 1547 755 1598 gestis
773 1545 1132 1598 Longobardorum
1157 1546 1187 1583 l.
1213 1549 1231 1586 1
1260 1560 1293 1584 0.
1315 1546 1369 1588 25
1400 1547 1507 1599 apud

41 1615 303 1653 Muratorium
322 1615 419 1651 Rer.
442 1614 626 1652 Italicar.
648 1616 827 1665 scriptor.
853 1622 907 1652 to.
927 1617 946 1656 1
970 1628 1011 1666 p.
1033 1613 1115 1656 420
1133 1616 1271 1665 paucis
1287 1614 1397 1653 hisce
1415 1630 1508 1654 ver-

40 1683 102 1721 bis
132 1696 217 1720 rem
239 1689 364 1720 totam
384 1684 635 1733 perstringit:
666 1683 916 1720 Izastinianus
941 1711 949 1719 .
967 1711 975 1719 .
992 1711 1000 1719 .
1024 1683 1196 1719 Anauros
1221 1711 1229 1719 .
1247 1712 1255 1720 .
1272 1712 1282 1721 .
1310 1684 1507 1735 Africam

41 1750 276 1802 infestantes
301 1763 510 1802 eorumque
538 1763 671 1801 regem
694 1751 873 1788 Attilam
903 1751 982 1804 (al.
1002 1749 1231 1802 Antalam)
1255 1766 1332 1802 per
1353 1752 1505 1790 Iollan-

42 1831 132 1855 nem
166 1817 410 1855 exconsulem
448 1818 528 1870 (al.
561 1818 867 1871 proconsulem)
905 1817 1086 1856 mirabili
1123 1819 1268 1856 virtute
1298 1821 1500 1869 protrivit.

40 1892 220 1923 nostrum
246 1883 355 1926 hunc
384 1884 605 1924 Iohannem
635 1888 882 1926 exconsulem
906 1888 1029 1925 fuisse
1055 1900 1131 1924 1100
1161 1894 1313 1925 constat
1341 1901 1416 1925 1100
1444 1894 1504 1925 est

28 1953 269 2005 probabile,
299 1967 390 1991 cum
419 1968 620 2007 nusquam
649 1958 705 1994 sic
735 1957 957 2007 appellatus
989 1958 1040 1996 sit
1063 1957 1310 2008 aProcopio.
1368 1958 1502 2008 potins

39 2023 170 2073 potuit
185 2020 374 2060 diaconus
388 2024 666 2073 proconsulem
682 2039 775 2062 eum
790 2038 932 2062 vocare
949 2025 1030 2062 lato
1051 2023 1228 2077 quodam
1245 2037 1376 2073 sensu,
1408 2025 1504 2077 quia

40 2089 176 2142 aliquo
198 2097 378 2142 tempore
407 2093 513 2129 rexit
541 2093 671 2141 solus,
701 2101 745 2131 ut
772 2095 869 2131 olim
889 2094 1148 2145 proconsules
1167 2094 1360 2142 Romani,
1389 2093 1502 2131 Afri-

31 2158 152 2206 cam,
186 2170 276 2195 cum
299 2171 445 2210 nempe
475 2159 527 2197 ad
552 2159 811 2199 debellandos
841 2163 1001 2199 Mauros
1028 2160 1180 2198 ibidem
1208 2162 1356 2199 missus
1381 2160 1503 2198 fuerit

39 2225 90 2263 ab
118 2225 355 2277 imperatore
384 2229 472 2278 ipso
506 2230 725 2267 Iustiniano
756 2243 847 2267 cum
877 2236 1072 2281 potestate
1101 2242 1146 2267 ac
1173 2228 1288 2266 titulo
1319 2228 1502 2278 magistri

37 2294 206 2332 militiae
234 2296 278 2332 111
304 2295 482 2335 Africam
510 2299 759 2347 universam,
796 2304 841 2335 ut
874 2305 985 2349 patet
1013 2311 1066 2335 ex
1091 2297 1276 2349 Procopii
1294 2296 1383 2334 loco
1403 2308 1502 2335 mox

28 2351 186 2415 >allato.¹

150 2432 246 2480 Quis
265 2439 399 2472 autem
417 2448 458 2472 re
477 2449 571 2474 vera
589 2436 710 2474 fuerit
724 2434 792 2474 hic
809 2434 1023 2486 Iohannes,
1055 2449 1176 2490 quem
1193 2436 1358 2474 fratrem
1372 2434 1503 2485 Pappi

39 2503 193 2537 tantum
224 2498 319 2539 dicit
345 2504 560 2556 Procopius
588 2505 687 2544 locis
717 2507 838 2557 paulo
867 2518 986 2556 supra
1014 2507 1163 2555 citatis,
1193 2518 1301 2543 nunc
1320 2510 1379 2540 est
1399 2500 1502 2539 mihi

41 2565 345 2620 inquirendum,
386 2585 477 2610 cum
507 2571 557 2610 de
588 2575 784 2625 poematis
815 2572 938 2612 heroe
967 2581 1119 2625 agatur.
1191 2571 1241 2610 do
1270 2573 1407 2622 Pappo
1434 2569 1502 2607 vel

39 2637 214 2688 Pampn,
260 2646 306 2678 ut
331 2640 586 2679 scribendum
616 2656 702 2681 esse
733 2644 869 2680 censui
898 2642 1001 2682 libro
1027 2644 1046 2682 1
1073 2654 1111 2680 v·
1133 2639 1215 2682 400
1241 2637 1502 2681 Iollanmjdos,

12 2762 15 2765 ἱ
41 2715 301 2758 quaecunque
333 2709 463 2760 reperi
493 2709 601 2761 apud
626 2712 887 2762 Procopium,
917 2711 960 2749 in
990 2716 1087 2749 uota
1117 2707 1170 2748 ad
1197 2709 1313 2746 illum
1342 2717 1502 2744 versum
