1702 3060
1624 0 1638 23 ,με

1645 61 1648 67 ·
1639 0 1660 34 *δὲ

282 133 376 179 330
700 133 883 176 ΝΟΤΑΕ
914 133 973 176 ΙΝ
1001 133 1212 177 LIBRUM
1243 134 1264 177 Ι

281 250 498 291 egressum3
528 250 579 276 ex
595 239 644 276 Ic
656 246 694 276 et
710 241 797 278 aliis
817 239 947 279 docuit
965 238 1246 280 eruditissimus
1264 242 1407 282 savaro
1427 241 1480 280 ad
1491 230 1672 303 Sidoni&

280 309 394 333 suum
419 298 435 334 1
460 307 520 343 ep.
539 294 564 334 5
589 302 626 331 et
648 294 698 331 ad
714 309 831 333 carm.
850 299 890 336 2.
949 296 1047 334 adde
1068 297 1338 336 Cassiodorum
1354 301 1385 339 9f
1398 313 1459 350 ep.
1479 302 1518 346 6,
1540 305 1578 335 et
1597 305 1672 350 po&

280 357 359 397 tas,
390 348 648 387 Claudianum
667 349 715 388 de
741 354 766 392 6
795 354 897 389 Hon.
918 354 1139 390 consulatu:
1178 355 1372 403 excipiunt
1386 367 1502 391 arcu-s*
1518 365 1672 404 operosa

280 418 354 454 que
375 405 510 440 semita
531 405 657 442 ductis
676 406 852 444 molibus.
914 407 1025 446 Ovid.
1045 407 1092 445 de
1114 410 1206 446 Arte
1224 411 1273 449 3:
1302 423 1371 447 nec
1389 411 1484 460 quia
1500 423 1614 446 caeru
1656 405 1658 414 ’

279 459 377 495 mole
380 459 585 509 sugantur
606 475 745 511 aquae.
806 465 951 499 Lucan.
973 466 1021 502 2:
1063 464 1134 500 secl
1150 462 1314 500 molibus
1331 465 1458 501 undas
1477 463 1638 501 obstruit
1656 466 1674 504 *e

278 514 404 550 latam
422 515 574 552 deiectis
592 516 753 565 rupibus
774 531 929 569 aequor.
978 520 1105 556 Valer.
1127 521 1253 558 Flacc.
1272 521 1484 571 Argonaut.
1509 522 1553 560 1:
1581 521 1674 578 long
1695 518 1702 585 ⁴

279 570 398 606 moles
417 584 494 606 non
503 572 644 620 pervia
657 579 791 621 ponto.
851 575 1034 611 DEMPST.
1656 606 1666 624 ς,

392 639 480 677 128.
537 638 635 674 forte
646 641 753 687 perit
772 641 947 688 impetus.
989 653 1068 677 non
1085 647 1217 677 tamen
1235 654 1331 691 opus
1348 642 1559 678 mutatione
1580 640 1670 692 puta*
1696 624 1702 688 1Ι

278 705 349 743 par
375 693 479 729 enim
508 694 625 729 etiam
651 695 692 729 in
715 695 783 730 illo
804 708 951 732 sensus.
1009 697 1063 732 sic
1088 695 1344 732 Claudianus:
1374 698 1547 733 vanescit
1569 698 1702 736 inani«

278 749 459 796 impetus,
488 755 523 783 et
531 747 693 798 fractae
710 750 870 786 redeant
887 751 929 786 in
948 757 1075 787 castra
1085 751 1293 799 procellae.
1352 753 1512 789 BARTH.

391 815 482 854 130.
538 816 766 852 Maroniana
790 817 954 853 imitatio
986 823 1057 853 est.
1114 815 1184 853 sed
1216 818 1355 855 melius
1392 831 1480 854 mea
1515 816 1702 869 opinion-1

279 869 431 919 legetur
447 871 568 919 patri.
601 872 762 908 BAnTl-t.
818 872 1020 921 legebatur
1029 872 1172 920 patris.

392 938 484 977 138.
540 938 645 974 laesa
664 944 721 975 est
743 937 1053 975 distinctiuncula
1066 967 1076 985 ‚
1115 950 1234 989 quam
1252 935 1494 975 doctissimus
1509 938 1674 988 interpre
1697 957 1702 969 ¹

279 998 430 1041 poterat
449 993 651 1042 corrigere.
709 994 852 1030 scribe:
881 994 1130 1043 Augustum,
1167 993 1332 1038 Iustine,
1361 1005 1502 1043 genus:
1534 1000 1569 1029 te
1581 995 1678 1043 prin

279 1049 363 1096 cipe
383 1046 561 1096 dignum.
623 1055 756 1100 estque
785 1061 835 1084 ex
862 1050 930 1084 illo
957 1053 1091 1084 sextae
1109 1047 1328 1085 Aeneidos:
1366 1047 1576 1099 Augustus
1601 1050 1679 1086 Cae-

277 1115 361 1146 sar,
389 1102 525 1137 divum
538 1117 676 1150 genus.
736 1105 897 1138 BAa-rn.

388 1166 440 1203 ib.
494 1167 695 1217 principe]
729 1165 804 1203 hoc
832 1175 889 1204 est
906 1168 1153 1217 principatu,
1193 1175 1237 1204 ut
1263 1168 1364 1204 infra
1382 1169 1408 1206 3
1433 1166 1531 1208 124:
1562 1176 1680 1218 quart«

277 1221 449 1266 consale5
479 1233 549 1258 seu
571 1224 719 1271 mavis,
749 1221 911 1273 dignum
928 1230 970 1260 ut
988 1230 1026 1260 te
1045 1226 1224 1274 princeps
1242 1224 1283 1260 in
1297 1234 1557 1260 successorem
1575 1224 1680 1273 elige·

276 1284 347 1315 ret.
404 1278 534 1314 FOGG.

389 1346 482 1384 187.
536 1345 705 1381 Iustinus
726 1345 850 1391 enim,
889 1349 932 1380 ut
955 1349 1103 1380 constat
1129 1355 1181 1379 ex
1201 1340 1373 1378 Iohanne
1391 1343 1562 1390 Zonara,
1595 1355 1702 1393 apm'

276 1399 514 1437 avunculum
530 1400 790 1437 Iustinianum
809 1411 1002 1436 summam
1023 1411 1135 1434 curae
1155 1398 1290 1448 palatii
1311 1395 1550 1446 dignitatem,
1581 1410 1681 1448 quan
1694 1419 1702 1425 ⁴

277 1455 563 1505 curopalatem,
604 1468 656 1492 ex
682 1457 821 1492 Latino
844 1455 991 1491 factum
1006 1466 1171 1500 nomen,
1202 1454 1339 1489 Graeci
1354 1459 1515 1500 vocant,
1547 1453 1682 1490 obtine

274 1510 355 1546 bat.
413 1511 475 1547 cui
502 1516 636 1560 postea
656 1511 810 1547 Caesari
840 1511 920 1546 iam
949 1508 996 1546 de
1024 1522 1132 1546 more
1159 1506 1588 1558 appellatoBaduarius
1617 1509 1682 1544 eiu,

275 1578 397 1615 gener
423 1567 465 1601 in
492 1565 631 1603 eadem
659 1565 847 1616 dignitate
868 1566 1070 1612 successit,
1108 1571 1151 1601 ut
1173 1563 1380 1600 manifesto
1399 1569 1505 1613 patet
1521 1563 1682 1600 inferius

275 1623 302 1660 2
331 1618 424 1660 284.
460 1622 581 1658 Rmz.
638 1623 872 1658 lastinianus
912 1619 1020 1656 dedit
1057 1620 1193 1670 palatii
1226 1631 1358 1655 curam
1381 1619 1514 1668 nepoti
1538 1619 1682 1655 Iustino

277 1676 345 1726 qui
365 1674 454 1712 ideo
475 1676 719 1726 curopalates
740 1675 887 1712 dictus:
917 1677 1079 1712 Diacon.
1102 1677 1166 1722 16,
1188 1673 1384 1710 cedrenus
1403 1680 1442 1710 et
1459 1673 1539 1710 alii.
1596 1679 1635 1709 at
1653 1685 1683 1709 e«

277 1743 474 1767 summum
503 1731 643 1781 adepto
674 1733 884 1781 imperium
913 1730 1127 1767 Baduarius
1155 1742 1274 1780 gener
1299 1730 1364 1766 vel
1389 1727 1616 1775 Biduarius,
1655 1740 1682 1765 u

278 1784 419 1832 dicam,
449 1785 490 1822 id
510 1787 682 1823 muneris
701 1789 877 1823 sortitus:
906 1787 1008 1822 infra
1031 1789 1056 1826 2
1076 1785 1170 1826 284.
1209 1784 1251 1821 id
1271 1784 1389 1821 officii
1411 1783 1479 1820 diu
1495 1790 1583 1820 ante
1602 1781 1685 1819 hae·

277 1846 466 1890 tempora.
525 1841 661 1878 Sidon.
684 1843 856 1891 Apollin.
878 1854 995 1877 carm.
1016 1844 1082 1881 23.
1140 1842 1284 1878 Savaro
1312 1840 1381 1876 ibi.
1440 1841 1545 1875 intra
1563 1838 1683 1874 αιιίαη

277 1898 399 1932 socen·
413 1897 489 1932 mei
505 1898 706 1946 expetituS,
736 1910 871 1932 curam
890 1910 979 1931 cum
999 1896 1217 1931 moderatus
1238 1908 1276 1931 es·
1289 1894 1435 1943 palati.
1476 1892 1591 1930 huius
1609 1906 1685 1930 mu-

279 1963 351 1987 nus
375 1959 455 1988 erat
475 1958 517 1988 ut
540 1965 661 1988 aurea
684 1953 798 2001 virga
826 1951 1026 1987 decoratus
1055 1951 1152 1986 inter
1177 1949 1359 1999 obsequia
1386 1961 1590 1986 numerosa
1610 1956 1686 1984 ant.

272 2006 393 2054 pedes
409 2008 535 2057 regios
545 2009 702 2056 primus
720 2007 921 2042 incederet:
954 2004 1170 2042 Cas-sicdor.
1188 2008 1214 2045 7
1235 2018 1295 2054 ep.
1317 2004 1356 2044 5.
1412 2010 1450 2040 et
1469 2002 1573 2054 apud
1587 2004 1684 2040 illun

278 2075 375 2097 cura
388 2062 552 2111 palatii,
581 2069 624 2099 ut
642 2061 720 2099 hic.
778 2075 848 2112 ego
873 2074 977 2108 vero,
1009 2074 1098 2097 cum
1118 2067 1155 2097 et
1172 2060 1352 2096 carminis
1373 2059 1443 2096 lex
1464 2071 1544 2096 non
1562 2059 1686 2095 obstet

278 2123 318 2152 et
339 2118 574 2154 vocabulum
590 2116 665 2154 hoc
686 2117 791 2164 aevi,
831 2130 907 2168 quo
924 2118 997 2153 ista
1018 2117 1292 2163 scribebantur,
1323 2116 1372 2151 sit
1389 2115 1683 2152 usitatissimum

277 2174 412 2221 putavi
432 2172 663 2222 legendum:
701 2173 892 2210 vocitatas
910 2172 1164 2221 europalates.
1227 2178 1264 2207 et
1282 2183 1375 2207 sane
1394 2182 1512 2221 quem
1529 2171 1688 2205 Zonara=

276 2225 578 2279 κουροπαλάτην
599 2235 629 2265 t.
651 2231 675 2269 3
705 2229 746 2264 iu
771 2229 942 2275 Iustino,
981 2228 1023 2263 in
1049 2229 1180 2263 Leone
1207 2228 1340 2263 Isauro
1371 2232 1408 2262 et
1434 2226 1476 2261 iu
1501 2224 1687 2260 stauraci(

277 2282 449 2331 appellat
462 2312 472 2330 ,
502 2297 638 2319 caram
650 2283 800 2332 palatii
817 2290 930 2320 vocat
946 2284 1176 2319 Ammianus
1195 2283 1246 2321 31
1261 2310 1271 2330 ‚
1300 2287 1344 2317 ut
1369 2286 1514 2317 certmn
1528 2279 1578 2315 sit
1591 2277 1688 2314 iden:

277 2349 376 2373 esse.
432 2344 541 2374 notat
556 2340 753 2376 maximus
769 2339 1010 2386 Brissonius,
1042 2345 1079 2374 et
1096 2338 1248 2374 monuit
1263 2349 1327 2372 me
1353 2336 1413 2372 vir
1433 2335 1611 2370 acerrimi
1634 2335 1688 2370 iu-

278 2390 370 2428 dicii
397 2398 435 2428 et
462 2393 678 2430 multisciae
703 2396 745 2430 in
777 2395 932 2430 Graecis
960 2394 1184 2444 Latinisque
1208 2391 1403 2437 lectionis,
1446 2390 1510 2425 Fr.
1539 2389 1690 2426 Sizaeln

276 2447 413 2494 santo,
448 2459 583 2484 euram
593 2448 744 2497 palatii
759 2450 953 2486 nominari
970 2449 1016 2485 ab
1038 2449 1206 2484 Honorio
1222 2447 1323 2495 Aug.
1342 2446 1371 2481 l.
1391 2447 1418 2486 7
1440 2445 1484 2482 G.
1501 2441 1550 2480 de
1567 2444 1690 2480 comit.

277 2509 316 2538 et
333 2502 423 2538 trib.
441 2501 605 2539 scholar.
628 2505 656 2539 1.
682 2506 744 2543 12.
773 2506 956 2540 Dnmrs‘r.
1014 2502 1276 2551 europalatem
1303 2506 1442 2538 vocant
1467 2500 1691 2536 recentiores

277 2556 451 2594 historici
474 2558 719 2595 Graecorum.
779 2558 884 2608 apud
900 2557 1083 2594 Photium
1101 2555 1287 2594 Biblioth.
1306 2556 1452 2592 numus
1469 2555 1594 2590 maior
1610 2554 1690 2603 glo-

279 2613 336 2650 ria
359 2624 475 2663 quam
494 2613 755 2662 curopalatae.
817 2613 1087 2661 curopalatam
1115 2619 1204 2648 ante
1233 2606 1352 2662 pedes
1375 2610 1502 2658 regios
1527 2610 1691 2658 primum

279 2668 480 2705 incessisse
497 2669 599 2704 inter
617 2680 823 2705 numerosa
844 2668 1028 2717 obsequia
1041 2696 1051 2714 ‚
1084 2668 1193 2715 virga
1213 2678 1328 2702 aurea
1352 2663 1593 2711 decoratum,
1633 2676 1691 2700 rc·

280 2723 355 2761 fert
371 2721 620 2761 Cassiodorus
635 2726 661 2764 7
688 2723 836 2762 Variar.
865 2720 1063 2759 dicebatur
1087 2722 1204 2758 etiam
1233 2719 1350 2773 μέγας
1374 2716 1615 2772 ὃομέστικος,
1654 2724 1691 2755 ιι(
