1702 3060
460 108 539 154 DE
570 108 843 155 LAUDIBUS
877 107 1098 155 IUSTINI.
1407 107 1507 155 307

41 218 157 276 time
181 219 225 258 in
249 218 447 259 Africanis
476 220 731 272 scriptoribus
762 219 911 271 passim
942 220 1192 272 conspicitur.
1220 219 1343 258 Rmz.
1402 225 1504 257 recte

41 276 164 318 ‘Blias
180 275 390 315 Putschius
404 307 414 326 ‚
452 290 573 330 quem
594 289 664 315 sua
682 275 800 315 laude
815 278 980 315 minime
1001 275 1320 316 defraudabimus
1332 305 1344 325 ,
1373 277 1505 327 suspi-

27 376 30 378 ,
52 338 164 372 utus
182 339 243 370 est
263 331 363 371 haec
385 346 471 371 esse
489 339 682 385 corrupta.
739 345 835 370 nam
854 346 946 372 cum
968 335 1050 371 iam
1071 333 1217 372 dixerit
1238 334 1390 371 fontem
1419 346 1504 371 esse

54 387 333 440 st'mperatorem
350 391 566 439 Iustinum,
595 391 849 444 Anastasium
866 390 1059 439 arborem,
1088 389 1155 428 hic
1182 389 1349 428 duarum
1366 401 1504 441 perso-

52 447 196 483 ἡαπ-ωτι
217 444 499 497 descriptiones
515 447 557 483 in
576 458 656 483 una
673 457 881 497 perperam
902 445 1208 484 confunduntur.
1252 444 1505 484 scribendum

51 504 207 554 putavit
229 502 463 540 Putschius:
504 509 548 540 tu
565 501 726 553 pabula
737 501 914 552 praebe,
952 514 1054 554 quae
1079 503 1273 541 sententia
1299 503 1504 541 verissima

51 564 128 596 est.
185 559 377 610 scriptura
395 570 489 597 vero
511 556 568 596 sic
590 557 867 609 concipienda:
898 565 942 595 ta
953 558 1114 609 pabala
1130 558 1336 609 praebeas.
1398 571 1505 596 error

50 614 264 652 manifesto
295 628 318 652 a
347 616 610 652 contractione
641 615 883 666 syllabarum
910 617 1073 653 veniens
1108 616 1267 653 librario
1301 615 1505 666 imposuit.

52 668 123 709 sed
140 671 309 722 Corippo
323 670 427 708 illud
444 672 653 709 convenire
673 670 787 708 docet
803 672 942 709 similis
959 672 1070 710 locus
1091 674 1118 712 2
1135 671 1232 713 252.
1289 678 1394 709 recte
1410 684 1504 709 vero

50 723 262 777 'ebpabula
280 725 455 765 adseruit
471 728 633 765 Ruizius
651 741 704 765 ex
719 727 895 779 vestigiis
909 729 1132 767 vetustioris
1149 729 1383 779 scripturae,
1415 741 1506 765 ctun

51 781 193 820 eadem
211 794 295 821 vox
315 785 534 835 reperiatur
551 785 594 820 iu
611 785 771 822 Psalmo
800 787 853 826 23
868 814 878 832 ,
919 796 1039 837 quem
1065 783 1117 822 ad
1142 785 1308 823 verbum
1328 783 1405 822 hoc
1427 785 1506 822 loci

51 839 244 891 Dorippus
263 842 472 891 expressit.
530 839 669 878 laudes
688 842 928 892 quaestoris,
965 854 1068 894 quae
1095 847 1331 893 sequuntur,
1369 840 1504 892 pilssi-

48 904 141 933 mae
167 902 280 945 sunt,
322 902 360 933 et
391 908 561 948 quarum
586 897 744 948 singula
773 897 894 934 verba
925 910 977 934 ex
1003 898 1124 935 sacris
1152 898 1292 935 litteris
1317 897 1505 935 illustrari

50 952 226 1003 possint3
263 951 372 1004 quod
394 965 475 990 non
500 954 655 990 monuit
676 954 869 1003 interpres
896 951 946 989 de
973 953 1155 991 lectionis
1175 954 1340 992 veritate
1357 954 1506 1006 ubique

49 1009 223 1045 nimium
242 1021 414 1046 securus.
443 1008 607 1046 BAn'rn.
667 1006 775 1045 edidi
785 1007 981 1058 praebeas
1000 1008 1209 1047 Barthium
1228 1016 1399 1047 secutus.
1434 1008 1505 1047 sed

51 1075 182 1116 neque
201 1062 382 1116 displicet
396 1065 535 1113 lectio,
566 1071 610 1102 tu
625 1064 777 1115 pocula
794 1063 1010 1114 prae-bens,
1043 1078 1164 1118 quam
1183 1066 1345 1103 Ruizius
1371 1067 1415 1102 in
1442 1078 1506 1103 ms

51 1119 141 1158 cod.
173 1119 380 1158 suffectam
416 1121 465 1158 ab
498 1122 661 1172 antiqua
687 1133 811 1157 manu
849 1122 1014 1160 invenit.
1073 1129 1156 1158 erat
1180 1122 1411 1159 Anastasius
1437 1122 1506 1173 qui

50 1177 251 1227 Augustas
271 1189 366 1227 opes
389 1175 656 1228 dispensabat,
684 1176 858 1228 ideoque
871 1178 1074 1227 Augustae
1091 1176 1374 1215 beneficentiae
1391 1179 1505 1229 aquis

50 1233 193 1284 pocula
210 1231 456 1282 infundebat,
487 1232 595 1270 unde
616 1231 693 1271 hae
711 1231 974 1270 traherentur.
1033 1231 1176 1284 quodsi
1195 1233 1336 1271 malles
1355 1234 1505 1283 poc-ula

48 1290 228 1340 accipere
245 1302 317 1340 pro
337 1302 384 1327 eo
405 1288 514 1341 quod
532 1289 692 1337 bibitur,
721 1287 832 1326 haud
851 1290 984 1340 inepte
1006 1289 1198 1340 Corippus
1220 1287 1413 1327 dixisset:
1444 1296 1505 1333 tu,

51 1346 124 1396 qui
137 1345 353 1438 Augzbsstas
367 1358 496 1397 aquas
509 1345 712 1396 potandas
728 1343 912 1396 praebes,
941 1345 996 1382 da
1020 1352 1065 1382 ut
1093 1347 1175 1395 ipse
1203 1347 1321 1383 etiam
1350 1345 1398 1383 de
1425 1345 1507 1382 illis

52 1400 198 1439 bibam.
293 1413 390 1439 occ.

163 1466 233 1510 24.
290 1480 474 1514 amoena,
502 1467 748 1507 substantiva
771 1469 834 1517 vi,
868 1474 960 1506 sunt
987 1468 1075 1506 loca
1102 1468 1339 1506 amoenitate
1364 1466 1506 1504 lauda-

51 1524 163 1563 bilia.
219 1526 357 1563 Horat.
382 1527 405 1565 1
424 1526 563 1576 epist.:
593 1538 690 1562 nam
710 1538 812 1576 quae
826 1524 977 1562 deserta
996 1532 1033 1561 et
1049 1524 1247 1575 inhospita
1266 1531 1401 1575 tesqua
1421 1538 1506 1560 cre-—

53 1580 133 1628 dis,
165 1594 332 1619 amoena
352 1587 468 1619 vocat
488 1594 639 1618 mecum
659 1583 730 1633 qni
747 1583 876 1619 sentit.
909 1579 1126 1634 Symmaoh
1145 1582 1171 1623 1
1190 1594 1251 1632 ep.
1270 1580 1310 1621 5.
1339 1582 1505 1618 Bima.

162 1659 232 1701 25.
288 1660 464 1698 imitatur
476 1660 686 1711 Virgilium
707 1659 850 1711 Georg.
871 1657 899 1700 4
922 1657 990 1700 46.
1047 1660 1176 1698 Foco.

165 1739 234 1778 27.
291 1739 512 1790 quaestoris
531 1740 632 1776 sacri
652 1739 790 1790 palatii
810 1737 985 1775 officium
1007 1738 1118 1789 leges
1141 1736 1309 1774 condere
1337 1737 1507 1775 auctori-

52 1799 134 1831 tate
163 1795 368 1846 principis.
425 1794 532 1846 apud
568 1795 737 1832 Suidam
772 1794 1039 1832 Tribonianus
1076 1793 1353 1832 Macedoniani
1387 1794 1505 1841 filius,

53 1851 261 1888 Iustiniani
287 1857 491 1903 quaestor,
533 1853 724 1902 pecuniae
754 1850 893 1888 avidus
917 1851 979 1887 ius
1002 1849 1159 1898 vendit,
1198 1857 1238 1887 et
1261 1851 1398 1901 legum
1420 1849 1504 1887 dies

53 1906 152 1943 alios
167 1907 272 1943 tollit
291 1908 388 1944 alios
411 1908 568 1956 scribit,
604 1920 675 1958 pro
706 1908 896 1958 cuiusque
921 1909 1155 1944 necessitate
1179 1914 1337 1958 accepto
1360 1908 1503 1957 pretio.

47 1960 275 2000 cassiodor.
298 1965 318 2003 1
347 1976 409 2014 ep.
439 1966 513 2004 13:
548 1963 720 2014 puritati
742 1970 897 2000 nostrae
915 1965 1059 2012 paruit
1084 1962 1297 2013 (veridicus
1322 1969 1504 2014 quaestor

50 2017 169 2056 lateri
194 2019 376 2056 (hesarts
395 2018 630 2071 adhaerens)
649 2027 689 2056 et
714 2019 771 2057 ad
787 2021 978 2069 pietatem
998 2020 1217 2056 iussionam
1238 2020 1504 2055 innocentiam

43 2084 170 2112 ‘mm
182 2074 380 2126 praebuit.
447 2079 497 2117 10
521 2088 585 2127 ep.
616 2078 664 2118 δε
698 2076 841 2127 filcias
864 2076 1140 2127 generalitatis
1169 2081 1322 2119 votum,
1359 2074 1503 2111 iuridi-

44 2141 188 2168 'uorum
203 2132 396 2182 sequendo
412 2132 622 2180 iudicium5
651 2139 777 2169 totam
793 2139 829 2168 te
850 2131 1021 2183 legibus,
1041 2138 1165 2168 totu-m
1182 2131 1376 2180 responsis
1393 2129 1505 2167 trade

24 2187 323 2251 .prudentium.
384 2190 411 2228 9
432 2201 494 2239 ep.
517 2188 593 2229 24:
626 2195 870 2239 quaestorem
898 2189 1042 2238 reperit
1074 2187 1311 2224 con-scientia
1336 2186 1504 2236 praedi-

40 2249 139 2280 'Unm
161 2251 201 2280 et
218 2243 352 2296 legum
370 2245 587 2282 eruditione
608 2252 827 2290 maturum,
847 2245 890 2280 in
906 2242 1184 2281 dictationibus
1202 2255 1432 2295 amoenam,
1448 2242 1508 2279 cul

44 2299 246 2337 mattam
264 2300 460 2352 rig-idm,
488 2314 516 2338 a
533 2299 818 2351 cupiditatibus
835 2300 1025 2337 alienum.
1085 2298 1193 2336 idem
1221 2306 1356 2336 auctor
1378 2300 1501 2336 corri-

55 2354 207 2406 gendus
223 2358 248 2397 8
268 2370 332 2408 ep.
353 2358 427 2398 13:
456 2371 524 2395 vos
543 2357 648 2409 leges
662 2358 816 2403 dicetis,
844 2357 941 2394 dum
958 2370 1030 2394 nos
1048 2357 1138 2393 iura
1157 2356 1374 2393 condimus.
1437 2367 1502 2391 re·-

53 2411 284 2463 Ponendum
305 2425 448 2451 censeo
480 2426 573 2451 cum
593 2412 708 2451 docto
729 2414 917 2450 Fumerio
946 2427 1021 2451 vox
1042 2412 1177 2463 legum
1199 2412 1353 2450 diceris.
1416 2409 1501 2446 dixi

41 2468 181 2505 *multa
203 2467 260 2507 ad
283 2470 480 2522 Panegyr.
513 2469 563 2507 de
594 2470 786 2508 consulat.
806 2470 947 2506 Manlii
964 2468 1169 2507 Theodori
1188 2467 1294 2520 apud
1312 2465 1499 2505 Claudia-

50 2531 178 2562 num}
206 2536 279 2562 nec
297 2525 461 2578 dignius
478 2540 660 2578 unquam
676 2528 862 2564 maiestas
884 2527 1059 2563 meminit
1085 2538 1164 2562 sese
1181 2526 1370 2562 Romana
1386 2522 1498 2559 locu-

56 2584 155 2616 wma
214 2580 319 2632 leges
338 2588 471 2620 autem
489 2590 529 2620 et
548 2585 640 2621 iura
655 2584 874 2634 coniungit,
900 2589 946 2620 ut
965 2581 1220 2621 Cassiodorus
1238 2581 1420 2632 proxime
1441 2579 1498 2614 ci·-

54 2639 176 2673 tat’us·
230 2637 334 2675 infm
356 2641 379 2679 1
397 2642 464 2681 17.
521 2644 610 2677 ante
625 2646 837 2692 utrumque
853 2641 991 2677 Iuven.
1011 2643 1036 2681 3
1055 2640 1154 2676 iuris
1173 2638 1294 2675 nodos
1314 2643 1350 2672 et
1366 2634 1499 2683 legam

53 2692 287 2742 aenigmata
303 2693 424 2746 dmt.
480 2696 616 2733 Horat.
642 2698 662 2737 1
685 2702 757 2736 sat.
778 2700 816 2737 1.
844 2696 1033 2735 Dlfflrsr.
1090 2694 1302 2745 praeclaris
1321 2689 1499 2727 versibus

8 2766 9 2770 =
59 2743 246 2786 describit
265 2749 438 2788 officim
453 2753 678 2790 cancellarii
699 2753 909 2804 principis,
948 2754 1018 2803 qui
1045 2752 1160 2789 initio
1185 2749 1276 2786 libri
1302 2749 1324 2786 1
1358 2745 1500 2782 dicitur
