1702 3060
248 136 345 183 216
738 139 1101 182 MAZZUCCHEL
1107 139 1180 182 LII

361 247 452 287 189.
509 258 560 283 ex
603 245 776 282 Canticis
819 245 1070 283 Canta-orum
1101 249 1128 287 2
1161 246 1212 288 14
1246 247 1402 288 videtur
1427 251 1548 303 petita
1577 249 1674 290 haec

246 300 399 353 phrasis
411 331 420 348 ‚
451 301 518 337 ubi
534 302 699 350 legitur:
729 308 837 337 sonet
853 315 926 338 vox
944 309 1014 338 ίιια
1033 302 1077 338 in
1093 302 1256 340 anrihzw
1274 306 1380 342 meis.

359 355 452 396 144.
509 370 569 393 ms
587 355 652 392 hic
669 355 787 392 habet
805 357 1165 408 Languentanqne,
1193 360 1294 396 infra
1313 359 1393 402 467
1409 362 1676 413 Laguanlan,

245 410 273 451 4
297 410 349 451 48
370 412 679 462 Lag-nautaque,
707 412 760 453 85
782 419 820 448 et
839 415 864 452 7
886 411 966 452 474
983 414 1274 463 Lauguantan,
1302 417 1398 452 item
1417 416 1444 457 4
1463 420 1543 458 629
1560 419 1676 455 Lan-

242 473 398 515 ἔςνιιαίαη.
425 468 467 502 in
492 474 604 504 textu
625 474 662 504 et
682 467 933 518 languantan
950 469 990 504 in
1013 471 1210 519 margine,
1239 472 1320 511 797
1342 471 1562 523 ilaguateh„
1594 472 1677 514 815

246 528 285 557 et
305 524 331 562 7
352 520 432 561 434
454 529 492 558 et
513 523 591 563 501
618 522 857 573 languatan,
887 523 923 573 5,
941 525 1018 564 166
1038 525 1328 575 illagnatensis,
1356 529 1381 567 6
1402 527 1484 568 535
1502 527 1677 578 lugnan-

245 584 334 621 tan,
365 583 403 612 et
422 579 448 617 7
474 577 552 618 501
573 578 809 628 lauguatan.
869 591 988 629 quare
1011 582 1151 618 rectius
1170 587 1264 631 puto
1283 594 1368 618 esse
1385 582 1675 633 Languarttan:

247 633 303 668 sic
330 633 435 668 enim
466 639 524 669 est
553 635 671 670 etiam
700 636 741 670 in
768 636 944 683 margine
973 633 1023 670 ad
1047 634 1072 675 4
1095 638 1196 684 629,
1229 643 1274 672 ut
1300 649 1414 687 supra
1432 639 1513 675 iam
1527 640 1676 677 monui.

247 685 292 724 hi
319 688 456 737 procul
483 687 600 725 dubio
631 696 722 726 sunt
747 690 808 725 illi
832 690 987 726 barbari
1013 691 1140 728 Mauri
1161 693 1390 728 contermini
1408 693 1676 744 Tripolitanae

246 745 489 793 provinciae,
525 757 622 795 quos
648 746 858 794 Procopius
885 752 997 782 vocat
1023 745 1140 783 modo
1167 747 1354 787 Λευαθαὶ
1378 748 1599 794 Leuathae,
1633 756 1677 787 ut

245 800 357 835 Hist.
376 798 477 836 Arc.
498 812 531 836 c.
551 799 575 840 5
606 801 705 850 Opp.
732 806 762 836 t.
783 803 810 840 2
828 813 868 850 p.
889 801 939 840 18
952 829 962 847 ‚
991 800 1110 838 modo
1130 801 1343 842 Λευκαθαὶ
1361 803 1605 849 Leuc-albae,
1634 811 1676 842 ut

245 854 294 891 de
312 853 454 905 Aedis
478 856 502 893 6
529 854 555 894 4
578 868 617 905 p.
639 857 718 896 112
736 862 774 892 et
793 855 840 892 cle
860 855 957 892 bello
983 856 1114 894 Vand.
1136 859 1162 896 2
1184 860 1258 905 21,
1288 859 1383 895 item
1403 872 1437 895 c.
1454 861 1529 907 28,
1557 859 1676 896 modo

245 917 378 946 autem
398 905 612 961 Λεβᾶνθαι
628 909 859 947 Lebantlzae
875 912 939 948 vel
958 913 1087 962 potius
1106 911 1355 957 Leuanthae,
1386 926 1439 950 ex
1455 914 1677 965 Lengaan-

246 972 318 1001 tan
331 965 394 1002 vel
409 966 684 1015 Langaanlan
701 965 940 1013 derivatiun3
970 979 1063 1003 nam
1078 968 1281 1004 Iustiniani
1298 981 1393 1005 aevo
1408 970 1489 1005 iam
1507 970 1533 1021 β
1553 971 1676 1006 Grae-

245 1033 381 1058 corum
397 1021 559 1058 sonabat
578 1028 621 1057 ut
641 1035 666 1058 ν
683 1023 868 1058 Latinum
888 1035 1103 1059 consonans
1115 1051 1125 1070 ,
1155 1023 1220 1059 vel
1237 1025 1356 1060 etiam
1375 1030 1418 1060 ut
1436 1038 1497 1074 gu
1516 1032 1582 1062 aut
1601 1024 1676 1062 du·-

244 1077 342 1127 plex
368 1090 420 1114 νν
446 1077 698 1113 barbararum
727 1079 944 1114 nationum.
1001 1077 1090 1114 ideo
1119 1077 1224 1128 apud
1256 1077 1426 1116 eundem
1444 1081 1677 1131 Procopium

254 1132 432 1170 Vandali
451 1145 606 1182 semper
622 1146 693 1182 per
710 1133 735 1183 β
751 1131 824 1169 hoc
840 1133 957 1170 modo
975 1135 1248 1183 exprimuntur
1266 1130 1460 1184 βᾶνδιλοι.
1514 1137 1677 1172 Maltre-

247 1194 311 1224 tus
331 1189 372 1223 in
393 1187 520 1224 indice
534 1188 592 1224 ad
608 1190 785 1238 Procopii
802 1187 921 1224 libros
940 1189 988 1226 de
1007 1188 1117 1224 bellas·
1132 1189 1250 1225 verbo
1267 1189 1498 1227 Lebanthae
1513 1204 1583 1228 nos
1605 1190 1677 1228 ad-

246 1250 382 1279 monet
396 1243 573 1292 sortasse
598 1243 748 1280 eosdem
776 1257 855 1280 esse
876 1257 937 1280 eos
964 1258 1054 1280 cnm
1080 1244 1306 1281 Leucatlzis.
1365 1258 1523 1282 causam
1543 1260 1680 1283 eorum

245 1298 477 1334 defectionis
512 1311 534 1334 a
564 1300 750 1335 Romanis
763 1328 772 1346 ,
807 1299 1042 1350 quibuscum
1069 1301 1177 1349 prius
1196 1313 1237 1336 se
1256 1299 1516 1338 adiunxerant
1537 1302 1585 1338 ob
1606 1301 1678 1338 (le-

242 1353 407 1391 lendum
435 1366 600 1403 regumn
625 1353 910 1401 vandalorum,
937 1355 1049 1391 nobis
1079 1356 1202 1404 aperit
1227 1354 1333 1392 idem
1357 1357 1568 1407 Procopius
1591 1358 1678 1394 fuse

244 1411 293 1447 cle
323 1409 422 1446 bello
455 1410 586 1446 Vand.
623 1411 649 1448 2
679 1411 755 1457 21,
787 1416 825 1446 et
854 1411 1079 1460 perstringit
1107 1410 1136 1446 l.
1168 1412 1230 1446 cit.
1251 1411 1455 1448 Historiae
1471 1412 1674 1449 Arcanae.

239 1464 341 1502 haec
378 1471 511 1501 autem
547 1466 791 1514 contigerunt
818 1478 919 1502 anno
947 1468 995 1506 17
1031 1467 1185 1515 imperii
1223 1467 1447 1514 Iustiniani,
1489 1474 1533 1504 ut
1571 1474 1679 1504 notat

242 1520 353 1558 idem
381 1528 515 1557 auctor
548 1520 596 1557 de
623 1519 721 1557 hello
755 1521 887 1559 Vand.
918 1524 945 1562 2
974 1524 1052 1570 21,
1091 1523 1160 1572 qui
1187 1533 1312 1559 almus
1339 1521 1547 1573 respondet
1575 1536 1678 1560 anno

240 1575 386 1613 Christi
412 1575 507 1617 543-

353 1631 448 1672 145.
504 1633 547 1668 in
565 1631 706 1669 Dedic.
730 1630 864 1669 Laud.
886 1631 986 1669 Just.
1009 1629 1063 1673 34
1084 1629 1246 1668 desinit:
1275 1631 1522 1684 subiectaque
1531 1646 1679 1683 ponere

239 1687 358 1725 colla.

356 1739 448 1783 149.
505 1743 583 1779 feci
611 1742 817 1787 domitare,
845 1749 889 1780 ut
920 1755 1055 1780 versus
1086 1742 1323 1792 complerem
1347 1755 1573 1780 mensuram
1596 1756 1678 1780 non

241 1800 327 1837 sine
363 1798 545 1847 exemplo
578 1800 744 1835 auctoris
771 1799 914 1844 nostri,
958 1799 1026 1848 qni
1052 1798 1100 1834 de
1125 1798 1235 1834 laud.
1270 1798 1368 1835 Just.
1400 1801 1426 1839 3
1462 1799 1540 1838 140
1569 1799 1676 1835 finit:

241 1855 362 1892 claro-s·
391 1854 578 1890 domitare
605 1860 804 1903 tyrannos.
864 1852 939 1890 hoc
964 1854 1041 1889 loci
1064 1860 1101 1890 et
1123 1854 1215 1890 alibi
1236 1866 1422 1903 persaepe
1441 1866 1535 1905 prae
1554 1855 1677 1891 oculis

242 1909 363 1947 habet
385 1915 518 1947 noster
544 1913 661 1959 poeta
690 1909 885 1946 celebrem
906 1908 1020 1945 illum
1047 1910 1155 1959 Vix-g.
1177 1908 1285 1946 Aen.
1309 1911 1335 1951 6
1363 1909 1459 1950 853.
1514 1921 1552 1947 v.
1574 1909 1677 1945 infra

359 2020 453 2062 152.
509 2020 636 2057 recole
654 2020 800 2057 Psalm.
819 2020 873 2059 90
897 2020 946 2058 2:
978 2019 1020 2054 in
1045 2018 1226 2055 manibus
1246 2017 1463 2068 portabunt
1486 2025 1534 2055 te.
1593 2019 1676 2056 for-

244 2084 347 2115 tasse
363 2089 434 2126 pro
447 2075 655 2126 gubernet,
684 2082 727 2112 ut
749 2082 805 2112 est
823 2076 865 2110 in
881 2073 1012 2111 codice
1024 2102 1034 2121 ,
1063 2074 1275 2124 legendum
1293 2076 1364 2111 erit
1378 2073 1618 2125 gubernans.

359 2132 452 2173 153.
509 2132 672 2168 sortasse
692 2129 904 2181 legendum
922 2132 993 2166 erit
1014 2136 1057 2165 ut
1076 2130 1213 2166 tilnlis.
1273 2137 1365 2167 nota
1391 2129 1457 2166 hic
1477 2129 1677 2179 prosperi-

244 2195 363 2224 tatem
385 2200 468 2224 esse
489 2200 559 2237 pro
570 2187 735 2237 favore,
765 2200 883 2238 quem
906 2198 1064 2222 sensum
1086 2198 1165 2222 non
1185 2191 1387 2235 exponunt
1406 2183 1674 2234 lexicographi

243 2245 396 2291 Latini,
427 2245 501 2279 etsi
528 2242 651 2279 iidem
672 2242 905 2279 adnotarunt
918 2255 1080 2292 pro-sper
1098 2242 1162 2278 vel
1177 2254 1386 2290 prosperus
1404 2239 1510 2277 idem
1529 2253 1612 2277 esse
1630 2253 1675 2276 ac

231 2298 464 2350 savorevole
481 2299 637 2345 Italice,
666 2297 708 2335 id
728 2305 785 2334 est
799 2298 965 2349 fiwenS,
994 2303 1037 2333 ut
1057 2304 1114 2333 est
1134 2295 1238 2347 apud
1258 2296 1538 2341 Forcellinum3
1569 2294 1674 2331 unde

242 2357 342 2392 sicut
369 2367 420 2390 ex
435 2354 561 2403 faveo
589 2355 767 2404 provenit
783 2354 927 2403 slavor,
955 2354 1008 2388 ita
1031 2365 1082 2388 ex
1093 2365 1279 2402 prospero
1294 2351 1533 2399 velprosper
1549 2352 1675 2400 potuit

241 2411 344 2447 effici
356 2411 594 2460 prosperitas
611 2410 846 2459 profiuvre.
906 2422 944 2445 v.
967 2409 1086 2443 etiam
1101 2408 1203 2444 iufra
1221 2407 1321 2454 406,
1353 2406 1419 2442 ubi
1446 2419 1577 2443 rursus
1605 2419 1674 2443 oc-

243 2468 360 2503 currit
378 2466 635 2516 prosperilale
655 2465 718 2500 dei
736 2478 805 2514 pro
826 2464 1056 2514 deisavore.

355 2521 446 2562 154.
505 2521 624 2555 etiam
649 2520 852 2556 videamus
875 2532 954 2555 non
977 2520 1068 2554 satis
1091 2519 1192 2553 clare
1216 2529 1445 2566 expressum
1465 2516 1583 2553 estin
1605 2529 1673 2552 co-

245 2576 344 2615 dice.
402 2575 585 2613 adverbio
604 2576 676 2611 rite
695 2588 787 2611 usus
808 2582 866 2611 est
885 2580 1018 2610 auctor
1036 2574 1154 2609 etiam
1171 2572 1218 2608 de
1235 2572 1349 2609 laud.
1370 2572 1469 2610 Just.
1491 2572 1515 2612 1
1540 2573 1634 2613 388.

357 2631 452 2672 155.
507 2645 544 2667 ν.
568 2644 683 2680 supra
705 2629 755 2666 ad
778 2632 868 2670 119.

360 2689 452 2728 159.
509 2687 686 2723 hortatur
706 2692 863 2722 ovante-s·
881 2686 987 2734 Virg.
1009 2683 1114 2720 Aen.
1138 2684 1186 2722 11
1213 2685 1278 2723 13.

360 2744 453 2784 161.
510 2744 616 2793 Virg.
634 2741 740 2779 Aen.
763 2744 788 2782 7
810 2743 888 2782 28:
919 2742 961 2778 in
981 2740 1081 2777 lento
1102 2739 1302 2776 ludantur
1318 2749 1508 2775 marmore
1525 2742 1668 2772 tonsae.
