1702 3060
267 162 358 206 178

293 270 344 311 65

293 598 344 637 70

290 927 342 967 75

287 1259 340 1297 80

280 1922 332 1960 90

278 2250 331 2292 95

251 2580 327 2618 100

657 163 879 205 CORIPPI
911 163 984 204 DE
1018 163 1283 206 LAUDIBUS

374 272 506 306 Iustini
530 283 669 305 rerum.
726 276 900 306 nostrum
921 277 1053 321 caput,
1084 271 1234 318 inclita,
1263 285 1385 319 serva,

376 342 497 370 tutare
517 337 743 384 imperium,
773 337 892 371 vitam
913 349 1023 385 rege,
1054 337 1192 386 perfice
1212 345 1358 387 coepta.

374 399 419 436 da
442 401 538 435 bene
561 399 755 450 dispositis
779 401 988 451 procedant
1013 404 1143 439 omnia
1162 406 1316 440 nostris.

373 465 494 501 subde
513 467 613 503 feras
634 474 790 515 gentes:
819 469 918 504 iusto
938 482 1122 504 mucrone
1141 470 1295 518 superbi

376 530 596 581 depereant.
651 540 776 569 vestro
796 547 948 583 semper
968 536 1155 570 tutamine
1180 531 1352 572 viva1n.'’

372 597 538 646 plurima
557 605 755 648 praeterea
773 600 898 636 verbis
921 600 1175 636 clementibus
1195 613 1321 649 orans,

374 664 511 699 oblatis
531 666 646 711 ceris,
676 666 795 700 altam
814 667 997 701 remeavit
1014 667 1052 700 in
1075 667 1217 702 aulam.

374 730 401 764 it
421 732 574 765 sacrum'
590 732 768 766 comitata
790 732 889 767 latus
910 730 1169 780 pulcherrima
1191 733 1331 781 proles,

372 795 458 831 luce
477 808 544 831 sua
562 797 718 845 plenam
737 808 835 846 quae
855 798 976 846 possit
992 798 1144 834 vincere.
1163 799 1309 845 lunam,

373 863 626 912 aequiparans
650 860 821 898 humeris
842 869 1027 909 matrem,
1057 864 1111 899 sic
1131 863 1259 899 lucida
1283 866 1401 911 cultu,

371 929 425 963 sic
443 929 566 963 niveis
586 927 752 964 formosa
774 929 884 977 genis
904 929 1118 978 similisque
1135 931 1298 978 parenti.

374 995 462 1042 igue
482 995 624 1029 micant
645 995 758 1030 oculi.
814 1007 955 1030 nomen
977 993 1142 1031 distabat
1161 1001 1198 1030 et
1217 1002 1334 1042 aetas,

372 1073 449 1095 non
468 1066 598 1094 tamen
620 1061 797 1109 egregIae
819 1059 985 1096 distabat
1003 1062 1124 1109 gratia
1144 1061 1304 1108 formae,

371 1125 516 1160 arboris
538 1132 580 1161 ut
600 1128 734 1162 matris
756 1138 854 1176 quae
878 1123 926 1160 de
947 1124 1074 1161 radice
1093 1139 1263 1176 propago

370 1192 560 1238 nascitur,
591 1200 628 1228 et
652 1193 763 1229 celsis
783 1198 898 1241 caput
918 1193 1030 1240 erigit
1047 1191 1164 1228 ardua
1183 1194 1312 1239 ramis,

370 1258 615 1306 aequiparata
634 1260 745 1294 novis
765 1264 962 1294 maternae
982 1257 1181 1295 frondibus
1200 1260 1380 1295 umbrae:

369 1329 406 1357 at
424 1328 548 1357 mater
565 1324 759 1371 propriam
780 1322 928 1358 florenti
947 1325 1119 1371 germine
1138 1331 1270 1361 natam

368 1387 510 1438 gaudet
534 1386 674 1423 habere
691 1401 846 1437 parem,
877 1388 1074 1438 laetasque
1095 1391 1235 1427 attollit
1256 1393 1294 1426 in
1313 1404 1423 1427 auras

367 1455 500 1490 felices
518 1466 643 1490 ramos
656 1483 665 1500 ,
695 1461 732 1490 et
749 1455 891 1489 vertice
915 1453 1076 1503 despicit
1096 1468 1199 1494 arva.

418 1523 501 1555 Iam
520 1520 644 1556 laetus
661 1521 838 1569 princeps
848 1519 996 1577 ⁸divalia
1014 1527 1114 1556 tecta
1132 1523 1297 1570 subibat,

364 1587 570 1636 amplaque
590 1584 803 1634 gaudentes
822 1587 1035 1636 implebant
1059 1589 1153 1623 ati-la
1174 1589 1322 1625 turbae.

365 1653 578 1688 accelerant
600 1650 688 1698 fidi,
719 1664 807 1687 cura
829 1660 884 1688 est
901 1659 944 1688 ut
963 1655 1120 1703 cuique,
1148 1655 1313 1691 ministri

365 1719 559 1768 obsequiis
579 1717 762 1767 praebere
780 1731 918 1754 manus
930 1748 939 1765 ,
966 1727 1224 1771 promuntque
1240 1722 1442 1773 feruntque

362 1787 555 1834 Augustas
576 1790 701 1820 vestes
720 1786 964 1835 pretiosaque
991 1786 1143 1834 cingula
1167 1789 1330 1836 gemmis

366 1858 402 1887 et
423 1851 557 1899 capitis
576 1848 753 1885 diadema
775 1851 884 1886 sacri.
942 1851 1047 1886 cultu
1065 1853 1148 1900 ipse
1167 1855 1294 1902 priore

362 1918 535 1962 exuitur,
563 1922 792 1965 tantumque
812 1928 888 1951 uno
912 1917 1067 1952 vestitus
1089 1919 1231 1954 amictu

363 1983 530 2020 constitit
542 2010 551 2028 ,
587 1988 624 2017 et
642 1982 775 2017 lumen
793 1981 976 2018 membris
994 1983 1187 2031 regalibus
1207 1985 1327 2020 auxit.

360 2048 467 2087 haud
486 2060 594 2084 secus
611 2053 653 2083 ut
665 2075 675 2094 ,
705 2047 826 2083 nubes
843 2060 930 2083 cum
949 2061 990 2084 se
1011 2048 1226 2085 rescindere
1246 2049 1406 2088 densam

360 2116 527 2165 coeperit
549 2119 585 2149 et
607 2113 758 2148 caelum
775 2116 1044 2150 monstraverit
1063 2114 1194 2151 aethra
1211 2128 1402 2165 serenum,

362 2181 540 2218 ardentes
559 2178 686 2215 radios
703 2181 820 2215 mittit
839 2180 969 2216 iubar:
998 2183 1126 2217 omnia
1143 2183 1270 2219 visum

359 2245 602 2297 congaudent
622 2246 812 2281 elementa
833 2245 958 2294 diem3
987 2261 1082 2283 mox
1097 2249 1208 2297 erigit
1226 2247 1341 2285 herba

360 2314 478 2350 molle
503 2318 637 2361 caput,
667 2319 827 2348 vernant
844 2320 1012 2362 segetes,
1045 2321 1082 2350 et
1101 2317 1272 2363 gramina
1298 2321 1483 2362 crescunt,

357 2383 517 2430 ipsaque
539 2379 749 2427 conspectis
770 2385 966 2427 gratantur
985 2380 1131 2416 lumina
1153 2384 1278 2418 terris.

348 2442 471 2481 “haec
492 2451 549 2481 est
569 2444 636 2479 illa
657 2440 788 2490 dies,''
815 2446 907 2481 laeti
928 2444 1062 2482 dixere
1081 2447 1251 2494 clientes,

349 2508 498 2562 “quam
514 2517 623 2559 pater
639 2510 705 2545 ille
721 2510 843 2546 bonus
865 2517 994 2546 sancto
1013 2512 1259 2561 praedixerat
1278 2509 1387 2549 ore.”

357 2576 571 2626 egreditur,
602 2578 806 2626 tunicaque
828 2578 913 2624 pios
934 2575 1128 2613 inducitur
1148 2585 1264 2624 artus,

351 2648 485 2678 aurata
506 2654 546 2678 se
564 2649 669 2678 veste
690 2648 844 2690 tegens,
875 2654 949 2692 qua
969 2642 1153 2679 candidus
1171 2645 1295 2680 omnis

353 2708 487 2744 enituit
505 2708 713 2759 lumenque
734 2707 859 2753 dedit,
888 2708 1090 2759 fuscasque
1112 2711 1272 2746 removit
