1702 3060
490 113 566 156 DE
599 112 875 157 LAUDIBUS
909 110 1132 156 IUSTINI.
1443 109 1540 157 371

61 222 334 276 *corrigendus
366 222 590 263 Cassiodor.
621 225 674 265 10
704 238 768 276 ep.
797 225 876 266 31.
918 223 1144 262 indicamus
1175 229 1362 274 parentes
1387 229 1539 259 nostros

70 281 234 320 Gothos
262 282 366 318 inter
386 281 683 332 procinctuales
705 281 885 332 gladios,
914 294 1020 318 more
1049 281 1264 326 maiorum,
1291 285 1401 316 scuto
1431 280 1538 332 (non

56 344 120 376 ,nt
140 338 322 389 legitur
309 351 352 375 m
371 339 544 389 vulgatis
565 336 766 376 codicibus
786 337 1015 389 scutorum)
1046 338 1246 387 supposito
1271 335 1444 387 regalem
1465 349 1539 372 no-

75 392 138 432 bis
169 393 397 441 contulisse,
425 395 496 432 deo
521 401 767 446 praestante,
796 394 1044 445 dignitatem.
1106 395 1237 431 Tacit.
1260 394 1361 432 Hist.
1382 392 1429 434 4:
1459 392 1536 429 im-

67 451 226 503 positus
242 458 352 488 scuto
369 465 476 488 more
489 452 622 503 gentis
649 449 981 503 (Caninefatum)
1010 457 1047 486 et
1068 450 1346 486 sustinentium
1366 448 1540 486 humeris

74 506 256 545 vibratus
272 507 355 545 dux
369 507 545 559 eligitur.
577 509 764 545 Dsms'r.
822 505 1082 557 sublimibus]
1116 507 1172 544 sic
1187 507 1341 544 restitui
1354 519 1426 556 pro
1443 504 1539 542 sub-

74 563 224 601 limius.
285 563 555 602 observandus
577 562 643 601 hic
665 565 817 615 priscus
838 577 926 601 mos
949 570 988 601 et
1015 563 1113 601 ritus
1135 561 1401 613 inaugurandi
1426 562 1539 613 prin-

73 619 228 671 cipem,
257 619 366 672 quod
394 619 581 658 videlicet
607 622 650 657 in
677 622 805 672 clipeo
831 627 988 659 erectus
1003 626 1111 658 stans
1130 619 1311 657 sublimis
1329 631 1400 670 per
1420 625 1539 670 quat-

71 682 162 715 tuor
188 677 312 714 lectos
342 678 508 716 iuvenes
535 677 802 715 attollebatur.
861 690 948 715 mos
978 678 1052 715 iste
1079 677 1288 714 Germanis
1314 677 1436 712 etiam
1461 675 1540 711 fuit

72 739 173 771 teste
196 733 338 771 Tacito
363 731 458 772 hist.
487 733 514 774 4
549 733 614 775 15.
675 733 783 786 apud
808 732 1086 772 Cassiodorum
1118 746 1201 771 var.
1235 735 1288 774 10
1317 730 1539 769 Gothorum

73 801 170 827 rex:
201 789 427 828 indicamus
444 797 635 841 parentes
658 798 809 829 nostros
834 791 984 829 Gothos
1008 792 1110 828 inter
1127 788 1427 841 procinctuales
1440 787 1539 839 gla-

71 845 158 884 dios
192 859 299 883 more
334 847 531 885 maiorum
564 855 674 885 scuto
710 849 912 898 supposito
951 847 1127 900 regalem
1159 845 1274 884 nobis
1311 844 1541 889 contulisse,

66 909 299 954 praestante
329 903 419 949 deo,
447 903 701 955 dignitatem,
730 912 778 941 ut
802 904 989 941 honorem
1019 918 1137 941 arma
1165 903 1324 949 darent,
1354 903 1422 940 cui
1451 902 1541 952 opi-

71 959 228 996 nionem
251 957 358 996 bella
376 967 628 1010 pepererant.
690 958 740 997 de
758 957 1013 998 chlodovaeo
1031 961 1275 997 Francorum
1296 972 1390 1010 rege
1411 959 1539 996 electo

72 1015 288 1066 Gregorius
316 1016 470 1053 Turon.
498 1019 526 1057 2
553 1015 630 1058 40:
668 1022 714 1052 at
739 1015 805 1052 illi
829 1017 907 1052 ista
935 1015 1158 1062 audientes,
1184 1015 1427 1066 plaudentes
1454 1023 1539 1052 tam

65 1070 221 1122 palmis
234 1085 358 1124 quam
373 1071 553 1117 vocibus,
584 1085 673 1109 eum
693 1072 818 1123 clipeo
839 1079 1016 1109 evectum
1039 1086 1159 1123 super
1179 1085 1221 1109 se
1239 1085 1369 1123 regem
1391 1073 1538 1108 consti-

72 1134 204 1166 tuunt.
264 1126 372 1166 hunc
393 1141 549 1166 morem
568 1130 739 1166 Romani
765 1142 924 1181 quoque
940 1129 1091 1166 milites
1111 1143 1133 1165 a
1150 1130 1359 1166 Germanis
1383 1127 1538 1166 didice-

70 1190 183 1242 runt,
213 1183 319 1222 unde
338 1184 442 1224 illud
459 1184 678 1223 Herodiani
698 1188 724 1227 8
755 1188 781 1253 8
814 1187 889 1226 15·
924 1181 1120 1251 ἀράμενοι
1149 1183 1192 1225 δὲ
1215 1182 1283 1226 τὸν
1315 1182 1539 1237 Γορδιανον

70 1213 303 1294 Καίσαρα”
278 1256 376 1283 οντα
396 1237 671 1294 αὐτοκράτορά
693 1257 734 1282 τε
752 1237 1105 1295 οἷναγορευσαντες.
1162 1240 1233 1279 sed
1251 1248 1291 1279 et
1311 1243 1354 1278 in
1371 1243 1539 1279 Graecia

67 1295 179 1335 idem
203 1310 291 1336 mos
318 1298 561 1338 observatus.
621 1298 671 1336 de
703 1300 877 1350 Hypatio
903 1297 1090 1336 seditiose
1114 1305 1250 1335 contra
1271 1299 1538 1335 Iustinianum

69 1354 196 1392 electo
219 1349 355 1392 scribit
374 1356 579 1393 Zonaras
567 1369 611 1392 ιιι
628 1357 710 1392 vita
731 1356 960 1392 Iustiniani:
990 1354 1058 1395 καὶ
1080 1350 1224 1394 ἀσπίδι
1245 1351 1371 1394 αυτόν
1392 1351 1538 1406 μετάρ-

69 1421 159 1452 σιον
194 1425 362 1463 αραντες
389 1406 682 1465 ἀναγορεύουσι
711 1411 886 1464 βασιλέα.
946 1418 984 1449 et
1026 1412 1282 1462 curopalates
1317 1410 1365 1448 de
1396 1411 1535 1448 officiis

69 1467 207 1504 aulae:
247 1465 270 1508 ὅ
297 1466 384 1515 νέος
415 1466 601 1520 βασιλευς
629 1467 695 1508 ἐπὶ
724 1468 961 1521 σκουταρίου
992 1467 1223 1515 κατατεθεὶς
1251 1467 1452 1536 ἐπαίρεται
1480 1467 1538 1515 εἰς

66 1519 189 1574 ῧψος.
245 1522 493 1594 Nicephorus
524 1525 718 1576 Gregoras
751 1524 799 1562 tle
829 1523 1045 1562 Theodoro
1073 1526 1207 1561 Ducae
1236 1525 1339 1562 filio:
1384 1539 1539 1590 ανηγο-

68 1593 204 1634 ρευετο
225 1575 269 1620 δ’
291 1576 460 1632 ὕστερον
481 1577 670 1633 βασιλεις
688 1596 769 1633 παρ
809 1578 984 1621 ἑκόντων
1007 1583 1086 1620 τῶν
1107 1578 1303 1632 ὑπηκόων
1329 1578 1537 1629 eumz-mv,

66 1635 300 1684 κατατεθεις
329 1633 396 1677 ἐπ’
425 1633 596 1685 ἀσπίδος
624 1635 724 1677 narni
746 1634 790 1678 τὸ
812 1636 855 1677 ἐν
875 1638 1028 1685 τούτοις
1050 1637 1290 1688 ἐπικρατοῦν
1317 1636 1427 1684 ἔθος.
1487 1636 1536 1674 de

67 1693 239 1731 solemni
254 1693 453 1731 levatione
470 1695 759 1745 imperatorum
778 1692 870 1731 vide
887 1692 993 1732 Pith.
1014 1693 1168 1732 advers.
1190 1697 1217 1736 2
1247 1697 1293 1744 3,
1324 1692 1376 1731 ad
1394 1693 1534 1732 Sidon.

65 1750 200 1802 Apoll.
221 1762 341 1787 carm.
360 1753 386 1791 7
414 1750 510 1791 571.
568 1751 694 1788 ΒΙΤΤ.

183 1807 278 1848 187.
335 1813 380 1844 ut
404 1819 543 1844 sensus
566 1806 729 1856 evadat,
756 1808 846 1858 lege
872 1806 1006 1858 clipei,
1038 1813 1077 1844 et
1094 1808 1150 1845 sic
1170 1820 1328 1859 quoque
1351 1807 1534 1844 coniece-

66 1869 126 1900 rat
145 1863 207 1901 vir
226 1861 377 1900 doctus.
435 1865 598 1902 Voscx.

179 1917 234 1956 ib.
296 1919 435 1971 clipei]
466 1918 647 1958 Andreas
675 1920 860 1957 Goetzius
891 1920 959 1972 (et
981 1917 1058 1957 hoc
1077 1921 1192 1957 unice
1216 1919 1367 1970 profert
1395 1920 1435 1955 iu
1462 1932 1534 1956 sua

66 1976 227 2027 corippi
251 1974 426 2014 editione
448 1978 550 2015 scitu
573 1975 767 2028 dignum)
806 1975 970 2014 adnotat
999 1975 1107 2028 quod
1129 1975 1376 2013 Christianus
1402 1976 1533 2013 Gotli-

56 2031 155 2070 'bius
172 2031 421 2072 Schwarzius
454 2032 472 2086 (
483 2035 526 2070 in
545 2047 617 2071 sua
638 2033 686 2071 cle
708 2035 874 2084 antiquo
895 2034 976 2070 ritu
996 2033 1180 2070 elevandi
1191 2033 1395 2082 principes
1412 2033 1534 2068 inau-

61 2089 271 2140 gurandos
286 2096 326 2126 et
342 2089 391 2127 de
413 2089 654 2142 quibusdam
668 2089 996 2141 sacrisjbrmulis
1017 2096 1053 2125 et
1077 2089 1262 2125 elevandi
1280 2089 1534 2124 caeremoniis

66 2145 222 2183 Altol'fii
243 2146 374 2195 1730,
407 2143 430 2198 ξ
450 2149 475 2188 8
493 2161 534 2198 p.
555 2146 634 2198 19)
669 2144 773 2184 hanc
799 2147 1061 2184 certissimam
1081 2147 1295 2182 lectionem
1312 2145 1532 2195 proposuit,

66 2200 387 2240 animadvertens
415 2204 504 2240 voci
533 2203 653 2253 clipei
676 2216 728 2240 ex
755 2203 938 2254 sequenti
970 2215 1066 2239 voce
1088 2201 1300 2238 sublimius
1318 2201 1491 2238 litteram
1514 2216 1533 2235 s

64 2259 171 2307 male
195 2259 349 2296 allitam
374 2259 511 2297 fuisse.
573 2261 775 2297 enimvero
795 2261 989 2310 Corippus
1006 2259 1184 2310 loquitur
1203 2258 1252 2295 de
1267 2259 1424 2309 ingenti
1440 2256 1531 2294 orbe

66 2316 186 2353 unius
205 2315 341 2367 clipei,
376 2317 487 2354 cuius
507 2315 814 2367 amplitudinem
832 2316 1035 2353 confirmat
1052 2328 1090 2351 v.
1114 2313 1205 2356 148.
1263 2315 1394 2352 Foec..

178 2373 273 2414 138.
334 2371 427 2409 lecti
450 2385 521 2424 pro
549 2373 618 2410 leti
642 2375 890 2420 restitutum3
931 2370 1038 2423 quod
1066 2372 1190 2409 tribus
1218 2371 1398 2408 versibus
1424 2370 1530 2407 iufe—

66 2427 147 2477 rius
157 2441 248 2472 1ιιοιι
267 2430 353 2466 ausi
370 2442 509 2467 sumus
527 2430 658 2467 facere
681 2431 722 2466 in
743 2431 830 2481 qui,
861 2442 952 2466 cum
974 2429 1124 2483 alioqui
1143 2441 1364 2480 pronomen
1384 2425 1460 2464 hoc
1479 2425 1529 2462 ad

38 2518 48 2527 ,
66 2486 229 2522 nomina
256 2485 510 2523 referendum
535 2485 731 2525 videatur.
788 2498 918 2538 neque
936 2499 1030 2524 vero
1049 2484 1167 2523 huius
1188 2487 1244 2522 rei
1266 2485 1529 2522 abstinuimus

67 2541 152 2579 sine
177 2554 294 2580 causa
315 2543 574 2595 legitimaque
599 2544 774 2592 ratione,
806 2550 852 2581 ut
867 2543 1007 2580 lectori
1028 2541 1211 2594 diligenti
1237 2538 1529 2579 discutiendum

67 2596 338 2650 relinquimus.
395 2601 517 2640 Rulz.

180 2652 235 2692 ib.
296 2655 399 2693 lecti.
460 2663 553 2695 sunt
578 2655 781 2693 candidati
809 2657 1010 2705 Caesaris,
1051 2657 1195 2708 quibus
1225 2667 1317 2691 cura
1344 2648 1529 2688 elevandi

68 2721 220 2747 novum
238 2711 518 2764 imperatorem
535 2711 838 2766 humerisque„
816 2713 1016 2760 (restandi,
1048 2714 1118 2764 qui
1134 2724 1222 2749 mos
1243 2723 1324 2747 non
1340 2708 1417 2744 alio
1438 2711 1528 2756 eget

44 2802 47 2805 ,
69 2766 281 2819 interprete
307 2781 428 2821 quam
452 2768 693 2818 Claudiano,
724 2771 835 2808 cuius
865 2769 907 2807 hi
933 2777 1024 2820 sunt
1047 2783 1067 2805 e
1089 2771 1114 2809 6
1136 2766 1343 2805 consulatu
1362 2763 1528 2800 Ηοιιοιίἰ
