1702 3060
271 145 336 191 88
579 198 582 201 ,
873 147 1091 190 CORlPPI

378 259 584 294 Persarum
603 263 755 292 teneras
771 268 890 293 nervo
908 256 1080 307 pellente
1099 259 1272 308 sagittas.

430 324 663 360 Commissas
686 324 787 360 acies
807 321 891 360 dux
909 324 1068 361 Tarasis
1093 331 1181 362 ante
1201 325 1412 377 pedestres,

373 389 492 425 ardua
513 390 624 438 signa
644 402 826 437 movens,
856 391 975 427 variis
997 393 1192 442 componit
1213 394 1254 429 in
1271 396 1403 432 armis.

262 455 342 496 555
370 457 454 504 ipse
473 468 544 504 per
568 455 746 506 obliquas
767 455 970 507 distinguit
989 460 1135 509 proelia
1156 466 1301 498 turmas

371 529 504 558 vectus
525 536 643 574 equo,
680 523 900 576 clipeosque
920 527 999 563 suis
1019 527 1253 576 coniungere
1274 526 1406 565 dictat.

370 587 541 625 tenditur
559 591 601 626 in
619 591 803 640 longum,
832 594 946 629 nexis
965 593 1199 630 umbonibus
1220 592 1394 642 horrens,

371 658 510 693 Martia
531 671 601 707 per
620 658 719 695 latos
739 659 839 695 acies
860 658 1090 696 densissima
1111 673 1282 711 campos.

368 735 570 760 murorum
587 726 629 761 in
645 737 796 761 morem
815 726 987 762 celantur
1007 740 1164 777 corpora
1182 725 1312 764 densis

261 788 343 832 560
371 791 620 840 tegminibus.
678 792 785 828 solae
806 800 991 842 apparent
1010 801 1098 843 post
1118 801 1224 831 scuta
1242 795 1430 844 bipennes

372 864 410 894 et
434 871 608 895 sulmnae
629 858 763 908 galeae
783 860 906 895 cristis
930 861 1111 910 conisque
1128 862 1339 908 micantes„

369 931 408 961 at
430 937 546 975 super
567 927 701 962 erectis
724 923 911 962 horrescit
929 926 1078 963 ferreus
1099 925 1221 963 hastis

368 1005 527 1042 campus
539 1020 549 1038 ‚
580 991 877 1042 resplendetque
895 994 1008 1030 novis
1027 993 1236 1029 terroribus
1258 995 1337 1029 aer.

423 1059 488 1094 Sic
505 1065 616 1108 pater
634 1060 716 1108 ipse
734 1071 826 1095 suae
850 1071 1084 1108 componens
1104 1072 1244 1095 cornua
1264 1071 1420 1108 pugnae

260 1122 339 1165 565
369 1127 604 1175 armipotens
623 1125 776 1162 medius
800 1128 995 1176 componit
1017 1128 1129 1175 signa
1150 1124 1356 1173 Iohannes,

368 1191 502 1228 ordine
521 1199 656 1228 cuncta
674 1205 832 1242 regens,
863 1205 1111 1244 aequalisque
1129 1206 1198 1243 per
1217 1195 1374 1242 agmina
1389 1200 1550 1242 turmas,

368 1266 406 1295 et
427 1259 525 1295 bene
549 1260 634 1309 quis
655 1258 830 1306 medius,
861 1261 950 1296 totis
971 1266 1162 1310 pugnaret
1181 1266 1223 1295 ut
1242 1261 1373 1307 armis,

363 1326 405 1360 in
422 1326 680 1374 manibusque
700 1327 760 1359 sui
773 1352 783 1371 ‚
813 1326 925 1360 fortis
945 1325 1108 1362 dictator
1123 1332 1167 1362 ut
1186 1332 1298 1373 esset,

363 1403 470 1427 arma
488 1402 650 1426 movens
669 1390 818 1439 populi.
878 1391 1000 1426 veluti
1020 1393 1228 1441 vigilanter
1246 1393 1424 1430 oberrant

253 1458 334 1499 570
363 1463 474 1494 cauta
492 1457 717 1493 reluctantis
736 1455 866 1492 media
883 1458 985 1493 inter
1004 1471 1146 1495 cornua
1165 1461 1268 1495 tauri

359 1525 507 1561 lumina
521 1553 530 1570 ‚
559 1523 852 1573 bellantemque
873 1531 1011 1573 parant
1031 1538 1106 1576 qua
1124 1527 1303 1563 vulneret
1320 1525 1475 1564 hostem

359 1597 468 1640 parte
487 1602 667 1640 premens
679 1619 689 1636 ‚
721 1588 938 1640 dextroque
957 1598 1058 1627 rotat
1076 1592 1267 1644 laevoque
1285 1595 1469 1643 minatur,

359 1657 519 1693 vulnera
547 1658 824 1705 congeminans
844 1658 991 1693 variato
1015 1659 1175 1696 verbere
1199 1673 1340 1708 cornu3

361 1735 514 1774 quaque
531 1723 667 1759 iubent
685 1724 787 1759 oculi
798 1752 807 1769 ‚
839 1723 1036 1771 configunt
1059 1738 1202 1762 cornua
1220 1727 1378 1764 vulnus.

249 1789 329 1831 575
359 1791 414 1826 sic
433 1790 534 1826 acies
556 1788 708 1836 ductor,
738 1790 939 1838 perpensis
959 1791 1132 1838 partibus
1153 1794 1299 1842 aequis,

360 1857 464 1893 bella
481 1856 610 1892 subire
628 1856 750 1891 iubet.
808 1856 862 1892 sic
887 1854 1146 1904 disponuntur
1164 1863 1202 1893 et
1221 1863 1302 1894 arte

362 1935 506 1972 organa
525 1923 670 1972 plectra
691 1922 822 1972 lyrae,
852 1920 983 1970 digitis
1002 1921 1195 1972 pulsanda
1214 1925 1405 1972 magistri.

361 2002 479 2041 quam
497 1996 628 2026 movet
647 1990 735 2037 ille,
766 1995 878 2026 sonat
898 1995 1076 2025 contactu
1094 1989 1222 2026 fistula
1241 1992 1370 2027 venti:

359 2069 439 2093 non
457 2054 624 2092 chordae
637 2085 647 2103 ‚
675 2069 754 2092 non
774 2068 862 2092 aera
883 2062 1066 2105 gemunt,
1095 2057 1137 2092 ni
1154 2063 1289 2105 sponte
1310 2060 1478 2108 regentis

248 2125 329 2167 580
358 2125 529 2160 carmina
550 2125 742 2173 percussis
762 2130 944 2159 resonent
962 2136 1145 2173 expressa
1163 2124 1311 2161 cicutis.

355 2203 435 2226 non
458 2190 568 2225 aliter
588 2191 698 2226 iussu
718 2188 886 2227 ductoris
907 2197 1043 2226 cuncta
1061 2197 1239 2227 movetur

356 2255 530 2292 discretis
553 2258 652 2292 acies
673 2269 903 2292 concurrens
923 2255 1057 2292 ordine
1077 2258 1211 2307 signis.

410 2325 567 2358 Iunctus
586 2329 666 2357 erat
681 2323 793 2358 lateri
812 2323 936 2359 clarus
957 2325 1183 2364 Reciuarius
1195 2353 1204 2371 ‚
1235 2325 1352 2361 armis

353 2389 516 2438 fulgens·
529 2394 566 2423 et
586 2388 743 2437 paribus
765 2388 975 2439 disponens
997 2392 1155 2440 agmina
1176 2392 1290 2438 curis,

243 2454 323 2497 585
353 2457 436 2505 ipse
460 2455 588 2491 animo
610 2461 761 2490 matura
781 2467 937 2504 gerens,
969 2460 1155 2506 gravitate
1175 2456 1388 2503 modestus,

351 2522 646 2571 magnanimus,
676 2522 803 2569 mitis,
833 2524 1009 2572 sapiens,
1039 2524 1271 2560 fortissimus
1284 2551 1294 2569 ‚
1323 2524 1470 2574 insons,

355 2589 589 2638 armipotens
601 2616 612 2636 ‚
642 2587 737 2624 belli
757 2586 924 2625 domitor
942 2591 1125 2643 pacisque
1146 2589 1335 2640 minister,
1522 2575 1528 2582 ι

246 2686 313 2721 563
335 2655 524 2729 mal-,niet
538 2688 574 2718 et
591 2686 623 2719 τι·
738 2686 806 2723 567
828 2685 908 2732 qum
925 2686 957 2723 T
1074 2686 1140 2722 568
1162 2686 1230 2721 suis
1244 2687 1286 2723 M
1407 2686 1475 2724 574
1495 2697 1627 2732 quoque
1645 2687 1678 2721 T

247 2731 314 2768 578
337 2735 435 2765 uento
450 2731 542 2775 apud
557 2730 606 2766 Μ.
1347 2747 1351 2750 -
