1702 3060
261 129 355 179 140
653 179 657 186 ‚
861 130 1078 176 CORIPPI

255 242 336 285 410
362 242 443 280 sola
465 238 573 287 duci,
602 252 679 276 non
703 237 820 289 plena
839 236 934 276 fides
958 245 1038 276 est:
1068 251 1160 277 nam
1178 239 1264 279 loca
1281 245 1432 291 tantum
1457 262 1460 268 ·

365 323 463 362 quae
482 313 638 344 teneant
656 307 803 353 fossae,
834 307 959 342 cuncti
976 319 1047 343 nos
1065 308 1162 344 scIre
1182 307 1363 353 fatemur.
1391 349 1395 354 ,
1432 348 1436 357 ,

363 375 568 412 consilium
588 373 715 423 gemis
733 385 884 409 summo
900 373 1070 423 perferre
1089 374 1289 423 magistro,

361 442 475 478 utilit
467 454 506 477 1s
526 438 624 476 haec
643 439 757 476 lebus
777 441 848 476 erit
862 440 1032 490 perfecta
1050 440 1213 478 Latinis.
1313 478 1316 485 ,

361 514 514 557 tempus
535 506 665 554 adest,
693 507 808 543 socii:
835 519 995 556 prensos
1016 508 1210 557 rapiamus
1231 505 1277 544 ab
1297 483 1423 554 hoste,

250 575 331 617 415
361 573 455 611 dum
472 575 580 610 locus
599 579 677 620 est,
710 572 777 623 qui
797 579 932 609 cuncta
952 571 1041 610 duci
1057 574 1261 610 manifesta
1281 574 1470 621 resolvant

361 643 550 679 Carcasan
570 652 709 676 arcana
732 633 832 676 sui.”
885 652 957 676 nec
974 639 1086 689 plura
1103 640 1231 677 locuto

361 708 498 744 obvius
519 720 605 743 ecce
624 706 730 743 venit
747 705 959 753 Tarincus,
986 706 1150 756 belliger
1165 707 1233 743 ille

359 773 540 811 terribilis
561 771 758 824 quondam
775 773 936 819 nostris,
962 772 1127 822 stipante
1145 779 1311 811 caterva·
1378 815 1380 818 y
1418 814 1419 818 ,

361 839 425 877 hic
442 842 624 891 pinnatus
645 845 745 886 erat,
773 851 853 874 non
872 851 990 889 quem
1003 839 1222 888 placaverat
1240 846 1331 890 ante
1388 875 1389 878 ,

253 905 334 948 420
362 908 582 957 ensipotens
604 903 835 952 Solumuth3
866 906 1019 954 generis
1040 912 1170 943 tamen
1189 918 1301 956 asper
1319 912 1478 958 uterque

361 975 548 1023 sanguine
566 972 782 1022 proximior
801 984 885 1008 sese
906 985 976 1021 per
993 971 1097 1008 bella
1116 972 1276 1008 ferebat.

360 1039 464 1076 hunc
486 1040 552 1076 ubi
570 1039 806 1090 prospiciens
826 1044 955 1074 contra
971 1038 1174 1075 Liberatus
1192 1045 1349 1076 euntem

361 1106 459 1143 vidit
478 1113 515 1142 et
534 1106 669 1142 erectis
684 1110 898 1140 tentantem
914 1104 1061 1153 proelia
1079 1102 1238 1153 dextris,

358 1174 470 1210 irruit
488 1173 572 1223 ipse
591 1172 715 1222 prior,
742 1177 964 1221 turmasque
984 1169 1134 1207 invadit
1152 1178 1365 1222 equestres.

252 1236 332 1281 425
361 1239 452 1276 inde
472 1239 600 1275 serum
619 1240 795 1276 Veuman
817 1235 946 1273 valido
966 1249 1035 1286 per
1053 1244 1208 1286 pectora
1227 1238 1308 1288 pilo

356 1305 608 1355 transadigit,
637 1305 860 1355 Marzinque
879 1304 966 1340 neci
982 1304 1213 1355 nigrumque
1230 1303 1447 1342 Lamaldan

358 1379 396 1408 et
418 1373 530 1409 Zeias
555 1370 662 1407 dedit
681 1383 772 1407 ense
792 1371 920 1420 gravi,
954 1370 1173 1421 fortemque
1191 1371 1334 1408 Tifilan

355 1446 394 1476 et
414 1442 605 1476 Burcanta
624 1436 858 1488 Natliunque
878 1437 968 1473 ferit
988 1437 1212 1488 Sarzunque
1230 1438 1418 1488 Tilinque

356 1506 644 1556 ensifermnque
663 1506 806 1550 Nican3
837 1505 995 1540 comites
1015 1505 1102 1554 quis
1119 1504 1237 1540 mittit
1254 1501 1304 1540 ad
1315 1503 1475 1542 umbras

243 1570 324 1614 430
351 1573 566 1610 terribilem
582 1573 688 1610 Asan
709 1577 746 1607 et
766 1571 981 1607 vibrantem
999 1570 1146 1607 missile
1163 1571 1371 1608 Dextrum.

355 1639 544 1677 audacem
559 1640 696 1675 Petrus
713 1637 885 1674 Tafaran
902 1637 1111 1674 confixerat
1126 1635 1250 1685 hasta,

353 1719 471 1758 quem
488 1706 584 1756 petit
600 1705 763 1741 infensis
779 1705 990 1740 luctantem
1006 1701 1204 1740 Iannnada
1223 1701 1310 1739 telis
1320 1712 1335 1739 τ

352 1774 458 1811 hunc
474 1780 606 1809 tamen
624 1777 831 1821 exceptum
851 1773 987 1808 Petrus
1004 1783 1186 1807 mucrone
1202 1769 1382 1819 peremit,

353 1841 507 1879 verticis
530 1839 606 1874 alta
626 1844 755 1883 rotans
775 1838 958 1874 truncatis
973 1838 1138 1886 timpora
1155 1837 1278 1872 venis.

245 1907 324 1952 435
354 1904 574 1956 Stephanus
591 1905 742 1940 Altisan
753 1931 763 1950 ‚
793 1900 927 1940 Tarah
944 1903 1032 1938 serit
1050 1914 1140 1938 ense
1154 1898 1397 1950 Iugurtham,

354 1973 584 2009 Murifertun
601 1972 755 2007 Priscus
773 1968 1060 2019 Ielidassenque
1079 1968 1256 2004 Carosus.

353 2039 514 2077 Silvutis
531 2037 760 2083 Zembrum,
791 2036 975 2084 Grorgius
993 2033 1142 2070 conficit
1159 2034 1329 2083 Auspur,

353 2105 512 2143 vulnere
529 2101 750 2154 perfodiens
769 2108 962 2138 contortae
978 2098 1146 2149 cuspidis
1162 2100 1322 2149 inguen.

405 2172 514 2208 Victa
533 2168 710 2220 phalanx
724 2181 879 2205 versum
897 2165 1054 2204 dederat
1074 2167 1269 2202 Maurusia
1286 2164 1464 2205 dorsum:

238 2235 320 2280 440
348 2238 539 2275 victorum
555 2236 728 2286 sequitur
745 2235 865 2284 pubes
883 2234 1076 2284 veloxque
1095 2233 1286 2269 tribunus.

349 2304 472 2352 surgit
490 2300 539 2338 ad
559 2300 757 2337 aethereos
776 2301 899 2337 nubes
919 2298 1147 2336 densissima
1169 2311 1338 2348 camPOS‚

349 2370 509 2419 pulvere
529 2368 630 2404 facta
649 2368 781 2416 fugae.
837 2365 932 2403 duro
956 2373 1066 2404 sonat
1084 2366 1231 2415 ungula
1250 2377 1381 2414 cornu,

350 2441 389 2471 et
406 2435 500 2471 latet
518 2435 684 2484 aspersis
703 2446 861 2484 campus
877 2439 1076 2484 coopertus
1093 2432 1234 2469 arenis.

240 2574 307 2612 414
321 2585 414 2609 rarus
429 2574 492 2609 iam
507 2573 675 2619 rapuimus
690 2575 731 2608 ab
748 2577 821 2608 oste
832 2576 871 2616 T,
887 2585 979 2607 raros
995 2573 1058 2607 iam
1072 2571 1211 2607 uidimus
1224 2569 1385 2606 hostesM
1461 2571 1528 2607 415
1543 2574 1611 2605 tum
1621 2572 1660 2607 M

242 2622 323 2656 ibid.
346 2631 413 2665 quo
430 2621 470 2653 M
577 2619 644 2653 418
667 2620 786 2653 nostris
799 2620 847 2660 M,
870 2619 946 2651 bisti
966 2620 998 2652 Τ
1103 2618 1167 2652 431
1193 2622 1319 2662 petrum
1337 2618 1398 2650 T·-
1465 2617 1532 2652 434
1554 2617 1659 2650 uirtu-

243 2665 286 2699 tis
303 2665 514 2698 Tibia.
537 2663 647 2697 neruis
663 2664 703 2698 Μ
800 2644 866 2697 43'5
889 2663 1061 2696 sthesanus
1075 2663 1190 2695 altisan
1209 2662 1401 2704 ¹1⁸,A1tisau
1417 2662 1604 2707 Stephanus
1618 2662 1660 2700 M

243 2710 309 2745 437
332 2709 516 2754 Gregorius
530 2708 635 2743 inficit
649 2708 691 2744 M
820 2708 886 2744 440
907 2705 1000 2753 pules
1015 2707 1172 2752 uelosque
1189 2707 1231 2751 Τ,
1254 2706 1345 2742 miles
1359 2706 1525 2752 veloxque
1539 2708 1588 2742 M.
