1702 3060
463 97 815 143 IOHANNIDOS
849 98 955 142 LIB.
988 98 1067 143 IV.
1432 99 1497 146 87

149 210 231 250 iam
250 209 382 250 senior
399 209 639 264 grandisque
658 211 793 260 annis3
826 211 888 248 cui
910 210 1031 249 cruda
1051 215 1231 252 senectus

150 285 190 318 et
211 280 334 318 virtus
351 281 536 318 iuvenilis
561 286 664 328 erat,
695 292 772 332 qua
789 281 992 318 maximus
1011 279 1136 319 hostis

148 348 332 399 frangere
351 362 432 386 non
451 349 617 386 minimo
635 348 764 399 potuit
785 346 929 385 sudore
949 349 1151 387 laborans.

38 414 120 459 520
151 414 320 454 discolor
338 415 445 454 hunc
462 423 591 468 portat
607 415 774 453 maculis
797 417 970 454 variatus
990 417 1031 453 in
1053 418 1154 454 albis

146 491 258 536 parte
277 485 391 535 niger
409 485 566 534 sonipes
578 513 588 532 ‚
619 485 788 535 gemmis
808 497 980 536 auroque
1002 485 1209 536 superbus,

149 565 218 591 ore
237 553 433 601 fremens3
464 565 701 604 camposque
720 552 820 590 levis
844 550 1026 590 discurrit
1043 554 1085 589 in
1107 564 1261 591 onmes.

147 621 299 659 ferreus
324 622 410 672 ipse
434 633 524 658 suas
550 633 791 672 componens
812 619 950 658 ordine
969 628 1122 659 turmas

145 689 256 742 itque
278 687 456 740 reditque
478 689 616 726 volans
629 719 639 738 ,
667 691 792 727 socios
818 695 857 726 et
878 688 1009 726 firmat
1033 697 1188 728 etultes.

33 753 116 799 525
200 754 435 795 Fronimuth
454 758 592 794 erectis
613 758 728 795 iuxta
746 764 881 795 movet
897 757 1056 808 agmina
1077 759 1202 808 signis

143 825 335 877 impiger,
367 831 413 862 et¹
429 826 577 876 camp1s
599 827 752 864 socians
776 827 980 876 coniungit
1002 828 1166 878 apertis.

142 892 228 946 ipse
250 894 343 931 licet
362 891 519 930 medius
543 894 670 932 cristis
694 901 733 932 et
755 892 907 932 casside
926 893 1086 944 fulgens

143 963 339 1009 emineat,
370 961 542 1014 ferrique
562 974 664 999 novo
682 961 892 1012 splendore
910 974 1133 1010 coruscans,

139 1030 255 1068 altior
275 1027 431 1067 adversi
448 1028 580 1066 radios
598 1035 636 1065 et
654 1029 808 1066 lumina
824 1026 978 1066 Phoebi

30 1096 114 1142 530
141 1099 359 1149 suscipiens
379 1098 556 1148 frangat,
589 1095 734 1134 densae
751 1104 888 1135 tamen
906 1095 1084 1150 undique
1103 1105 1263 1151 septmn

143 1166 345 1203 circueunt
363 1166 466 1202 acies
489 1165 626 1216 clipeis
648 1165 852 1218 galeisque
873 1168 1081 1205 micantes.

193 1234 406 1272 Proximus
426 1232 520 1270 inde
545 1235 651 1271 ciens
671 1247 859 1273 numeros
876 1237 1116 1275 Marcentius
1136 1245 1275 1290 urget3

140 1303 327 1355 iussaque
347 1316 420 1353 per
438 1303 540 1340 latos
562 1301 786 1338 discurrunt
803 1305 964 1351 agmina
986 1316 1164 1355 campos.

139 1370 248 1408 illius
270 1377 310 1407 et
326 1371 460 1409 fulvos
482 1372 602 1408 cassis
621 1369 766 1419 premit
786 1381 905 1405 aurea
925 1371 1053 1408 crines

26 1436 109 1481 585
139 1451 229 1476 aere
246 1439 378 1490 rigens
398 1441 602 1491 cristisque
622 1437 775 1487 gravis,
805 1434 1029 1489 thoraxque
1050 1439 1277 1480 tremendos

139 1505 388 1557 suspendens
407 1506 597 1544 humeros
617 1506 794 1557 squamis
812 1504 1059 1555 fulgentibus
1079 1508 1218 1557 ambit,

139 1572 238 1611 dum
257 1576 416 1628 sonipes
437 1575 624 1627 gradibus
648 1574 850 1624 componit
871 1586 983 1610 crura
1005 1576 1201 1626 superbis.

137 1641 287 1680 lumbis
303 1644 384 1681 tela
403 1645 506 1695 gerit
524 1642 833 1695 pharetramque
854 1654 1069 1694 arcumque
1087 1651 1295 1683 sonantem

139 1709 310 1759 cinctus,
342 1718 382 1748 et
400 1718 556 1749 auratas
576 1711 751 1748 referens
770 1711 813 1746 iu
832 1709 940 1746 bella
961 1712 1149 1763 sagittas3

24 1774 109 1820 540
137 1778 330 1830 signaque
350 1779 528 1816 terrificis
546 1779 676 1816 munit
694 1777 841 1814 vallata
858 1777 1042 1816 tribunis.

137 1844 233 1884 hinc
252 1847 460 1885 Liberatus
483 1854 566 1884 erat
584 1847 706 1896 longa
725 1847 988 1896 praestantior
1007 1845 1136 1898 hasta,

134 1912 231 1952 hinc
249 1915 383 1953 Ulitan
401 1913 591 1967 pulcher,
621 1914 741 1952 variis
764 1912 942 1965 depictus
962 1916 1006 1952 in
1025 1919 1161 1968 armis,

134 1980 203 2021 hic
217 1984 360 2022 melior
374 1985 480 2036 pilo,
513 1996 631 2021 curvo
650 1995 724 2019 nec
743 1983 904 2033 segnior
924 1995 1033 2021 arcu.

135 2052 293 2090 flectere
313 2051 569 2104 cornipedem
589 2049 756 2102 placidis
776 2051 878 2088 bene
900 2050 1038 2090 doctus
1054 2051 1225 2092 habenis

23 2116 107 2162 545
133 2119 218 2158 ibat
235 2119 418 2158 Ifisdaias
431 2122 561 2172 gentis
578 2120 800 2172 praefectus
824 2126 863 2157 et
882 2126 1040 2168 auct0r3

134 2200 257 2242 quem
276 2188 360 2225 fera
379 2201 477 2239 gens
497 2190 693 2242 sequitur,
723 2194 817 2225 nato
840 2190 1052 2225 comitante
1068 2189 1260 2241 Bitipten.

133 2268 234 2308 gens
254 2268 466 2294 numerosa
487 2259 603 2305 viris,
634 2263 673 2294 et
693 2258 822 2308 gentis
844 2255 980 2294 vivida
998 2258 1146 2307 virtus3

131 2325 371 2378 ingenioque
394 2325 531 2363 valens
551 2326 681 2363 fuerat
700 2323 785 2363 dux
803 2326 889 2376 ipse
914 2324 1058 2375 fidelis,

132 2394 300 2431 militiae
321 2391 567 2446 ducibusque
590 2394 752 2445 placens
775 2406 1002 2447 magnoque
1025 2394 1235 2445 magistro.

23 2458 108 2501 550
134 2468 250 2500 natus
266 2468 306 2499 et
321 2462 493 2501 eximius
511 2464 680 2514 sumptis
698 2464 990 2514 praesumptior
1010 2453 1145 2512 armis,

135 2539 212 2567 nec
233 2530 408 2580 genitore
430 2533 582 2583 minor,
611 2531 752 2570 iaculis
774 2532 844 2585 qui
863 2533 1020 2571 vincere
1040 2538 1175 2584 posset

22 2646 94 2683 518
117 2657 216 2692 quam
230 2649 273 2684 M
391 2652 460 2689 524
481 2625 584 2700 idque
600 2654 688 2690 redit
704 2656 738 2690 Τ
862 2655 931 2692 525
954 2654 1147 2690 stominicth
1166 2654 1199 2688 T
1310 2652 1381 2688 530
1404 2651 1490 2685 den-

22 2704 90 2747 ne·
101 2693 149 2737 L,
173 2693 219 2730 de
232 2705 280 2731 se
285 2696 360 2732 ΜΤ
468 2701 536 2735 535
562 2712 646 2735 aere
658 2701 795 2747 rigens]
819 2702 955 2749 erigens
977 2703 1025 2746 Τ,
1047 2701 1165 2747 ingens
1179 2699 1223 2736 M
1325 2698 1402 2733 545*
1414 2697 1493 2732 ἰῶ·-

23 2739 130 2776 clam
147 2741 182 2776 Τ
316 2741 384 2780 ⁵46
405 2743 580 2792 bitimpten
593 2759 717 2794 margo
737 2750 776 2786 T.
