1702 3060
241 187 343 219 xnvl
730 170 1169 215 MAZZUCCHELLH

243 285 310 321 cui
345 281 410 320 vel
437 281 616 332 plurima
653 294 731 317 non
770 280 920 326 desint,
976 279 1041 318 vel
1075 293 1176 331 quae
1210 287 1444 331 supersunt,
1497 281 1555 318 ita
1590 283 1626 320 ε’

244 351 452 387 immutata
502 355 547 384 ut
588 349 669 384 sine
722 346 868 396 Oedipo
915 347 1121 384 coniectore
1164 347 1334 398 intelligi
1376 361 1454 386 non
1491 347 1606 387 valea

244 428 409 467 quorum
443 421 575 451 utrum
601 415 653 451 sit
677 415 806 466 magis
832 412 1068 460 dolendam,
1113 415 1180 451 vix
1210 415 1419 465 quisquam
1449 414 1609 466 digno-sc

244 488 373 533 queat.

353 547 453 583 Cum
472 553 602 583 autem
621 545 686 584 hic
705 544 753 584 de
771 548 872 584 notis
889 547 988 585 meis
1006 559 1132 585 sermo
1152 545 1352 595 inciderit,
1381 559 1518 585 vereor
1534 559 1584 584 ne
1603 561 1624 584 e

244 611 385 650 eruditi
417 614 490 664 eri
518 615 717 651 inveniant
743 615 831 665 plus
862 627 980 666 quam
999 627 1071 665 par
1089 619 1170 651 erat
1190 613 1287 650 locis
1307 614 1500 652 similibus
1517 615 1648 665 praeci

243 693 321 730 pue
341 693 392 716 ex
410 681 572 730 Virgilio
591 679 805 730 desumptis
827 688 1016 719 oneratas.
1074 678 1145 719 sed.
1171 693 1259 718 cum
1278 678 1445 721 viderim
1460 682 1642 731 Corippul
1680 719 1681 722 ,

243 747 477 785 imitatorem
496 748 648 796 Virgilii
666 747 814 782 Lucani
836 753 874 783 et
896 747 1100 785 Claudiani
1118 747 1259 794 fuisse,
1289 759 1424 785 omnes
1442 738 1684 800 100111101105ηι

244 826 294 850 110
315 812 443 848 dicam
461 813 591 848 omnia
608 813 689 849 fere
709 813 827 850 verba
844 813 1084 851 Iohannidos
1102 826 1191 850 cum
1208 814 1255 857 iis
1275 815 1493 853 auctoribus
1512 813 1685 882 contulist-

245 885 289 916 ut
321 879 491 915 securius
519 878 743 916 incederem
774 881 816 916 in
843 879 1070 930 corrigendo
1105 878 1384 931 purgandoque
1413 888 1526 918 textu
1554 857 1687 933 quem}¹

244 958 338 996 prae
361 946 541 983 manibus
571 944 779 983 habebam.
835 944 928 982 hinc
946 946 1094 982 factum
1116 951 1173 981 est
1193 951 1236 981 ut
1257 951 1339 982 tam
1358 946 1548 996 grandem
1565 961 1686 988 mes-2

247 1025 332 1050 sem
352 1009 574 1059 collegerim
590 1008 709 1058 inque
730 1013 841 1043 notas
861 1018 968 1043 meas
987 1013 1194 1049 referrem.⁴
1240 1012 1355 1056 plura
1373 1026 1414 1050 re
1431 1027 1524 1053 vera
1543 1015 1673 1063 reieci,

248 1091 348 1130 quae
365 1077 518 1114 inutilia
536 1072 700 1112 subinde
717 1071 817 1109 mihi
836 1074 919 1110 visa
938 1079 1049 1109 sunt:
1079 1071 1150 1109 sed
1169 1085 1248 1109 non
1266 1077 1378 1123 potui
1396 1093 1460 1114 ma,
1479 1082 1675 1121 continere

249 1146 345 1196 quin
376 1144 451 1180 alia
479 1142 592 1192 plura
619 1142 846 1188 retinerem,
883 1152 934 1176 ue
965 1145 1092 1176 totum
1118 1140 1295 1178 laborem
1322 1154 1456 1180 meum
1480 1144 1685 1190 1000550111

248 1213 354 1249 abire
379 1208 567 1247 viderem.
622 1208 724 1244 inter
749 1213 861 1243 notas
887 1206 1035 1243 criticas
1057 1205 1275 1245 adiicienda
1299 1221 1382 1246 esse
1405 1212 1537 1248 censui
1559 1213 1687 1254 etiam

246 1279 360 1328 plura
380 1289 478 1328 quae
497 1274 548 1312 ad
565 1273 768 1312 historiam
785 1275 991 1324 praecipue
1010 1273 1283 1312 illustrandam
1294 1304 1304 1323 ,
1337 1282 1375 1313 et
1393 1274 1445 1313 ad
1461 1277 1678 1321 faciliorem

246 1357 382 1382 eorum
411 1342 712 1391 intelligentiam
741 1352 839 1391 quae
865 1342 907 1377 in
934 1345 1114 1392 poemate
1136 1342 1339 1392 leguntur,
1370 1343 1543 1380 conferre
1562 1357 1677 1395 posse

246 1411 402 1462 putavi,
431 1422 481 1446 ne
513 1409 635 1445 lector
664 1419 761 1455 opus
787 1405 948 1443 haberet
969 1408 1169 1444 consulere
1190 1410 1316 1447 varios
1334 1410 1477 1458 libros,
1509 1422 1605 1462 quos
1626 1410 1690 1449 ad‘

245 1489 384 1515 manus
413 1475 593 1511 omnium
619 1473 743 1509 ferme
766 1485 846 1509 11011
873 1479 976 1510 sunt.
1031 1471 1176 1512 idcirco
1203 1476 1435 1528 plerumque
1463 1485 1678 1527 auctorum,

246 1556 343 1596 quos
363 1542 478 1579 citare
493 1542 656 1578 fortasse
674 1545 756 1576 erat
776 1540 909 1588 satius,
928 1541 1080 1590 integra
1098 1542 1184 1578 loca
1201 1543 1330 1580 retuli.
1365 1550 1519 1594 praeter
1533 1544 1678 1583 menda

246 1616 400 1657 textus,
432 1608 573 1658 quibus
591 1613 712 1644 scatet
732 1605 856 1643 codex
869 1635 880 1654 ,
911 1607 1029 1643 etlam
1053 1621 1188 1645 omnes
1208 1610 1357 1658 glossas
1373 1616 1412 1646 et
1427 1598 1697 1648 summatim-⁵

250 1676 356 1712 culas
369 1703 387 1722 2
411 1685 507 1725 quas
537 1674 580 1709 in
610 1674 717 1710 illius
736 1674 913 1723 margine
934 1676 1060 1724 reperi
1072 1703 1082 1722 ‚
1113 1681 1289 1710 accurate
1308 1676 1351 1711 in
1365 1670 1467 1712 >zetis
1485 1678 1585 1713 meis
1604 1666 1694 1714 ex?

247 1741 382 1789 hibui,
412 1753 463 1777 ne
491 1738 588 1791 quid
618 1738 857 1778 desideretur
883 1741 930 1777 ab
957 1741 1006 1778 iis
1035 1742 1103 1792 qui
1127 1741 1331 1789 ingenium
1357 1753 1472 1778 suum
1497 1755 1679 1780 exercere

249 1809 442 1847 voluerint
456 1809 498 1845 in
515 1805 623 1843 idem
641 1814 737 1856 opus
757 1813 794 1843 et
811 1808 854 1844 in
870 1820 1013 1845 novam
1037 1806 1139 1844 hanc
1156 1820 1327 1845 messem
1348 1814 1435 1858 post
1451 1820 1516 1845 me
1534 1809 1680 1848 falcem

249 1877 420 1914 mittere.
476 1872 614 1911 eadem
633 1874 750 1924 plane
773 1876 870 1912 ratio
893 1888 957 1911 me
983 1876 1106 1912 movit
1123 1882 1167 1912 ut
1186 1876 1304 1912 etiam
1326 1877 1431 1926 typis
1459 1876 1678 1914 committe-

250 1955 354 1990 rem,
386 1954 640 1994 quaecunque
665 1942 799 1979 inveni
826 1941 870 1977 in
894 1941 1017 1978 tribus
1049 1939 1238 1979 distinctis
1267 1939 1420 1979 schedis
1451 1944 1612 1994 repertis
1635 1945 1678 1980 in

252 2008 383 2047 codice
413 2010 674 2047 Trivultiano.
739 2021 793 2045 ex
819 2008 1032 2058 scripturae
1061 2010 1166 2045 enim
1197 2007 1374 2046 ductibus
1403 2009 1585 2057 existimo
1612 1996 1678 2048 eas

253 2082 432 2113 exaratas
448 2076 569 2114 fuisse
587 2077 635 2113 ab
655 2073 794 2113 eodem
811 2074 952 2113 codicis
970 2077 1227 2126 exscriptore,
1258 2088 1376 2127 quem
1392 2076 1515 2114 fuisse
1533 2075 1679 2114 Iohan-

253 2154 348 2179 nem
366 2141 610 2181 Ludovicum
626 2142 673 2180 de
691 2144 823 2190 Bonis,
850 2149 894 2179 ut
914 2155 1030 2193 supra
1049 2144 1172 2191 innui,
1197 2141 1371 2180 dubitare
1387 2155 1554 2196 nequeo.
1603 2157 1680 2193 pe-

254 2209 475 2246 riocharum
502 2211 661 2248 titulum
690 2211 769 2247 illis
794 2210 986 2260 imposui,
1025 2211 1117 2260 quia
1142 2211 1272 2262 aliquo
1299 2209 1417 2248 modo
1445 2208 1680 2261 respondent

253 2276 333 2313 illis
357 2277 577 2327 periochis,
614 2289 709 2329 quas
734 2278 883 2314 invenit
913 2283 950 2314 et
974 2274 1096 2314 edidit
1118 2278 1324 2327 Assagrius
1345 2278 1387 2314 in
1406 2290 1477 2315 suo
1498 2277 1680 2328 Corippo.

252 2349 406 2381 nostrae
432 2351 562 2382 autem
591 2351 680 2382 sunt
698 2344 815 2395 plane
834 2342 1030 2392 rudiores,
1060 2349 1098 2382 et
1125 2343 1267 2382 idcirco
1283 2357 1363 2382 11011
1381 2350 1470 2381 ante
1490 2356 1608 2394 opus,
1636 2349 1681 2380 ut

251 2410 344 2448 fecit
370 2412 458 2460 ille,
489 2411 559 2450 sed
589 2413 632 2448 in
664 2412 767 2448 calce
798 2412 889 2449 libri
916 2409 1144 2448 reficiendas
1168 2409 1288 2460 duxi,
1318 2423 1408 2449 cum
1425 2411 1562 2460 religio
1579 2407 1680 2447 mihi

252 2475 371 2514 fuerit
403 2491 466 2516 eas
495 2480 653 2517 omnino
679 2479 880 2516 omittere:
919 2491 1014 2515 nam
1040 2479 1082 2515 in
1112 2476 1255 2515 iisdem
1281 2479 1400 2515 etiam
1423 2477 1572 2529 aliquot
1590 2481 1680 2513 sunt

253 2544 391 2593 verba,
432 2557 531 2596 quae
560 2545 610 2583 ad
636 2547 875 2584 Iohannidos
902 2550 1042 2596 poema
1073 2551 1269 2596 spectant,
1310 2557 1488 2596 quaeque
1518 2543 1679 2579 alteram

254 2610 464 2662 aliquando
491 2613 699 2650 lectionem
723 2614 924 2664 praebent.
981 2618 1151 2650 ceterum
1176 2611 1441 2650 animadverto
1462 2623 1527 2647 me
1543 2622 1679 2649 serva-

255 2679 356 2716 visse
389 2678 531 2718 codicis
561 2678 899 2731 orthographiam,
929 2680 1151 2731 ubicunque
1180 2691 1268 2716 eam
1292 2679 1393 2716 tueri
1411 2678 1679 2729 potui'aucto—

257 2745 369 2783 ritate
391 2748 733 2797 grammaticorum
752 2748 869 2799 primi
887 2747 1071 2784 nominis.
