1702 3060
121 698 155 732 p-

182 687 225 722 14

256 111 314 156 12
722 111 805 154 FL.
837 111 1194 156 MEROBAUDIS

358 218 526 256 insessor
541 219 706 271 Libyes,
739 219 936 271 quamvis,
965 219 1147 259 fatalibus
1166 221 1284 260 armis
1513 237 1554 275 p.
1575 225 1666 267 184.

276 285 330 327 25
360 299 475 323 ausus
490 287 656 323 Elissaei
676 286 819 324 solium
836 286 1053 325 rescindere
1070 289 1193 338 regni,

356 352 514 388 milibus
532 353 683 391 Arctois
697 353 839 404 Tyrias
857 354 1103 404 conpleverat
1119 367 1238 402 arces,

357 430 459 453 nunc
475 416 629 456 hostem
644 427 784 458 exutus
801 422 923 471 pactis
941 421 1200 471 proprioribus
1218 420 1311 458 arsit

354 483 570 521 Romanam
587 487 733 524 vincire
752 486 890 535 fidem,
919 490 1126 539 Latiosque
1146 493 1326 538 parentes

355 547 609 588 adnumerare
629 553 703 590 sibi
714 583 725 601 ‚
754 555 976 606 sociamque
991 557 1165 592 intexere
1181 555 1347 605 prolem.

270 617 323 656 80
351 618 408 653 sic
426 619 636 668 tranquilla
654 626 768 669 togae
788 623 925 672 recipit
947 620 1040 658 dum
1058 622 1230 671 praemia
1249 619 1396 668 ductor,

355 691 610 735 pacatamque
628 686 734 723 iubet
753 687 870 724 lituos
883 688 1032 724 nescire
1052 687 1238 735 curulem,

353 751 438 800 ipsa
459 749 715 800 triumphales
734 751 890 791 habitus
911 754 1092 790 mirantia
1112 755 1259 804 passim

354 817 459 853 bella
480 816 621 854 dedere
640 818 784 855 locum.
842 818 1017 870 Scythici
1032 821 1138 856 iuvat
1158 832 1231 856 axe
1249 819 1407 874 sublacto

355 882 542 930 cardinis,
578 885 726 920 arcanis
746 885 909 921 lustrare
931 884 1130 922 securibus
1144 885 1296 922 urbem.

273 949 324 991 35
352 951 435 1000 ipse
454 957 564 1000 pater
582 952 756 998 Mavors,
786 952 889 988 Latii
910 951 1040 987 fatalis
1062 952 1183 1000 origo,

355 1017 455 1053 festa
475 1015 582 1053 duc1s
599 1017 694 1053 socii
712 1017 883 1054 trucibus
905 1030 985 1054 nou
998 1015 1151 1068 inpedit
1167 1017 1300 1054 armis.

354 1084 434 1120 tela
453 1081 516 1119 dei
534 1096 743 1135 currusque
759 1085 894 1132 silent3
922 1085 1110 1135 vacuique
1129 1083 1280 1133 iugales

354 1150 497 1200 pabula
515 1149 660 1186 Rifaeis
681 1157 858 1200 retegunt
875 1151 1048 1188 abstrusa
1066 1150 1231 1200 pruinis.

356 1223 531 1253 exarmat
551 1217 714 1253 Bellona
730 1230 879 1265 comas,
909 1218 1139 1268 galeamque
1156 1215 1357 1253 remittens
1380 1226 1393 1254 ·.

272 1281 325 1324 40
351 1285 580 1334 pulvereum
598 1285 736 1334 glauca
757 1285 903 1320 crinem
922 1284 1135 1334 praecingit
1157 1283 1272 1331 oliva,

351 1351 622 1400 cristatamque
643 1348 755 1387 docet
772 1351 877 1388 foliis
893 1362 1162 1388 mansuescere
1182 1349 1366 1386 frontem.

351 1415 453 1452 hanc
470 1423 527 1453 tot
548 1416 651 1452 bella
669 1416 741 1452 tibi
758 1417 952 1467 requiem,
980 1417 1174 1463 Romane,
1205 1414 1415 1454 dederunt:

349 1496 430 1534 pax
450 1484 565 1519 armis
585 1482 705 1518 accita
722 1483 844 1518 venit.
899 1482 1067 1519 Victoria
1089 1493 1242 1530 semper

350 1551 519 1588 ductoris
539 1549 685 1586 sociam
701 1548 821 1584 traxit
838 1547 1010 1598 praelata
1029 1547 1217 1583 curulem.

268 1615 319 1659 45
348 1625 435 1668 post
456 1617 585 1654 lauros
606 1613 754 1652 rediere
772 1621 908 1664 togae,
938 1613 1198 1664 meritumque
1218 1614 1339 1651 secuti

347 1685 424 1720 alta
440 1680 725 1732 triumphorum
743 1682 920 1730 relegunt
935 1680 1099 1730 vestigia
1115 1679 1256 1717 fasces.

349 1763 422 1787 nec
446 1755 589 1786 certare
609 1749 762 1786 valent:
790 1747 909 1784 vincit
929 1759 998 1784 sua
1016 1748 1190 1797 praemia
1209 1747 1343 1794 virtus,

346 1828 643 1866 successmnque
661 1815 770 1851 labor
787 1821 955 1864 superat.
1013 1826 1112 1864 quae
1127 1826 1288 1851 munera
1306 1811 1376 1850 fati

348 1889 433 1920 acta
450 1883 523 1919 viri
541 1894 703 1932 pensare
722 1887 865 1933 queant
873 1879 893 1917 ‘2
922 1893 972 1917 an
991 1881 1150 1918 nomina
1169 1891 1255 1916 rara

785 2014 804 2034 0
940 2013 959 2032 1
1096 2013 1116 2032 t
1562 2011 1585 2070 ΙΙ

240 2158 302 2192 iam
315 2159 386 2192 tum
401 2156 591 2191 Geisericus
607 2156 674 2191 filio
689 2167 748 2190 suo
763 2155 928 2190 Hunerico
943 2155 1155 2200 expetiverit;
1179 2156 1231 2190 cui
1256 2159 1336 2201 post
1345 2156 1470 2201 aliquot
1482 2166 1586 2192 annos
1599 2156 1661 2192 in«

239 2203 321 2236 felix
337 2203 469 2247 captiva
483 2214 543 2247 pro
560 2202 637 2236 belli
652 2201 776 2246 praeda
791 2201 903 2235 cessit.
922 2220 967 2228 -—
989 2201 1032 2235 ad
1047 2213 1080 2235 v.
1095 2202 1149 2236 50.
1173 2203 1290 2236 Partes
1314 2199 1484 2245 carminis,
1506 2213 1608 2247 quas,
1631 2215 1653 2238 a

240 2249 284 2282 50
300 2258 404 2292 usque
418 2248 459 2282 ad
477 2248 540 2282 143
554 2258 682 2281 versum
699 2249 899 2285 numeratas,
922 2246 1028 2280 media
1046 2246 1086 2280 iis
1102 2247 1288 2291 ⁸interposui
1303 2247 1432 2292 quaein
1447 2259 1488 2281 eo
1502 2248 1653 2283 foliorum

239 2293 313 2338 pari
329 2298 461 2326 exstant
476 2292 564 2336 quod
580 2303 666 2326 nunc
680 2292 713 2325 in
728 2291 841 2325 codice
854 2291 990 2335 paginas
1003 2290 1068 2326 194
1075 2302 1107 2334 a,
1117 2293 1150 2333 b,
1168 2293 1243 2335 183,
1262 2293 1330 2327 184
1341 2292 1489 2336 exhibet,
1508 2292 1551 2326 ad
1566 2293 1652 2327 idem

236 2338 473 2383 panegyricum
496 2348 626 2371 carmen
640 2336 806 2382 pertinere
821 2336 992 2370 manifesto
1007 2342 1160 2381 apparet:
1184 2338 1275 2371 locus
1289 2348 1384 2382 quem
1397 2337 1436 2370 iis
1451 2334 1615 2381 assignavi
1630 2348 1652 2371 a

240 2383 425 2416 coniectura
446 2383 579 2428 pendet.
624 2392 697 2415 nam
721 2392 793 2415 cum
807 2381 931 2415 reiecto
947 2381 1052 2414 altero
1067 2382 1139 2426 pari
1151 2382 1187 2416 in
1202 2382 1297 2415 alium
1311 2382 1555 2426 quaternionem
1566 2407 1578 2425 ‚
1598 2382 1653 2425 ni-

240 2428 299 2462 mis
319 2428 419 2472 longe
443 2429 485 2461 ab
508 2427 600 2461 initio
622 2427 783 2460 distarent
805 2437 890 2470 quae
904 2437 979 2460 mox
993 2431 1068 2471 post
1082 2427 1317 2471 praefationem
1331 2427 1438 2461 locum
1450 2427 1575 2462 habere
1589 2427 1652 2461 de-

234 2473 333 2515 bent,
350 2474 398 2507 sic
413 2471 567 2506 coniicio=
588 2472 725 2506 alterum
741 2482 800 2516 par
815 2477 995 2505 extremum
1010 2471 1234 2515 quaternionis
1246 2471 1349 2505 fuisse
1363 2474 1537 2516 (numerus
1553 2470 1650 2514 enim,

234 2517 373 2552 rescissa
393 2518 456 2552 ima
480 2528 558 2556 ora.
583 2521 716 2551 exstare
730 2516 887 2561 nequit),
919 2516 1058 2549 alterum
1070 2516 1104 2549 in
1120 2517 1233 2551 eodem
1248 2516 1400 2557 tertium3
1421 2516 1468 2550 ita
1482 2521 1517 2550 et
1529 2527 1649 2550 secun-

233 2563 309 2596 dum
329 2566 364 2596 et
385 2562 523 2597 medium
540 2561 758 2596 intercidisse.
781 2581 824 2588 —
847 2561 1056 2596 Narraverat
1075 2564 1193 2606 poeta,
1212 2562 1350 2605 vulgata
1364 2561 1517 2603 fictione,
1537 2558 1648 2596 divam

233 2608 374 2652 aliquam
391 2609 555 2642 Romanae
569 2607 618 2641 rei
632 2606 782 2652 publicae
797 2606 955 2640 infensam
974 2607 1113 2650 (divam
1126 2612 1294 2642 nocentem
1311 2607 1422 2650 v.,69)
1444 2617 1560 2652 pacem
1573 2610 1648 2640 tur-

231 2653 330 2687 basse
354 2664 439 2698 quae
460 2654 572 2687 orbem
595 2656 755 2687 terrarum
771 2651 961 2685 obtinuerit.
1002 2650 1068 2685 iam
1082 2663 1164 2686 vero
1179 2652 1222 2686 de
1235 2663 1316 2697 pace
1329 2662 1472 2693 amosa,
1495 2662 1649 2698 praeser-

233 2698 292 2733 tim
312 2698 374 2734 illis
395 2698 616 2746 temporibus,
637 2698 743 2733 verba
765 2696 839 2732 fieri
863 2706 997 2743 prorsus
1020 2696 1133 2732 mirum
1158 2697 1303 2734 videtur.
1324 2717 1370 2726 —
1391 2697 1421 2731 A
1433 2696 1537 2743 prima
1548 2706 1646 2731 manu
