1650 3054
213 634 367 680 VIRIS
409 631 751 676 CLARISSIMIS
784 630 859 673 ET
893 629 1404 673 REVERENDISSIMIS

608 742 654 788 D
693 740 740 788 Ο
778 741 834 788 Μ
867 741 915 788 N
952 738 999 788 Ο

76 854 397 914 ΙΟΗΑΝΝΙ
450 851 983 912 NEPOMUCENO
1037 852 1544 910 HAUNTINGER

134 946 368 982 SUPREMO
397 942 761 979 BIBLIOTHECAE
794 941 1160 976 SANGALLENSIS
1189 942 1498 988 PRAEFECTO,

764 1049 850 1081 ET

616 1150 662 1197 D
701 1147 749 1196 O
786 1149 843 1196 M
876 1149 924 1197 N
961 1147 1008 1197 Ο

290 1258 890 1320 ILDEPHONSO
953 1259 1068 1317 AB
1130 1262 1332 1319 ARX

554 1351 781 1387 REGENTI
815 1350 1069 1386 SEMINARII

435 1443 966 1495 NIEBUHRIUS
1023 1443 1071 1492 S.
1125 1445 1187 1490 D.

74 1701 199 1769 Petii
229 1738 252 1762 a
277 1725 415 1775 vobis,
445 1726 521 1764 viri
553 1727 782 1775 clarissimi,
813 1733 859 1762 ut
885 1724 986 1762 mihi
1007 1726 1143 1763 liceret
1162 1727 1390 1765 nominibus
1407 1729 1549 1765 vestris

74 1796 263 1846 inscripta
281 1793 411 1842 edere,
444 1805 546 1846 quae
567 1796 610 1832 in
627 1793 882 1842 bibliotheca,
915 1807 1036 1846 quam
1056 1797 1111 1833 ita
1132 1794 1336 1833 custoditis
1355 1802 1411 1845 ut,
1446 1810 1549 1848 quo-

76 1865 150 1900 ties
178 1863 226 1900 ab
255 1861 418 1899 eruditis
439 1862 590 1900 fructus
612 1864 755 1916 aliquis
778 1865 944 1914 insignis
966 1863 1059 1901 inde
1080 1866 1342 1915 percipiatur,
1373 1863 1417 1901 id
1435 1865 1547 1902 vobis

77 1932 347 1983 gratissimusn
374 1931 554 1979 eveniat,
586 1933 699 1970 vobis
732 1931 999 1969 iudicantibus
1027 1933 1108 1984 legi
1140 1935 1436 1986 exscripsique:
1467 1947 1547 1971 non

77 1997 184 2052 quod
202 2001 427 2050 ignorarem
447 2012 569 2051 quam
589 2001 667 2037 siut
688 2002 764 2037 ista
784 2002 928 2051 exigua
942 2030 952 2048 ‚
982 2007 1123 2038 ornatu
1142 2015 1300 2053 quoque
1314 2032 1323 2050 ‚
1356 2015 1479 2054 quem
1501 2002 1548 2038 ab

76 2074 256 2105 accurata
279 2069 609 2106 commentatione
630 2070 806 2119 accipere
827 2076 1000 2119 possent,
1023 2070 1180 2107 orbata:
1213 2069 1283 2107 sed
1305 2073 1406 2121 grati
1426 2071 1549 2106 animi

75 2135 410 2192 testificationem,
442 2138 732 2188 singularisque
751 2137 1022 2174 observantiae
1043 2140 1188 2189 pignus
1201 2169 1210 2187 ,
1244 2152 1322 2191 qua
1340 2139 1453 2176 vobis
1475 2139 1548 2176 ob-

76 2205 231 2241 strictus
263 2216 374 2254 sum,
404 2205 562 2255 publice
597 2212 751 2242 exstare
790 2206 1012 2256 cupiebam.
1071 2208 1204 2259 itaque
1226 2221 1296 2258 pro
1319 2220 1365 2244 eo
1387 2220 1548 2259 quoque

75 2272 187 2310 vobis
218 2273 365 2323 gratias
393 2285 468 2323 ago
498 2272 606 2325 quod
634 2272 712 2311 hoc
743 2287 766 2310 a
796 2274 908 2311 vobis
940 2275 1145 2326 impetrari
1186 2277 1346 2314 sivistis.
1405 2276 1548 2323 valete,

76 2342 151 2379 viri
171 2341 400 2389 clarissimi,
433 2342 628 2394 amicique
652 2340 891 2379 discedentis
913 2349 1038 2380 estote
1055 2357 1268 2383 memores.

188 2409 314 2447 Scrib.
338 2410 542 2460 Sangalli,
573 2424 634 2462 pr.
655 2409 714 2448 Id.
736 2410 858 2447 Iulias
881 2412 1005 2452 1823.
