1702 3060
386 71 390 77 ’
408 89 485 131 DE
518 86 790 131 LAUDIBUS
823 86 1045 130 lusum.
1353 82 1450 133 349

54 198 332 261 ffluadrigae,
364 212 515 248 carcer,
546 212 624 251 quo
652 197 887 246 tendebant,
918 204 1026 235 meta
1051 194 1272 246 dicebatur3
1302 194 1352 234 de
1375 209 1452 248 qua

60 256 174 312 >pleni
194 263 286 295 sunt
307 257 423 305 libri,
456 257 526 308 qui
547 257 813 294 consulantur.
869 256 1056 292 Dssms'r.

58 331 89 365 §⁵
117 315 212 355 332.
270 326 323 350 ex
339 314 447 363 Virg.
466 314 566 350 Aen.
583 314 609 355 5
640 312 732 352 154.
788 319 900 350 notes
933 318 1065 348 autem
1093 310 1214 349 velim
1241 310 1456 361 Corippum

39 365 133 421 otas
149 368 279 407 dicere
300 382 426 421 aequo
446 371 549 406 inter
567 382 608 406 se
631 367 855 406 discrimine
878 367 1088 415 distantes,
1126 369 1219 418 quia
1238 365 1456 404 secundum

45 425 203 469 undam
222 424 542 464 architectonicas
560 427 731 462 rationes
747 423 850 461 illud
869 424 1134 470 statuebatur,
1165 437 1216 460 ne
1236 423 1457 462 tumultuo—

45 496 78 521 ts
104 483 215 521 fieret
241 495 430 536 equorum
458 495 590 519 cursus
611 483 645 519 si
662 482 820 518 brevius
848 481 972 528 foret,
1005 487 1042 517 et
1065 482 1098 517 si
1123 479 1280 530 longius
1297 493 1347 516 ne
1365 481 1458 531 equi

43 541 180 581 [mium
205 537 538 590 defatigarentur,
570 545 608 574 et
635 551 686 575 ne
716 538 849 589 aliqua
876 539 919 574 in
946 544 1057 587 parte
1089 537 1190 574 Circi
1221 542 1458 586 spectatores

43 595 135 641 aulis
165 597 278 648 sequi
303 596 512 647 nequirent
540 596 718 645 aurigas,
750 594 893 646 quibus
924 592 1054 632 studia
1073 594 1116 630 in
1136 594 1327 631 contraria
1348 593 1459 629 scissi

42 651 205 694 avebant.
262 653 390 689 Focc.

121 707 217 750 334.
273 709 461 747 libentius
491 709 667 760 referunt
695 720 816 760 quam
844 707 1013 759 referam
1041 708 1083 744 in
1112 704 1189 744 hoc
1209 719 1326 744 versu
1346 706 1459 755 lege-

39 776 109 806 em.
166 771 339 802 ceterum
368 768 519 816 primus
548 767 730 802 inventor
759 763 1060 816 quadrigarum,
1092 765 1202 800 cuius
1220 775 1365 800 nomen
1388 761 1460 798 de-

38 828 92 869 st,
118 821 298 859 Ciceroni
317 822 388 859 lib.
407 826 432 864 3
453 821 501 859 de
520 828 659 859 natura
676 820 840 858 deorum
859 823 1036 858 Minerva
1054 818 1211 858 videtur
1231 833 1315 857 esse
1328 848 1338 867 ,
1368 819 1459 856 Vir-

37 877 107 916 ilio
126 879 154 919 3
174 879 331 928 Georg.,
360 891 515 916 necnon
534 886 571 915 et
585 879 727 925 Plinio,
756 875 1050 924 Erichthonius,
1080 876 1252 913 Eusebio
1272 877 1314 912 in
1333 872 1459 912 Chro-

41 935 100 972 ὶοο
116 934 302 984 Arogilus
321 939 388 969 aut
406 935 635 984 Proclytus:
660 945 755 968 nam
771 941 939 982 utroque
957 932 1076 968 modo
1097 933 1242 980 legitur
1258 933 1300 967 in
1321 944 1460 967 exem-

41 989 188 1028 laribus
209 1002 294 1038 ms,
324 995 368 1025 ut
387 991 430 1026 in
450 989 538 1026 aliis
558 987 698 1025 Isidori
721 989 840 1024 etiam
863 986 1046 1024 Chronici
1066 987 1278 1037 Procyclus
1302 994 1339 1023 et
1360 988 1462 1023 Pro-

37 1046 152 1084 iolus.
210 1047 307 1097 quin
334 1051 373 1082 et
398 1046 579 1082 Ravisius
606 1045 643 1081 T
648 1050 761 1081 extor
779 1045 821 1080 in
841 1043 1006 1082 Officina
1027 1056 1097 1080 sua
1117 1043 1343 1093 Tregillum
1367 1043 1463 1079 facit

38 1102 260 1140 tnominat.
309 1107 416 1139 tanta
438 1103 575 1153 utique
599 1108 657 1138 est
675 1102 794 1138 unius
816 1102 989 1138 nominis
1012 1101 1180 1138 varietas
1203 1100 1252 1138 ob
1275 1101 1464 1151 ignoran-

28 1160 111 1197 ,iam
128 1158 482 1196 somnolentiamve
501 1159 766 1195 librariorum.
823 1159 945 1195 Rmz.

123 1213 178 1252 ib.
237 1214 429 1267 reseram]
469 1215 612 1252 lacuna
641 1213 706 1252 hic
736 1221 819 1251 erat
848 1214 1042 1252 asteriscis
1068 1220 1216 1252 notata.
1285 1214 1467 1264 supplevi

19 1272 94 1309 ic:
129 1271 377 1322 Cecropidem
394 1271 577 1323 referam.
626 1273 723 1309 ratio
744 1272 953 1308 manifesta
972 1278 1053 1308 est:
1083 1283 1178 1307 nam
1199 1271 1367 1320 Cecrops
1383 1271 1468 1320 pri-

24 1341 102 1366 :nus
133 1325 438 1366 Atheniensium
470 1342 564 1376 rex,
597 1329 659 1365 cui
689 1329 862 1365 cranaus
895 1328 1102 1375 successit,
1134 1328 1203 1379 qui
1227 1327 1274 1363 ab
1296 1325 1470 1377 Amphi-

21 1391 155 1436 ‘2tyone
191 1397 313 1435 regno
352 1386 394 1423 vi
428 1386 645 1436 expulsus3
697 1392 858 1437 quartus
892 1383 1034 1422 deinde
1070 1397 1143 1420 rex
1172 1381 1469 1420 Erichthonius.

17 1443 184 1478 ·?ausan.
210 1442 330 1478 Attio.
387 1440 454 1478 hic
482 1442 656 1479 Vulcano
688 1448 726 1478 et
752 1442 930 1478 Minerva
958 1442 1138 1492 genitus,
1170 1454 1242 1478 seu
1270 1441 1400 1477 verius
1426 1440 1471 1476 in

34 1509 160 1534 erram
179 1496 303 1535 effuso
324 1510 347 1534 a
366 1499 542 1536 Vulcano
563 1500 728 1535 semine.
772 1497 983 1549 Euripides
1005 1500 1112 1537 Ione.
1157 1497 1333 1534 Iulianus
1357 1497 1470 1547 prin·-

20 1565 130 1604 ceps:
161 1549 289 1605 μήτηρ
315 1549 439 1604 νόσφι
465 1550 613 1603 τόκων,
642 1551 784 1605 νύμφη
804 1550 928 1603 νόσφι
945 1554 1097 1606 γάμων.
1156 1552 1343 1590 educatus
1367 1553 1470 1590 clam

27 1623 40 1646 1
64 1610 242 1647 Minerva
267 1612 310 1646 in
338 1612 434 1647 cista
463 1610 585 1660 pedes
612 1609 752 1647 habuit
777 1612 1043 1660 serpentinos,
1073 1616 1117 1646 ut
1136 1611 1269 1647 retulit
1285 1610 1470 1661 Hyginus

14 1667 174 1704 Astron.
191 1669 298 1717 poet.
317 1667 361 1702 in
380 1666 563 1718 Azcriga5
593 1674 637 1703 ut
662 1679 744 1703 non
774 1674 912 1717 putem
940 1668 1045 1704 male
1066 1667 1147 1717 legi
1169 1665 1234 1704 hic
1252 1679 1369 1717 posse
1391 1681 1470 1703 an-

24 1722 226 1774 guipedem
246 1721 433 1773 referam,
463 1730 507 1760 ut
529 1724 657 1774 prima
673 1723 791 1760 lectio
808 1724 941 1774 legem
958 1724 1081 1762 fuisse
1101 1724 1314 1774 significet,
1345 1723 1468 1761 altera

22 1777 259 1816 educationis
285 1778 506 1820 admoueat.
563 1781 632 1817 ille
659 1793 752 1817 vero
779 1780 838 1817 ad
852 1781 1003 1830 pedum
1024 1781 1310 1831 deformitatem
1329 1780 1469 1817 relan-

22 1835 114 1873 dam
134 1836 293 1886 primus
314 1836 554 1887 quadrigam
580 1838 743 1873 invenit.
803 1837 908 1874 Plin.
936 1841 962 1878 7
992 1838 1069 1885 56,
1107 1844 1145 1874 et
1172 1851 1224 1874 ex
1251 1850 1296 1874 eo
1326 1836 1467 1875 Isidor.

10 1892 72 1935 Χ18
101 1891 168 1941 34,
197 1893 336 1942 virgil.
356 1893 499 1944 Georg.
521 1896 569 1934 3:
596 1895 752 1944 primus
770 1893 1054 1930 Erichthonius
1072 1908 1212 1931 currus
1229 1901 1267 1930 et
1283 1901 1470 1945 quattuor

14 1958 140 1985 meus
170 1948 333 2000 iungere
366 1962 496 2000 equos.
538 1951 724 1988 Dssmrs‘r.
796 1951 939 1987 lacuna
969 1952 1024 1988 sic
1054 1953 1201 2002 optime
1235 1952 1466 2002 expleatur:

9 2003 118 2056 quid
137 2004 306 2055 reseram
337 2005 593 2043 Oenomaum.
653 2020 750 2044 nam
780 2007 1018 2057 Cecropiden
1046 2009 1166 2045 nimis
1198 2008 1382 2058 generale
1412 2014 1472 2045 est

13 2065 62 2101 et
75 2059 234 2112 longius
249 2063 430 2112 petitum,
462 2062 570 2115 quod
586 2064 737 2114 placuit
757 2063 1023 2102 eruditissimo
1040 2065 1289 2115 Dempstero.
1343 2064 1472 2101 Oeno-

0 2169 1 2173 Ἰ
22 2119 157 2154 maum
186 2117 348 2169 quidem
374 2120 500 2157 voluit
529 2126 566 2157 et
596 2121 833 2158 Savaronius
848 2150 858 2169 ,
888 2122 950 2157 vir
981 2122 1023 2157 in
1048 2121 1194 2158 talibus
1218 2120 1472 2171 scriptoribus

0 2172 214 2226 {splurimae
234 2174 436 2224 lectionis3
467 2175 538 2213 sed
554 2173 598 2216 τό
619 2178 721 2228 quid
742 2179 862 2214 etiam
882 2179 1150 2214 necessarium
1176 2183 1255 2214 est:
1285 2189 1380 2214 nam
1404 2189 1473 2213 cur

6 2229 151 2269 *uinus
179 2230 365 2282 ambages
389 2239 540 2280 nectat,
573 2246 731 2271 causam
756 2247 904 2284 ponere
930 2234 1121 2284 Corippus
1139 2233 1277 2271 voluit.
1344 2233 1472 2270 Oeno-

2 2286 283 2381 ¹¹¹⁴napi-aeter
308 2289 405 2326 alios
432 2290 581 2327 mentio
613 2297 687 2327 est·
703 2289 808 2341 apud
831 2292 1017 2328 Nonnum
1044 2291 1118 2339 19,
1147 2292 1201 2332 20
1232 2295 1270 2326 et
1293 2292 1346 2331 37
1377 2288 1473 2331 344·

112 2355 183 2382 1⁸11.

32 2415 52 2434 a
87 2439 90 2443 Δ
133 2399 188 2438 ib.
245 2402 434 2453 reseram]
465 2403 521 2440 sic
537 2409 673 2440 trunce
691 2402 832 2442 editur.
891 2405 1080 2456 Scaliger,
1106 2411 1151 2442 ut
1170 2403 1383 2455 suppleret,
1413 2403 1475 2440 le-

25 2454 355 2515 git-Orsilochum
373 2459 562 2510 referam,
590 2461 846 2512 Dempsterus
868 2461 1130 2512 Cecropidem.
1178 2468 1366 2498 neutrum
1380 2472 1474 2510 pro-

7 2510 93 2550 2but
107 2514 175 2556 *vir
192 2512 330 2554 doctus
356 2514 408 2553 ad
427 2517 625 2554 Marmora
650 2519 864 2556 Oxoniens.
885 2532 926 2570 p.
951 2521 1051 2567 167,
1083 2524 1122 2556 et
1146 2518 1298 2556 mavult
1319 2517 1474 2554 Henio-

29 2565 147 2606 chum
162 2570 344 2621 reseram.
404 2572 552 2611 Savaro
580 2573 824 2612 Oenomaum
841 2574 908 2613 hic
926 2577 1078 2613 invenit
1098 2577 1141 2612 in
1160 2582 1242 2613 not.
1264 2573 1316 2611 ad
1333 2571 1471 2611 Sidon.

24 2635 149 2678 *ffirm-
173 2628 227 2668 28
254 2640 296 2678 p.
326 2630 428 2677 198,
470 2630 659 2681 probante
689 2633 894 2670 Perizonio
929 2631 981 2669 ad
1008 2633 1166 2670 Aelian.
1195 2633 1287 2669 Var.
1317 2631 1418 2666 Hist.
1447 2629 1472 2666 3

31 2691 66 2739 9-
85 2682 139 2721 38
156 2681 198 2718 ill
213 2681 280 2723 fin.
335 2685 492 2723 nullum
509 2699 580 2737 ego
601 2686 765 2737 definio,
795 2702 869 2726 nec
885 2701 1068 2740 possum:
1097 2688 1230 2725 nescio
1254 2687 1361 2722 enim
1378 2679 1475 2734 quid

24 2736 227 2788 *scripserit
243 2746 403 2778 auctor.
431 2743 605 2781 Voncx..
648 2745 834 2783 lacunam
862 2746 1046 2797 supplevi
1080 2743 1291 2782 adficiens:
1322 2738 1477 2778 Henio-
