1702 3060
481 83 832 131 IOHANNIDOS
865 85 971 130 LIB.
1003 86 1084 131 lv.
1443 87 1512 134 99

164 191 229 234 his
247 194 419 234 celerem
441 196 647 234 coniunxit
666 197 753 235 Ilan
766 226 777 245 ,
809 203 1002 250 contoque
1022 196 1236 250 superbum
1277 204 1280 206 “

43 260 136 306 v940
163 263 369 301 Conunian
389 264 534 303 mediis
553 265 700 303 feriens
720 262 860 302 effudit
879 266 1024 303 arenis.

220 331 466 382 Signiferum
486 334 663 371 vocitans
682 333 860 372 vitulum
880 333 1111 371 Recinarius
1128 331 1273 371 ardens

162 400 355 451 compulit
373 401 416 438 in
436 399 591 438 medios
612 401 771 451 signum
792 401 1037 437 committere
1057 401 1232 438 Mauros.

161 467 248 519 ipse
268 468 407 506 volans
425 469 572 520 pariter
592 466 734 505 densos
752 467 897 504 virtute
917 480 991 518 per
1004 465 1140 505 hostes

162 533 284 572 effera
303 542 428 573 castra
446 536 558 588 petit.
615 536 795 587 sequitur
813 541 909 571 tunc
927 540 1054 572 cetera
1071 534 1213 587 pubes,

35 599 133 644 φ945
161 600 458 656 defenduntque
477 604 581 652 vias,
611 610 651 641 et
673 603 800 641 fossas
819 615 1004 654 rumpere
1023 609 1192 640 tentant.

161 671 252 722 quis
272 668 386 708 dolor
403 671 472 708 ille
492 671 592 720 fuit,
625 684 704 723 quo
729 672 787 709 sic
806 672 1038 709 Recinarius
1058 670 1202 709 ardens

158 738 242 776 ibat
259 739 302 775 in
321 736 507 788 hostiles,
532 745 786 791 prosternens
802 740 962 790 agmina
975 767 986 788 ,
1015 746 1185 787 montes,

159 818 342 857 rumpere
360 814 485 844 castra
501 805 674 858 parans?
729 820 810 844 non
833 808 892 845 sic
908 808 1054 845 virtute
1069 806 1300 845 tremendus

159 872 320 912 Alcides
337 875 506 912 miserae
523 875 696 913 turbavit
713 875 871 913 moenia
893 875 1053 924 Troiae,

45 939 132 983 950
159 940 519 980 Laomedontiadas
537 943 690 993 agitans
708 955 923 994 regemque
942 941 1210 981 tremendum.

158 1011 410 1062 persequitur
426 1016 652 1062 mactatque
672 1010 793 1048 viros.
849 1008 944 1048 hinc
963 1009 1084 1048 caede
1102 1011 1269 1049 furentis}

157 1078 308 1115 missile
329 1076 426 1115 dura
443 1078 535 1115 ferit
554 1084 815 1130 contorquens
835 1084 993 1129 pectora
1009 1080 1148 1118 Lanzi.

157 1151 252 1183 tunc
268 1158 455 1183 mucrone
474 1152 591 1196 caput
605 1151 732 1183 terrae
750 1144 933 1184 deturbat
953 1147 1085 1185 acerbi

155 1213 369 1263 Masguen,
399 1219 438 1251 et
458 1211 586 1264 rigida
603 1215 784 1251 Nacusan
801 1214 893 1251 ferit
910 1216 1065 1253 eminus
1083 1213 1214 1254 hasta.

42 1278 127 1323 955
154 1281 424 1319 Macurasenis
445 1295 593 1334 equum
614 1280 750 1319 media
771 1285 983 1334 prostravit
1005 1296 1139 1333 arena,

126 1361 129 1363 ·
154 1349 318 1387 vulnere
339 1350 565 1388 confossum
582 1348 738 1399 valido3
770 1348 1056 1403 dominumque
1077 1357 1258 1388 ruentem

154 1415 326 1468 desuper
341 1418 426 1469 ipse
445 1419 604 1470 premit.
664 1418 790 1469 ruptis
807 1417 1036 1470 praecordia
1055 1420 1167 1458 venis

153 1497 395 1536 purpuream
414 1484 586 1522 fundunt
606 1486 795 1523 animam.
851 1492 946 1523 tunc
964 1487 1135 1524 calcibus
1151 1488 1280 1538 ipsam

154 1551 287 1590 tundit
304 1550 473 1590 humum
488 1554 683 1603 moriens,
710 1552 934 1606 herbasque
955 1560 994 1592 et
1014 1555 1194 1606 gramina
1211 1562 1385 1608 quassat.

39 1622 127 1664 960
211 1620 410 1659 Hisbulun
431 1627 475 1658 ut
493 1621 605 1658 fortis
623 1620 766 1674 densos
784 1623 983 1660 invaserat
1000 1620 1149 1671 hostes,

154 1688 190 1727 is
205 1695 352 1726 mactat
371 1689 530 1737 Cullen,
558 1696 932 1742 concurrentemque
949 1692 1150 1741 Iutmlgun

151 1758 291 1795 sternit
309 1755 438 1795 humi.
495 1756 647 1806 iugulat
663 1770 845 1810 pressum
861 1771 1050 1796 mucrone
1067 1760 1267 1807 Meurren,

151 1825 286 1863 Laltin
307 1837 410 1877 equo
430 1822 574 1862 deiecit
591 1837 736 1876 agens,
764 1826 988 1878 fortemque
1008 1826 1199 1878 Sinisgun

150 1893 448 1945 Varinnumque
469 1892 581 1941 ferit,
611 1905 732 1945 quem
746 1892 927 1931 nondum
944 1894 1027 1932 fata
1051 1893 1276 1932 trahebant.

37 1960 122 2004 965
148 1962 325 2013 tegmina
345 1959 478 1998 divisit
495 1959 672 2011 gladius,
701 1961 956 2014 palmamque
978 1962 1179 1999 sinistram

149 2030 335 2080 contigit,
366 2035 406 2066 et
426 2041 602 2067 summos
624 2028 773 2081 dirupit
790 2030 952 2067 verbere
974 2042 1133 2066 nervos.

149 2097 278 2136 victus
298 2103 338 2135 at
357 2097 426 2135 ille
446 2097 571 2148 fugit,
605 2104 794 2148 pereunte
819 2111 892 2149 per
911 2098 1072 2148 agmina
1091 2110 1244 2148 parma,

147 2165 282 2204 saucia
304 2163 400 2202 dum
420 2163 553 2216 digitis
573 2163 770 2216 dependet
785 2166 899 2203 laeva
919 2165 1104 2212 cruentis,

149 2233 421 2285 currentisque
442 2245 556 2270 cruor
571 2231 755 2270 madidus
774 2233 940 2284 vestigia
960 2234 1103 2284 pingit.

34 2300 122 2341 970
147 2299 343 2338 Geisirioh
362 2299 567 2339 ardentem
586 2300 762 2338 Milicum
782 2302 1010 2352 campisque
1029 2301 1227 2338 furentem

149 2366 304 2417 deiicit,
334 2367 622 2420 adversumque
641 2368 732 2405 serit
749 2382 821 2419 per
835 2375 995 2419 pectora
1016 2369 1224 2407 Ceucrum.

151 2436 358 2487 pinnatum
377 2437 541 2475 Antifan
561 2437 719 2474 Dorotis
739 2435 931 2474 arundine
948 2436 1050 2475 fixit.

36 2534 105 2570 947
128 2533 243 2569 hostes
266 2535 314 2580 T,
336 2548 444 2581 quare
459 2535 500 2570 M
506 2548 515 2570 ε
554 2539 773 2581 prosternens
786 2535 894 2570 media
909 2536 1061 2580 agmina,
1084 2536 1197 2571 muris.
1336 2535 1403 2569 950
1429 2545 1487 2566 ve-

38 2578 206 2614 rendum?
323 2582 390 2617 951
415 2583 469 2616 hic
484 2583 579 2626 apud
595 2582 637 2616 M
746 2583 814 2616 955
836 2589 1027 2627 prostratur
1044 2583 1077 2616 Τ
1186 2583 1256 2617 960
1275 2580 1329 2615 hic
1345 2579 1488 2613 subulun

38 2626 95 2659 vel
109 2624 261 2659 albulum
279 2627 312 2659 T
419 2628 487 2663 962
510 2639 664 2662 mentren
685 2629 718 2661 Τ
821 2629 889 2664 964
910 2629 1080 2662 varrinum
1098 2629 1148 2661 Τπ
1174 2629 1219 2664 cf.
1235 2630 1257 2664 6
1273 2628 1340 2662 462
1357 2632 1392 2658 et
1406 2625 1486 2658 470.

37 2671 108 2706 968
130 2670 312 2705 sauciatum
329 2674 422 2717 apud
436 2674 493 2718 M,
516 2679 550 2708 et
565 2686 639 2710 mot
654 2673 826 2720 dependit.
938 2676 1005 2712 971
1030 2674 1155 2710 deiecit
1175 2675 1208 2710 Τ
1323 2673 1390 2707 972
1413 2670 1488 2715 p'm·

39 2722 122 2750 nata
135 2716 174 2751 M
185 2728 196 2750 ι
219 2716 264 2752 cf.
278 2718 347 2752 908
361 2723 396 2754 et
411 2720 434 2754 6
450 2720 529 2756 419.
