1702 3060
270 118 367 166 414
675 123 858 165 ΝΟΤΔΕ
889 124 948 166 ΙΝ
978 124 1189 168 LIBRUM
1218 126 1280 170 m

272 229 523 265 Ambrosius:
565 240 591 263 α
611 228 797 277 pluribus
823 237 920 266 retro
941 231 1187 282 principibus
1203 232 1368 269 inhibita
1389 235 1679 287 interdictaque.

273 285 434 320 ΒΛκτιι.
490 289 588 318 retro
599 285 800 333 principes
819 297 933 335 saepe
954 288 1071 323 etiam
1087 300 1109 324 a
1129 289 1338 325 Iustiniauo
1359 288 1520 340 aliisque
1536 292 1681 341 passim

270 340 312 374 in
334 339 444 374 libris
461 338 557 374 iuris
576 338 702 374 civilis
726 339 903 376 dicuntur
921 344 1142 388 anteriores,
1182 343 1223 382 οἱ
1238 342 1480 394 ἔμπροσθεν,
1509 345 1550 383 οἱ
1563 341 1682 385 πάλαι

270 394 452 443 βασιλεῖς.
483 393 538 428 sic
557 400 655 429 retro
667 396 893 443 principum
913 396 1193 445 dispositiones,
1222 405 1260 434 et
1274 404 1373 434 retro
1395 397 1499 435 latae
1517 401 1683 436 sanctio-

269 460 352 491 nes,
383 454 419 483 et
438 460 464 482 a
479 447 612 484 multis
631 456 729 485 retro
749 450 928 496 saeculis,
970 458 1007 488 et
1025 459 1122 488 retro
1142 452 1423 502 familiaritas,
1459 460 1559 490 retro
1575 454 1681 491 iuve-

268 515 346 537 nes.
408 508 465 538 est
485 503 590 539 enim
609 505 811 542 manifeste
830 508 1064 554 graecissans
1083 508 1241 557 ellipsis.
1297 508 1418 544 ΒΗΤ.

380 558 445 596 87.
503 558 657 609 epulas]
689 559 762 596 hoc
783 574 803 596 e
822 562 982 611 Papinio
1001 575 1226 612 expressum
1242 560 1370 598 Theb.
1397 564 1443 602 2:
1473 568 1682 613 postquam

267 611 418 661 regales
438 612 572 660 epulas
593 620 627 648 et
641 615 794 664 gaudia
817 616 930 666 vulgi
949 616 1087 654 bisseni
1108 617 1278 653 clausere
1295 616 1388 653 dies.
1419 617 1601 654 Dtms'r.

378 668 442 707 88.
504 668 682 717 Sarepta.
752 670 853 706 Plin.
890 670 914 710 5
949 674 1011 712 19.
1081 671 1215 709 Sidon.
1246 672 1418 722 Apollin.
1456 683 1572 708 carm.
1607 672 1680 712 17³

268 734 442 771 quaeque
467 722 675 771 Sarepteno
697 724 860 772 palmite
883 726 1002 762 missa
1030 725 1150 762 bibas.
1209 727 1311 762 male
1339 726 1547 775 Serapteno
1572 727 1683 775 lege-

268 776 392 812 batur.
425 778 605 814 Dmm’s'r.
668 779 904 828 Sarephtlza,
938 780 1153 829 Sat-aphni,
1189 781 1337 831 Sarasa
1352 782 1569 831 promiscue
1587 779 1684 818 haec

268 831 359 867 urbs
378 830 592 869 Phoenices
610 831 845 882 designatur.
902 836 991 871 vino
1010 836 1083 871 fuit
1103 836 1267 882 nobilis3
1297 834 1388 872 inde
1405 834 1497 872 dicit
1505 836 1683 872 Alexan-

270 884 339 921 der
358 887 579 924 Trallianus
607 891 622 926 l
650 890 722 927 13:
754 888 818 927 καὶ
835 885 964 939 ὀλίγον
985 886 1107 938 οἶνον,
1135 889 1201 929 καὶ
1219 886 1382 940 μάλιστα
1398 886 1468 929 τὸν
1485 887 1682 940 wardan,

271 936 358 986 οἷός
377 940 479 980 ἐστιν
499 940 519 981 ὁ
541 943 702 988 Κνίδιος
719 943 784 982 καὶ
805 942 826 982 ὁ
845 941 995 993 Σάμιος
1017 944 1082 982 καὶ
1103 943 1123 984 ὅ
1140 945 1396 995 Σερεφθίνος.
1439 950 1568 981 contra
1586 945 1683 981 Ful-

271 997 422 1045 gentius
438 997 506 1032 lib.
526 999 552 1036 2
570 996 872 1048 Mythologicon⁷
901 999 967 1034 ubi
986 997 1033 1035 de
1052 1000 1263 1048 Dionysio:
1293 998 1413 1036 Indos
1428 1011 1514 1035 vero
1532 999 1683 1044 vicisse,

269 1050 375 1100 quod
394 1050 490 1086 llaec
505 1064 603 1100 gens
622 1052 737 1088 valde
760 1054 810 1088 sit
827 1054 916 1089 vino
935 1053 1081 1098 dedita,
1110 1053 1260 1090 duobus
1274 1053 1419 1090 scilicet
1436 1053 1575 1098 modis,
1603 1054 1684 1091 sive

269 1106 363 1155 quia
371 1106 511 1155 servor
527 1105 617 1141 solis
635 1119 694 1142 eos
699 1107 837 1156 faciat
846 1114 1059 1156 potatores,
1079 1109 1158 1144 sive
1177 1109 1270 1158 quia
1286 1107 1343 1144 ibi
1360 1109 1410 1144 sit
1430 1108 1684 1157 Seraptenum

266 1162 402 1196 vinum
431 1160 495 1197 vel
521 1161 784 1197 Meriotanum
795 1189 807 1205 ‚
857 1163 966 1198 cuius
1002 1164 1086 1199 vini
1115 1170 1225 1198 tanta
1257 1164 1379 1200 virtus
1409 1169 1465 1199 est
1487 1162 1592 1212 q‘uod
1617 1163 1684 1203 νιὲτ

266 1214 479 1264 quamlibet
497 1214 664 1252 ebriosus
676 1219 884 1252 sextarium
901 1222 976 1253 toto
995 1230 1121 1253 mense
1138 1217 1257 1253 bibat.

375 1269 428 1305 ib.
495 1270 628 1320 Gaza]
661 1271 787 1307 Strab.
811 1273 882 1318 11,
912 1271 981 1309 sed
1006 1270 1108 1308 nihil
1137 1271 1185 1308 de
1210 1273 1300 1308 vino
1327 1277 1393 1308 aut
1420 1271 1583 1319 vitibus,
1610 1283 1684 1308 neo

263 1323 370 1360 Curt.
391 1323 430 1363 4.
487 1330 525 1360 at
543 1332 600 1360 est
618 1324 755 1362 Isidori
776 1328 829 1365 20
847 1328 885 1373 3,
916 1325 1087 1363 Cassiod.
1110 1329 1159 1365 12
1179 1338 1240 1375 ep.
1265 1328 1328 1366 12.
1356 1326 1538 1363 Dnmsr.
1593 1326 1685 1363 vina

262 1380 389 1429 iungit
403 1379 615 1428 Sareptena
637 1386 674 1416 et
693 1381 869 1416 Gazetica
889 1383 1032 1430 pariter
1046 1379 1229 1418 Sidonius
1249 1379 1300 1416 ad
1315 1381 1562 1426 Ommatium,
1579 1378 1685 1430 quod

263 1435 503 1484 epigramma
522 1447 543 1470 a
562 1435 699 1472 Iacobo
719 1435 926 1473 Sirmondo
945 1436 1102 1472 nomine
1121 1436 1276 1471 Martini
1294 1436 1515 1472 Dumiensis
1536 1433 1686 1472 editum.

265 1495 347 1525 est:
377 1492 471 1525 vina
487 1489 584 1524 milii
601 1503 678 1526 non
696 1497 787 1526 sunt
814 1491 1017 1535 Gazetica,
1052 1490 1167 1535 Chia,
1191 1489 1380 1535 Falerna,
1407 1501 1581 1541 quaeque
1605 1489 1685 1526 Su-

263 1551 418 1593 repteno
433 1543 600 1593 palmite
620 1545 737 1581 missa
759 1544 882 1582 bibas.
940 1547 1101 1582 BARTH.

375 1601 441 1639 89.
496 1598 686 1636 Ascalon.
746 1599 935 1650 oppidum
970 1601 1119 1651 Syriae.
1176 1599 1280 1636 Mela
1316 1601 1337 1639 1
1378 1600 1444 1639 11.
1497 1597 1598 1640 nihil
1633 1596 1685 1636 de

263 1654 356 1690 vite.
385 1654 567 1691 DEMPST.
623 1655 790 1691 Ascalon
816 1656 1004 1691 Graecam
1031 1655 1168 1692 urbem
1199 1659 1312 1692 vocat
1332 1654 1541 1704 Corippus,
1579 1651 1685 1705 quod.

264 1709 346 1756 illa,
375 1715 418 1744 ut
436 1715 473 1744 et
490 1711 622 1758 Ioppe,
651 1709 757 1758 prius
779 1710 943 1746 Graecos
963 1708 1112 1746 dicatur
1130 1708 1312 1746 habuisse
1334 1708 1504 1746 colonos.
1559 1709 1684 1745 Asca-

267 1763 352 1799 lum
380 1768 417 1799 et
437 1764 647 1799 Tantalum
667 1763 803 1800 fratres
822 1765 941 1802 fuisse
960 1777 1011 1801 ex
1027 1762 1183 1801 Xantho
1204 1764 1335 1801 scribit
1357 1761 1576 1814 Stephanus
1595 1760 1685 1815 περὶ

266 1813 432 1866 πόλεων,
462 1830 580 1868 quem
596 1816 700 1854 vide.
759 1825 884 1855 cetera
901 1826 989 1857 sunt
1003 1819 1200 1869 proclivia.
1255 1820 1416 1855 Bam-11.

376 1873 442 1911 90.
499 1871 659 1921 Africa.
702 1873 804 1909 Plin.
828 1872 879 1912 14
898 1875 945 1912 1:
974 1880 1053 1910 stat
1059 1874 1354 1922 provinciarum
1372 1872 1598 1922 aliquarum
1607 1883 1685 1921 per

267 1939 307 1962 se
330 1927 419 1963 vitis
442 1927 523 1962 sine
541 1926 791 1975 pedamento,
828 1934 938 1964 artus
966 1941 1055 1964 suos
1079 1930 1120 1964 in
1150 1941 1189 1964 se
1214 1927 1415 1977 colligens,
1449 1932 1487 1962 et
1501 1925 1684 1962 brevitate

266 1981 559 2018 crassitudinem
579 1994 758 2030 pascens.
818 1989 950 2019 vetant
975 1982 1048 2019 hoc
1073 1981 1198 2019 aliubi
1224 1982 1345 2026 venti,
1385 1987 1429 2017 ut
1454 1981 1497 2017 in
1516 1979 1680 2030 Afiica.

264 2037 448 2073 DEms-r.

376 2091 445 2129 91.
506 2090 671 2141 Cypros]
702 2091 805 2127 Plin.
826 2088 873 2130 14
893 2094 932 2132 7.
960 2084 1142 2128 Dnmrsr.
1187 2090 1339 2139 Cypron
1356 2087 1565 2126 candidam
1582 2086 1684 2126 dixit

264 2145 314 2181 ob
348 2145 644 2192 amabilitatem,
686 2157 762 2196 qua
789 2146 930 2183 Veneri
962 2145 1100 2183 eadem
1125 2146 1252 2183 insula
1278 2142 1474 2181 dedicata:
1513 2143 1684 2181 candida

265 2199 371 2235 enim
387 2201 535 2237 Latinis
553 2200 704 2247 florens,
722 2198 902 2248 nitidum,
924 2203 1143 2252 oppositum
1161 2200 1266 2237 omni
1279 2199 1449 2237 tristifico
1467 2203 1507 2236 et
1521 2198 1682 2236 absono.

262 2252 368 2290 unde
386 2255 532 2291 candor
550 2257 669 2291 etiam
690 2256 810 2292 animi
830 2257 965 2293 virtus.
1021 2257 1168 2293 Alanus
1183 2255 1508 2293 Commentario-3
1525 2253 1568 2289 in
1583 2253 1684 2290 Pro-

263 2306 439 2359 phetiam
466 2310 645 2346 Merlini:
693 2310 855 2346 candidi
888 2312 989 2347 enim
1018 2312 1059 2346 in
1088 2311 1287 2360 scripturis
1313 2315 1395 2345 tam
1419 2306 1684 2345 saecularibus

265 2376 386 2413 quam
402 2363 544 2400 divinis
562 2371 749 2401 vocantur
766 2365 938 2402 homines
962 2365 1119 2415 benigni
1143 2371 1179 2401 et
1199 2363 1360 2402 modesti
1378 2369 1494 2412 atque
1513 2361 1557 2397 in
1577 2361 1686 2397 omni

266 2430 416 2454 morum
439 2419 732 2455 mansuetudine
752 2427 790 2455 et
806 2420 1001 2457 honestate
1027 2420 1235 2470 conspicui.
1277 2417 1412 2455 ‘Silius
1429 2415 1584 2453 Italicus
1607 2414 1683 2456 15:

264 2472 466 2509 decurrent
484 2471 673 2523 albusque
692 2474 773 2510 dies
790 2474 982 2525 horaeque
999 2487 1164 2512 serenae.
1202 2471 1383 2511 sedulius
1403 2473 1427 2511 3
1444 2469 1683 2506 Mirabilium

265 2525 351 2564 dei:
380 2540 467 2564 mox
483 2529 640 2577 agmine
657 2541 764 2565 verso
782 2530 972 2579 deponens
993 2529 1200 2579 trepidum,
1236 2526 1402 2564 recidivo
1420 2525 1587 2569 tramite,
1614 2523 1682 2560 lu-

265 2589 387 2626 ctum,
416 2582 586 2619 candida
592 2583 756 2632 filicem
776 2585 970 2621 revocavit
978 2593 1128 2633 pompa
1138 2588 1353 2632 parentem.
1411 2579 1519 2618 idem
1533 2579 1632 2616 libro
1651 2575 1680 2618 4

271 2635 445 2674 eiusdem
465 2639 614 2687 operis:
664 2644 878 2688 cunctaque
912 2639 1139 2688 dispensans
1171 2635 1391 2674 custodibus
1421 2635 1523 2685 igne
1536 2632 1683 2670 minaci

266 2698 424 2729 venerat
437 2693 480 2728 in
483 2692 624 2742 firma
646 2693 842 2731 Christum
859 2692 1128 2744 quaerentibus
1145 2691 1251 2729 alba.
1310 2689 1506 2728 luculenta
1528 2693 1567 2725 et
1578 2691 1681 2738 'pura
