1702 3060
279 144 345 196 90'
882 148 1101 190 CORIPPI

390 258 605 309 composuit
627 255 750 294 solido
774 258 924 295 iunctas
943 259 1114 295 umbone
1133 254 1363 309 phalanges}

389 325 460 362 secl
475 325 634 375 propius
652 325 777 360 tenuit
792 326 953 362 munitis
973 327 1129 375 agmina
1153 327 1297 372 castris,

388 405 460 427 nec
478 389 630 441 pedites
649 391 774 427 voluit
792 393 920 428 tristes
942 393 1181 428 committere
1201 405 1353 442 pugnas

276 457 355 499 625
383 459 561 507 longius,
593 464 775 507 expertus
796 460 937 495 totiens
959 457 1054 510 quid
1073 465 1195 495 terror
1215 459 1255 494 in
1276 459 1393 495 armis

384 531 424 560 et
442 525 563 561 virtus
586 526 762 561 Romana
785 533 927 576 potest.
983 533 1115 562 tamen
1132 524 1266 562 ordine
1281 531 1384 562 certo

382 592 570 642 processit
589 593 756 641 geminis
777 593 878 629 acies
898 594 1095 629 Maurusia
1116 593 1252 642 signis.

384 665 474 694 ante
497 659 632 695 volans
654 660 809 708 sonipes
831 666 930 695 totos
952 660 1143 696 concurrit
1162 661 1203 695 in
1225 671 1351 709 agros,

383 725 719 776 Languantanque
738 726 836 762 levis
856 739 1010 776 campos
1030 727 1226 778 collesque
1245 727 1482 777 propinquos

274 792 355 832 630
384 797 501 841 atque
524 805 637 829 cavas
660 792 783 828 valles
807 792 1002 842 silvasque
1025 799 1063 828 et
1082 793 1243 829 flumina
1265 794 1464 843 complens

382 858 435 905 it,
464 860 577 894 Ierna
598 860 804 895 comitante
825 859 907 894 fero
926 860 1151 909 Brutenque
1170 860 1350 908 superbo.

384 924 453 960 ille
473 923 665 962 secundus
687 932 790 972 erat3
824 925 1006 961 camalus
1028 937 1126 976 quos
1147 923 1290 962 deinde
1308 933 1463 965 secutus

384 988 495 1026 ardet
514 991 556 1026 iu
577 989 760 1028 adversos
779 993 915 1027 multis
938 1004 1027 1027 cum
1045 992 1204 1029 milibus
1222 991 1370 1030 hostes.

384 1056 622 1095 Hisdreasen
640 1057 847 1108 Ialdasque
862 1058 975 1093 ferox
993 1063 1030 1092 et
1049 1057 1217 1094 Suietira
1236 1060 1405 1107 fervens,

275 1122 354 1164 635
382 1135 557 1174 quosque
581 1124 724 1160 referre
743 1136 884 1173 parans
907 1123 1181 1172 comprendere
1201 1127 1358 1161 nomina
1378 1127 1510 1164 nullus

380 1197 512 1226 mente
531 1197 677 1240 potest,
711 1203 924 1241 saevasque
943 1190 1079 1226 volens
1097 1196 1154 1226 tot
1172 1189 1300 1227 dicere
1321 1198 1472 1240 gentes.

381 1255 446 1294 his
463 1257 637 1305 medius,
667 1258 793 1294 fomes
811 1258 906 1293 belli
927 1262 1128 1307 rectorque
1140 1286 1150 1305 ‚
1180 1256 1337 1294 Sidisan

380 1336 469 1358 acer
493 1329 594 1368 erat,
627 1323 865 1371 dextrosque
887 1323 1038 1370 equites
1062 1328 1099 1357 et
1118 1324 1229 1372 signa
1251 1325 1424 1374 regebat.

380 1395 419 1424 at
439 1389 590 1424 socians
610 1387 723 1424 laevo
745 1388 937 1423 Carcasan
960 1388 1116 1436 agmina
1138 1402 1258 1426 cornu

268 1453 350 1496 640
378 1453 593 1490 condensas
613 1455 715 1490 acies
738 1466 894 1503 campos
913 1452 1077 1489 effundit
1098 1455 1141 1489 iu
1160 1467 1308 1503 omnes,

379 1521 551 1558 Ifuraces
572 1522 613 1557 in
633 1521 738 1557 bella
759 1531 944 1567 movens;
974 1521 1196 1571 pariterque
1212 1522 1418 1572 Melangus

377 1588 491 1636 signa
509 1588 629 1636 regit,
662 1587 803 1622 Gantal
823 1587 1102 1637 Guentauque‚
1131 1588 1347 1637 Alacanza,
1377 1591 1573 1640 Iutung1m

378 1652 484 1690 dirus
506 1661 543 1690 et
563 1654 752 1690 Antiliten
772 1653 892 1689 velox
908 1654 1098 1704 fortisque
1119 1654 1298 1702 Catubar‚

375 1727 415 1757 et
436 1733 531 1770 quos
554 1720 664 1755 mille
690 1718 807 1756 duces
831 1722 972 1756 misere
993 1722 1033 1755 in
1054 1722 1203 1769 proelia
1221 1721 1370 1771 Syrtes.

265 1785 347 1829 645
431 1789 591 1837 Iamque
607 1786 922 1836 propinquabant
941 1784 1113 1822 adversis
1132 1785 1307 1823 hostibus
1327 1786 1458 1826 hostes

380 1854 572 1903 signaque
591 1853 828 1902 compositis.
886 1864 997 1888 arcus
1013 1852 1267 1903 volucresque
1284 1855 1443 1902 sagittas

380 1919 611 1970 depromunt
631 1917 846 1968 pharetris,
876 1924 914 1953 et
933 1918 1080 1954 ferrum
1104 1919 1253 1955 missile
1271 1919 1438 1958 vibrant.

377 1987 530 2023 finierat
543 1984 717 2035 'spatium
736 1985 850 2021 vacui
866 1997 955 2033 pars
976 1984 1090 2021 obvia
1112 1987 1253 2036 campi,

378 2064 655 2102 accessumque
671 2051 765 2087 viris
787 2052 889 2087 acies
910 2052 1036 2087 aliena
1054 2053 1232 2101 negabat,

266 2119 349 2162 650
375 2121 495 2170 inque
517 2118 597 2155 suis
620 2117 778 2153 obstans
795 2119 995 2155 venientes
1015 2118 1161 2154 fecerat
1178 2117 1309 2156 hostes

375 2193 477 2223 stare
500 2185 617 2231 locis,
647 2184 868 2234 pressisque
888 2183 1097 2221 haeserunt
1116 2186 1272 2234 agmina
1293 2184 1429 2222 frenis.

373 2251 614 2302 prospiciens
638 2250 761 2297 acies,
790 2249 889 2287 vidit
909 2252 1120 2287 Guenfeius
1139 2250 1260 2289 hostis

375 2316 576 2354 ductorem
595 2316 757 2352 Antalas
777 2315 907 2352 media
926 2317 1027 2353 inter
1042 2319 1152 2367 signa
1170 2317 1398 2366 Iohannem,

378 2382 632 2433 dignovitque
651 2383 788 2431 procul
809 2384 910 2419 celsa
927 2396 998 2433 per
1014 2384 1095 2420 tela
1114 2398 1301 2423 suorum„

264 2449 347 2494 655
376 2447 582 2500 egrediens
599 2455 693 2485 tunc
713 2449 836 2486 fertur
856 2462 975 2500 equo,
1005 2453 1215 2502 magnique
1236 2449 1412 2500 magistri
1433 2445 1437 2450 ’

377 2517 530 2555 transiit
547 2521 636 2570 ante
657 2516 811 2564 oculos,
840 2514 989 2552 domini
1008 2523 1094 2567 post
1110 2523 1218 2568 terga
1236 2517 1437 2579 reflectens

267 2635 336 2672 623
357 2635 511 2682 proprius
531 2635 563 2669 T
682 2634 766 2668 ibid.
789 2635 918 2677 agmine
937 2636 969 2670 T
1089 2636 1156 2672 627
1177 2635 1270 2680 genis
1287 2637 1318 2668 'r
1441 2620 1507 2671 639
1519 2636 1629 2674 -sotias
1648 2637 1690 2678 T,

265 2682 377 2715 socius
402 2681 443 2714 Μ
581 2680 664 2716 ibid.
694 2684 845 2713 catat-sau
873 2681 905 2713 Τ
1045 2680 1113 2714 652
1140 2681 1268 2716 heros?
1297 2682 1345 2718 εἰσ
1372 2682 1391 2718 1
1416 2680 1555 2719 4681at
1577 2682 1600 2717 6
1621 2683 1690 2717 296

268 2731 302 2762 et
317 2727 384 2762 522
398 2725 513 2761 hostis.
623 2751 625 2754 -
648 2724 715 2760 654
735 2723 886 2760 celsum?
907 2725 940 2760 L
952 2724 1041 2761 celsa
1054 2724 1154 2763 inter.
1187 2760 1189 2762 .
