1702 3060
238 143 245 151 ‚
289 120 352 165 92
895 115 1110 158 CORIPPI

397 241 511 265 rauca
533 232 716 277 gemunt3
746 224 849 262 orbis
871 226 1030 261 tremuit
1048 237 1234 275 compage
1253 225 1413 274 solutus,

398 302 671 343 auctoremque
693 304 809 328 suum
829 292 974 342 linguis
994 293 1185 328 elementa
1204 292 1387 329 fatentur.

448 359 614 397 Additus
635 357 727 394 hinc
744 358 851 395 furor
869 366 944 407 est,
976 360 1174 410 animique
1196 360 1238 395 in
1258 359 1363 395 bella
1384 359 1592 396 calescunt.

285 426 364 468 695
395 424 650 462 exhortantur
669 437 809 476 equos,
841 425 1044 463 effundunt
1065 427 1143 462 tela
1167 426 1320 462 lacertis

393 494 515 542 spissa
535 494 628 539 viri,
659 491 869 544 densisque
887 494 999 530 iubar
1015 494 1193 543 pallescit
1214 493 1260 528 ab
1279 491 1415 530 hastis.

395 559 466 595 sub
487 559 622 595 iaculis
639 572 720 596 nox
736 566 816 596 atra
838 562 914 596 ruit
930 562 1128 611 carpitque
1146 560 1338 607 tenebras,

397 632 436 661 et
457 638 573 675 super
592 639 698 663 arma
721 625 827 663 diem
844 627 993 663 ferrum
1011 626 1199 664 disiunxit
1216 634 1438 679 utrumque.

397 692 510 728 obvia
531 695 713 730 contortis
735 692 945 730 densantur
964 695 1043 731 tela
1063 695 1225 744 sagittis,

287 759 367 797 700
395 759 618 810 alternaque
642 758 733 795 hinc
754 758 846 796 inde
865 761 1010 798 volant.
1066 768 1158 797 tunc
1180 761 1326 797 tristior
1346 761 1472 798 omnis

399 826 659 877 obscurusque
683 826 785 862 subit
805 828 922 863 tantis
943 825 1149 863 hastilibus
1171 831 1258 873 aer3

400 902 621 944 quantaque
641 900 854 940 torserunt,
884 892 1048 929 totidem
1069 891 1186 929 modo
1204 893 1364 929 vulnera
1384 900 1512 943 partes

399 961 625 1009 suscipiunt.
683 967 848 996 mortem
870 961 1031 997 veniens
1055 960 1181 996 telum
1203 972 1318 996 omne
1339 961 1521 1010 minatur,

399 1025 469 1063 sed
488 1025 618 1076 dispar
636 1026 790 1062 fortuna
810 1026 931 1075 regit:
965 1038 1058 1062 nam
1078 1027 1227 1063 missile
1247 1033 1391 1063 tortum

288 1092 368 1135 705
396 1095 550 1143 saepius
572 1090 733 1128 adversa
753 1093 916 1140 vuhlus,
948 1090 1043 1128 dum
1063 1093 1202 1139 currit,
1231 1093 1272 1128 in
1294 1091 1407 1130 hasta

397 1161 600 1197 inveniens
613 1188 623 1207 ,
654 1160 810 1209 gemino
831 1165 1050 1195 consertum
1069 1157 1240 1209 pondere
1262 1171 1399 1209 campo

397 1227 564 1273 corruit3
594 1239 638 1262 ac
659 1225 735 1262 duo
754 1233 863 1276 rapta
880 1226 998 1262 simul
1016 1238 1120 1263 mors
1141 1226 1301 1262 vulnera
1319 1225 1460 1276 perdit,

397 1294 517 1342 inque
540 1293 627 1328 aliis
647 1305 752 1328 mors
772 1294 857 1339 ipsa
876 1293 1000 1327 rubet.
1057 1299 1149 1328 tunc
1167 1294 1356 1343 sanguine
1375 1295 1490 1331 misto

395 1365 497 1394 terra
514 1354 659 1392 madet.
717 1355 881 1392 strident
901 1357 1031 1394 missis
1050 1356 1255 1397 hastilibus
1276 1373 1406 1404 aurae.

286 1426 366 1467 710
395 1425 499 1459 Mars
520 1423 633 1469 furit,
665 1427 704 1457 et
721 1417 1080 1473 media'permistus
1102 1424 1219 1462 caede
1235 1428 1407 1463 virorum

397 1491 598 1527 exanimes
620 1489 815 1525 convolvit
837 1501 971 1540 equos.
1030 1492 1106 1527 coit
1130 1492 1308 1542 improba
1328 1494 1449 1530 virtus

397 1558 546 1593 alterna
566 1554 614 1591 de
634 1562 744 1605 parte
764 1568 900 1604 ruens3
938 1559 1120 1609 caecique
1141 1560 1312 1596 tumultu

397 1631 513 1675 atque
532 1623 661 1659 furore
681 1623 756 1658 viri
774 1620 946 1660 adversis
965 1623 1060 1660 dant
1075 1632 1230 1675 pectora
1246 1627 1356 1673 telis;

397 1691 541 1741 quique
563 1689 649 1725 aliis
668 1689 812 1726 inferre
833 1698 991 1740 parant,
1023 1692 1065 1727 in
1082 1692 1229 1729 viscera
1246 1693 1394 1730 ferrum

287 1757 367 1800 715
397 1757 630 1806 suscipiunt,
660 1753 871 1806 dulcesque
894 1759 1043 1794 animas
1062 1771 1132 1808 per
1148 1759 1310 1795 vulnera
1326 1758 1508 1798 fundunt.

453 1825 553 1860 Acer
575 1824 616 1858 in
641 1822 804 1859 obnixos
825 1836 1010 1873 rumpens
1032 1826 1256 1862 Reciuarius
1277 1823 1409 1864 hostes

397 1891 528 1936 irruit,
559 1887 818 1940 adversasque
838 1891 939 1927 acies
959 1897 998 1927 et
1018 1892 1128 1940 signa
1146 1892 1298 1941 fugavit

397 1958 582 1993 Eilimare
607 1956 752 2002 occiso,
781 1957 929 2005 primus
952 1958 1020 2008 qui
1038 1958 1186 2007 proelia
1205 1959 1373 1996 miscens

397 2025 592 2060 Romanas
613 2024 714 2060 acies
733 2035 848 2060 ausus
869 2030 1017 2060 tentare
1035 2025 1202 2074 petebat,

287 2094 370 2133 720
398 2091 490 2128 fisus
508 2102 607 2141 equo
625 2090 825 2140 fretusque
845 2091 938 2127 suis.
997 2089 1101 2127 hunc
1118 2092 1315 2129 maximus
1332 2090 1446 2130 heros

400 2159 566 2207 excipit:
598 2157 771 2207 opposito
789 2159 981 2194 venientis
1001 2165 1155 2208 pectora
1175 2159 1276 2195 ferro

396 2223 679 2272 transfodiens,
708 2225 840 2262 fractis
859 2226 963 2275 rupit
981 2227 1116 2262 vitalia
1136 2227 1262 2274 costis,

395 2290 584 2342 hastaque
603 2305 673 2341 per
688 2298 842 2341 tergum
861 2305 1004 2342 magna
1024 2293 1163 2329 virtute
1186 2292 1365 2330 cucurrit.

451 2358 574 2396 Vertit
594 2370 714 2408 equos
732 2359 887 2409 fugiens
907 2359 1037 2410 gelida
1056 2359 1264 2397 formidine
1281 2360 1434 2395 Mazax.

287 2424 367 2468 725
395 2425 613 2476 insequitur
633 2426 809 2462 Romana
829 2439 968 2463 manus
989 2427 1196 2478 turbatque
1217 2422 1444 2477 premendo,

403 2491 592 2543 dorsaque
612 2505 682 2542 per
699 2492 798 2529 latos
817 2493 972 2530 fervens
989 2494 1184 2529 Maurusia
1203 2503 1358 2542 campos

400 2559 638 2611 comprimit,
667 2565 706 2596 et
727 2572 858 2597 versos
879 2560 986 2596 facili
1005 2562 1085 2596 iam
1106 2557 1223 2596 caede
1240 2558 1390 2607 fatigat.

294 2658 361 2693 693
376 2657 528 2693 alimenta
541 2659 573 2691 Τ
659 2657 726 2692 697
740 2657 898 2703 cupisque
913 2658 945 2689 Τ
1033 2657 1100 2691 700
1115 2655 1227 2690 uolunt
1241 2655 1314 2690 hinc
1329 2653 1404 2688 inde
1422 2653 1454 2688 Τ

294 2707 362 2737 tem
379 2705 411 2738 Τ
541 2703 606 2739 707
629 2713 698 2737 mos
715 2703 747 2736 Τ
878 2702 946 2737 724
968 2711 1082 2736 max-ax
1102 2702 1141 2735 Τ.

1541 2651 1608 2687 703
1623 2662 1702 2686 mon-
