1702 3060
275 145 375 190 208
422 145 642 187 CORIPPI
663 145 738 186 DE
759 143 974 188 LAUDIB.
995 143 1138 188 IUST.
1155 145 1353 187 MINOR.
1373 145 1473 187 LlB.
1494 146 1572 188 IV.

384 253 601 303 supplicia,
631 251 797 287 inflictas
818 251 982 289 timeant
1001 252 1042 288 in
1063 253 1217 289 saecula
1238 266 1401 303 poenas.

384 320 483 355 ultio
503 318 755 354 commissum
771 317 868 354 lenit
885 319 1025 355 scelus.
1081 319 1149 355 illa
1168 320 1342 370 profecto

384 396 597 434 paucorum
612 384 748 419 multis
771 391 932 433 prosunt
954 385 1135 434 exemplu
1155 385 1363 432 malorum,

275 453 356 493 860
381 462 552 500 quorum
569 456 658 499 post
675 457 842 486 mortem
860 456 1013 489 nostrae
1037 458 1291 487 monumenta
1315 450 1548 501 perhorrent

384 523 425 552 et
443 515 629 552 damnant
647 516 770 566 leges.
829 517 900 552 erit
917 517 1032 552 unius
1051 509 1146 552 utile
1163 517 1298 553 multis

384 584 574 628 exitium,
605 589 834 633 cessantque
854 581 955 629 doli,
980 581 1074 619 dum
1092 595 1217 632 poena
1235 583 1408 619 timetur.

382 648 624 698 legislatores
645 649 778 685 statuit
797 647 892 686 deus
909 649 991 698 ipse
1013 661 1082 698 per
1100 648 1247 685 orbem.
1257 644 1280 661 ”

384 713 483 750 haec
501 716 631 751 animo
654 716 822 752 retinens
842 716 990 750 sincera
1006 721 1136 750 mente
1152 713 1279 751 fidelis

273 783 354 822 365
382 782 531 831 paruit,
561 788 599 817 et
624 779 782 817 domino
801 781 943 816 meruit
962 779 1126 816 dilectus
1146 780 1295 817 haberi.

383 857 457 882 nec
475 858 555 882 11011
575 848 820 896 ensipotens,
853 846 1117 882 membrorum
1139 848 1275 883 robore
1297 853 1489 894 constans,

381 919 542 961 aspectu
557 941 567 959 ‚
597 914 740 950 mentis
764 925 843 949 non
868 925 890 947 a
910 909 1098 960 gratitate
1120 913 1326 962 benignus,

384 978 561 1014 adstabat
580 981 721 1015 Nan-ses
734 1008 744 1025 ,
774 978 986 1029 sedemque
1008 979 1168 1015 ornabat
1186 978 1350 1016 herilem

381 1044 590 1095 splendida
608 1046 719 1094 signa
740 1058 892 1094 gerens.
951 1045 1076 1095 qualis
1097 1048 1288 1095 pretiosus
1306 1045 1462 1083 achates

272 1115 354 1153 870
383 1119 449 1149 aut
465 1111 619 1148 medius
638 1112 747 1148 fulvo
771 1113 908 1148 Parius
925 1111 1025 1160 lapis
1043 1113 1161 1148 enitet
1180 1126 1273 1149 auro

382 1178 536 1214 artificis
558 1178 753 1214 formante
773 1182 914 1224 malm,
940 1179 996 1214 sic
1012 1178 1099 1213 luce
1120 1191 1313 1224 coruscus,

381 1245 437 1279 sic
459 1245 588 1280 animo
608 1243 807 1294 placidus,
836 1245 924 1280 miti
945 1245 1000 1280 sic
1020 1245 1164 1293 gratior
1183 1258 1260 1291 ore,

381 1315 491 1358 terga
504 1316 640 1359 tegens
659 1309 807 1346 domini
826 1311 938 1346 claris
956 1310 1131 1359 fulgebat
1148 1312 1188 1346 in
1208 1311 1339 1349 armis.

382 1374 493 1411 affuit
515 1382 554 1412 et
570 1389 700 1412 sacrae
721 1375 878 1412 domino
900 1378 1142 1425 gratissimus
1159 1378 1272 1413 aulae

270 1441 350 1482 375
379 1441 582 1490 Tiberius,
613 1455 803 1494 curasque
822 1455 957 1479 omnes
974 1442 1161 1492 implebat
1179 1449 1218 1478 et

378 1507 546 1557 implens
566 1507 669 1544 offici

378 1574 576 1625 obsequiis
601 1575 745 1611 instare
762 1575 842 1612 suis
860 1574 1094 1624 tranquillus
1113 1574 1291 1611 alumnos
