1702 3060
317 88 414 137 200
712 93 928 136 CORIPPI
960 95 1035 136 DE
1067 97 1335 141 LAUDIBUS

421 197 581 235 fabrica.
636 199 826 236 mirantur
842 202 1000 251 populi,
1029 202 1236 255 studioque
1255 205 1415 247 videndi

423 267 549 300 omnis
568 277 797 302 concurrens
819 279 938 304 sexus
958 270 1138 306 veniebat
1159 277 1196 307 et
1217 278 1338 310 aetas.

339 328 393 372 55
421 330 618 366 roboribus
638 331 750 369 flexis
768 339 908 370 teretes
928 344 1152 373 curvaverat
1174 350 1283 376 arcus

421 396 611 433 artificum
627 396 835 446 praedocta
856 413 1019 449 manus,
1049 403 1300 456 trabibusque
1323 406 1467 444 cavatis

419 462 584 512 affigens
599 464 750 501 tabulas
767 464 981 515 pendentes
1001 474 1193 507 struxerat
1216 470 1344 520 aedes,

415 535 597 579 quattuor
613 531 826 569 informans
844 534 990 570 molem
1013 536 1240 573 stationibus
1264 550 1397 586 unam,

415 594 545 632 buxea
562 598 739 647 populeis
763 606 897 651 aptans
919 602 1097 651 capitella
1119 591 1322 653 columnis,

334 661 388 701 60
415 665 653 715 materiaque
673 666 757 715 ipsa
778 666 890 703 bases
908 667 1127 705 firmaverat
1144 671 1256 707 imas.

417 731 547 766 omnia
564 730 764 768 roboribus
780 739 955 770 sternunt
971 735 1056 771 loca
1073 737 1190 785 plana
1208 737 1354 786 polifis·

415 797 656 846 coniungunt
674 798 826 836 tabulas
847 806 884 837 et
901 801 994 836 ferri
1009 802 1176 838 nexibus
1197 809 1334 851 artant,

417 875 518 913 quae
535 863 687 914 pondus
706 867 964 918 strepitusque
983 869 1110 905 Virmn
1127 874 1333 919 motusque
1352 868 1517 906 faventis

415 928 516 965 ferre
535 938 678 981 queant
695 934 844 982 populi.
901 940 1125 972 cunctorum
1143 941 1251 984 terga
1267 935 1441 973 locorum

333 994 385 1035 65
415 996 682 1048 alternumque
703 999 804 1035 latus
825 1001 1010 1036 conclusit
1028 1001 1159 1037 sectile
1179 1001 1344 1050 liguum,

419 1062 591 1114 undique
610 1066 811 1102 munimen
830 1064 947 1102 decus
969 1073 1007 1102 et
1025 1068 1214 1104 tutamina
1231 1067 1436 1117 praebens.

419 1129 642 1180 disposuere
661 1131 803 1181 gradus
816 1161 826 1181 ‚
854 1134 963 1183 queis
982 1139 1099 1170 staret
1119 1135 1162 1169 in
1180 1132 1314 1170 ordine
1332 1134 1452 1184 longo

414 1195 584 1234 divisum
600 1199 641 1234 in
658 1205 805 1236 turmas
825 1205 939 1250 atque
957 1201 998 1236 in
1017 1212 1086 1236 sua
1104 1213 1259 1250 corpora
1277 1201 1432 1250 vulgus,

411 1271 542 1314 posset
564 1271 602 1301 et
619 1272 791 1303 exsertas
812 1265 862 1303 ad
879 1279 1041 1303 munera
1060 1266 1218 1303 tendere
1240 1268 1404 1317 palmas,

330 1332 382 1371 70
408 1331 567 1367 liberius
588 1337 760 1382 spectare
779 1333 901 1370 oculis
919 1333 1176 1382 manibusque
1194 1334 1339 1382 favere,

411 1404 450 1433 et
468 1396 578 1435 donis
599 1404 730 1447 aptare
751 1399 857 1434 sinus
873 1427 882 1445 ‚
913 1410 1012 1449 quae
1031 1399 1199 1448 plurima
1223 1399 1358 1436 consul

408 1465 450 1501 in
474 1465 609 1514 plebes
627 1467 816 1502 missurus
835 1471 936 1512 erat,
965 1466 1192 1517 palmasque
1217 1478 1375 1517 capaces

407 1530 567 1567 tendere
580 1560 590 1579 ‚
621 1544 696 1582 quo
714 1533 875 1568 veniens
892 1532 969 1568 late
988 1533 1100 1582 pluat
1123 1545 1260 1569 aureus
1279 1533 1419 1573 imber.

461 1599 512 1634 Ut
528 1597 639 1635 labor
663 1597 852 1634 artificum
871 1599 1043 1648 perfecta
1061 1600 1164 1636 mole
1188 1601 1336 1650 quievit

325 1662 379 1704 75
409 1670 524 1714 atque
543 1665 669 1714 operis
691 1666 788 1701 tanti
803 1666 919 1703 nituit
940 1664 1056 1703 decus
1068 1695 1078 1714 ‚
1107 1668 1237 1703 omnia
1253 1668 1345 1715 late,

407 1743 508 1781 quae
527 1730 643 1768 modo
661 1733 858 1781 lignorum
877 1733 1108 1783 squalebant
1128 1734 1338 1784 fragmine,
1369 1734 1569 1786 mundant,

405 1804 674 1848 exornantque
697 1799 826 1846 locos,
858 1806 897 1836 et
916 1800 1015 1836 festa
1037 1799 1173 1837 fronde
1195 1809 1380 1839 coronant

404 1871 534 1914 patres
554 1866 698 1915 quique
722 1878 824 1902 suas.
882 1865 972 1902 fixis
988 1867 1161 1904 tabulata
1177 1869 1355 1908 virebant

404 1932 624 1982 palmarum
643 1933 759 1968 ramis
785 1939 823 1968 et
846 1933 994 1968 amicae
1012 1934 1118 1983 pacis
1140 1934 1279 1971 olivae.

323 2001 376 2041 80
405 2005 542 2035 cuncta
566 1996 813 2048 triumphalis
832 1998 1042 2049 pendentia
1065 2001 1234 2037 culmina
1251 2001 1384 2041 laurus

404 2067 521 2104 comit
536 2072 573 2101 et
589 2066 826 2114 amplectens
842 2063 958 2116 soliis!
966 2066 1142 2103 felicibus
1159 2067 1292 2104 ambit.

405 2146 503 2184 quos
525 2133 606 2170 illic
627 2130 742 2168 ludos
755 2159 765 2178 ‚
797 2144 895 2182 quae
913 2134 1011 2169 seria
1030 2134 1169 2182 vulgus
1185 2133 1377 2173 habebat!

403 2199 538 2236 ludere
555 2212 659 2235 nunc
678 2199 794 2246 alios,
825 2199 921 2236 alios
937 2197 1108 2250 spectare
1125 2199 1292 2239 videres.

401 2267 510 2302 mille
529 2266 773 2315 voluptatum
793 2267 954 2315 species.
1010 2267 1204 2305 velamina
1219 2266 1396 2316 tendunt,

320 2332 372 2375 85
402 2339 439 2368 et
456 2333 541 2368 loca
554 2360 563 2378 ‚
595 2345 772 2382 (piaeque
789 2331 945 2381 decent,
975 2340 1017 2370 ut
1036 2334 1125 2384 plus
1142 2335 1350 2382 mirentur,
1380 2332 1623 2372 obumbrant.

399 2397 505 2450 quod
524 2399 641 2447 vulgo
661 2406 730 2446 est,
762 2400 838 2436 vile
858 2407 936 2437 est:
970 2399 1155 2452 quicquid
1174 2402 1279 2447 latet,
1307 2407 1436 2437 exstat
1451 2399 1655 2449 honorum,

398 2463 579 2516 quodque
599 2466 725 2513 magis
744 2468 887 2514 tegitur
899 2495 908 2513 ‚
942 2468 1057 2516 pretii
1077 2467 1232 2504 maioris
1249 2465 1428 2505 habetur.

399 2537 490 2568 tunc
512 2531 740 2567 interclusos
763 2532 863 2567 nulli
879 2535 1040 2569 transire
1059 2533 1129 2570 sub
1150 2546 1260 2570 arcus

400 2610 624 2635 concessum
646 2603 725 2634 est:
758 2599 903 2634 cunctis
921 2598 1050 2635 medio
1069 2600 1132 2635 via
1152 2600 1231 2636 lata
1252 2601 1423 2650 patebat.

315 2666 369 2706 90
450 2666 540 2703 Lux
559 2671 692 2702 octava
707 2678 808 2703 novo
826 2667 1017 2704 nascentis
1035 2666 1182 2703 lumine
1199 2664 1342 2705 Christi
