1702 3060
386 96 448 141 IN
479 97 831 142 IOHANNIDOS
866 97 948 142 vn
979 91 1183 142 NOTAE.
1422 97 1521 144 289

54 222 105 244 en.
166 203 266 248 805.
324 205 492 244 fortasse
520 212 721 258 postrema
746 221 885 247 versus
916 208 1035 247 verba
1063 214 1179 246 erunt
1202 205 1280 245 hoc
1299 205 1438 246 ordine
1459 209 1521 246 le-

53 260 211 316 ffnda:
241 263 395 300 Martis
419 276 523 314 quae
543 266 712 302 numina
731 266 899 303 Mazax.

65 336 70 341 ·
169 320 275 363 306..
323 321 445 358 etiam
478 321 665 371 Virgilius
703 329 818 360 vocat
853 323 1022 359 Martem
1059 320 1157 359 belli
1182 327 1384 372 potentem
1407 320 1515 358 Aen.

167 432 265 473 808.
321 431 543 470 Taenarius
561 433 710 483 Iupiter
736 439 898 470 vocatur
914 430 981 470 hic
999 434 1116 471 Pluto
1136 447 1157 471 a
1175 434 1344 484 Corippo
1358 462 1368 482 ‚
1403 434 1519 472 sicuti

55 495 118 528 est
145 487 309 539 Stygius
342 495 380 525 et
408 489 622 526 Tartareus
649 495 689 525 et
711 489 827 539 niger
857 491 1007 540 Iupiter
1040 489 1147 540 apud
1180 490 1388 537 Ovidium,
1431 491 1518 530 val.

54 547 264 592 Flaccum,
296 549 335 581 et
353 545 548 582 Senecam
567 546 779 595 tragicum,
809 558 883 583 nec
902 559 983 583 non
1005 547 1047 583 In
1069 547 1397 598 Inscr1pt10nibus
1415 546 1522 598 apud

55 602 270 640 Gruterum
293 612 336 652 p.
355 603 408 641 23
433 612 472 637 v.
495 603 520 642 6
543 607 581 638 et
603 603 643 641 7.

165 658 263 700 310.
313 669 391 706 pro
411 655 537 693 scelus
554 658 662 707 Virg.
683 655 792 694 Aen.
816 656 842 698 5
872 659 967 700 793.

163 710 260 754 324.
320 713 552 764 exemplum
577 726 648 765 pro
675 714 883 764 participio
907 714 1102 752 distensas
1122 714 1287 765 protulit
1307 714 1519 751 Furlanet-

52 775 117 808 tus
137 769 180 807 in
199 767 437 819 Appendice
456 769 515 806 ad
530 770 705 807 Lexicon
724 771 948 810 Forcellini.
1008 785 1060 808 ex
1084 769 1162 807 hoc
1186 777 1321 807 autem
1342 771 1429 808 loco
1454 772 1516 808 al-

51 827 182 864 terum
210 823 334 863 habes
368 823 600 863 huiusmodi
627 828 871 878 exemplum.
928 828 1038 878 Virg.
1063 827 1172 864 Aen.
1204 830 1224 867 1
1256 826 1337 868 473
1370 826 1515 866 desinit

50 884 218 935 pariter:
257 883 422 919 tentoria
447 882 558 919 velis.

163 940 260 979 327.
318 939 431 975 iuxta
458 935 694 976 Durandum
722 938 955 975 Rationarii
974 938 1201 976 divinorum
1228 939 1467 990 Officiorum
1489 940 1513 979 1

50 997 77 1036 3
104 995 159 1038 35
187 995 324 1033 velum
341 996 384 1031 in
405 995 570 1032 ecclesia
590 995 739 1045 triplex
760 993 1094 1045 suspendebatur,
1125 997 1299 1046 primum
1318 994 1425 1047 quod
1448 1008 1514 1033 sa-

51 1065 117 1090 cra
134 1052 317 1104 operiret,
347 1050 566 1089 secundum
583 1050 692 1102 quod
710 1053 926 1088 sacrarium
946 1064 969 1089 a
992 1051 1096 1090 clero
1120 1051 1326 1100 divideret,
1351 1054 1514 1089 tertium

50 1107 160 1162 quod
176 1109 327 1146 clerum
345 1120 367 1144 a
385 1108 532 1158 populo
558 1114 791 1149 secerneret.

159 1166 255 1206 328.
313 1177 418 1200 more
427 1171 596 1214 patrum
615 1164 723 1215 Virg.
753 1164 898 1215 Georg.
923 1167 947 1206 3
978 1164 1072 1205 177.

160 1220 256 1263 835.
314 1221 423 1272 Virg.
442 1220 551 1257 Aen.
576 1220 629 1261 12
659 1221 760 1261 196:
791 1222 1011 1271 suspiciens
1032 1219 1207 1265 caelum,
1236 1220 1436 1272 tenditque
1456 1222 1515 1260 acl

47 1278 178 1317 sidera
199 1277 392 1314 dextram.

0 1372 1 1386 ζ
159 1332 254 1376 343.
311 1346 384 1384 pro
411 1333 613 1371 miraculis
645 1338 704 1369 est
734 1332 923 1384 frequens
947 1331 1048 1370 haec
1075 1342 1156 1369 vox
1185 1332 1311 1368 virtus»-
1330 1333 1371 1370 in
1388 1336 1509 1371 sacris

45 1392 209 1438 Bibliis,
238 1395 284 1426 ut
305 1388 507 1426 adnotavit
528 1390 786 1426 Forcellinus.
829 1387 923 1426 hinc
941 1389 1194 1425 Mazzolenus
1214 1397 1349 1426 auctor
1366 1389 1509 1441 hymni

46 1450 90 1484 iu
119 1446 311 1485 breviario
336 1445 605 1482 Ambrosiano
629 1446 777 1496 recepti
795 1458 867 1496 pro
886 1446 988 1483 festo
1011 1446 1053 1483 S.
1074 1443 1253 1496 Philippi
1273 1448 1380 1483 Nerii
1403 1450 1507 1484 ceci-

47 1505 127 1542 nit:
156 1501 337 1553 implevit
353 1502 420 1539 hic
437 1502 649 1540 virtutibus
665 1510 807 1547 terras,
840 1509 878 1538 et
896 1510 1007 1539 astra
1025 1501 1190 1539 civibus.
1241 1514 1278 1543 v.
1298 1510 1336 1540 et
1356 1504 1378 1543 1
1414 1504 1508 1546 143.

157 1561 253 1601 344.
311 1559 660 1611 undivagumque]
691 1571 729 1596 v.
754 1557 805 1595 ad
828 1561 853 1599 6
882 1558 975 1599 343.

158 1614 255 1658 345.
311 1616 420 1666 Virg.
443 1615 552 1652 Aen.
574 1615 600 1656 4
630 1617 706 1656 26:
738 1615 939 1665 pallentes
964 1613 1128 1652 umbras
1149 1613 1288 1659 Erebi,
1327 1622 1366 1653 et
1398 1614 1504 1657 242:

45 1673 204 1712 animas
226 1670 296 1709 ille
314 1679 452 1709 evocat
476 1671 576 1710 Orco
592 1671 804 1723 pallentes.

158 1727 255 1771 346.
311 1728 430 1766 Iudas
461 1730 571 1779 epist.
601 1729 679 1770 25:
722 1728 798 1765 soli
826 1727 897 1765 cleo
923 1727 1119 1766 salvatori
1148 1733 1278 1764 nostro
1305 1727 1441 1779 gloria
1469 1735 1508 1766 et

45 1785 361 1838 magnificentia,
389 1787 596 1835 imperium
615 1792 653 1822 et
663 1792 851 1835 potestas.

158 1841 254 1884 347.
310 1842 496 1892 Paralip.
520 1842 543 1881 1
572 1843 627 1882 29
659 1842 734 1881 11:
764 1849 835 1878 tua
853 1847 925 1886 eet,
953 1839 1126 1885 domine,
1148 1840 1450 1891 magnificentia
1468 1848 1506 1877 et

37 1899 221 1949 potentia
234 1905 272 1935 et
284 1897 419 1950 gloria
439 1906 560 1949 atque
579 1899 764 1944 victoria,
797 1905 835 1935 et
853 1897 927 1934 tibi
943 1896 1051 1933 laus:
1086 1903 1230 1933 cuncta
1249 1898 1370 1942 enim,
1401 1912 1504 1949 qaae

43 1956 88 1993 in
103 1955 211 1994 caelo
229 1962 327 1992 sunt
343 1962 380 1991 et
397 1956 440 1992 in
459 1962 581 2000 terra,
611 1961 682 1991 tua
701 1962 808 1992 sant.
872 1963 1003 1999 ticam,
1033 1953 1206 1999 domine,
1234 1967 1417 2004 regnum.

153 2011 249 2054 848.
305 2018 351 2049 ut
363 2013 486 2050 oratio
501 2013 653 2063 Moysis
660 2011 789 2050 Exod.
803 2014 856 2054 33
889 2013 963 2054 13:
992 2011 1140 2060 respice
1148 2010 1351 2060 populum
1369 2018 1501 2056 tuum,

36 2075 194 2121 gentem
213 2067 334 2106 hanc.

154 2125 251 2167 351.
307 2127 383 2165 Isa.
405 2126 425 2164 1
459 2126 536 2166 28:
569 2130 735 2162 conteret
757 2123 935 2161 scelestos
955 2130 992 2159 et
1002 2129 1233 2173 peccatores
1253 2122 1390 2159 simul.

152 2181 250 2223 354.
306 2181 406 2219 haec
421 2194 642 2218 memorans
658 2182 767 2231 Virg.
784 2181 892 2217 Aen.
909 2181 934 2221 5
965 2179 1043 2221 641
1069 2185 1108 2216 et
1124 2178 1219 2227 743,
1252 2186 1291 2216 et
1313 2182 1367 2220 10
1394 2181 1496 2228 6803

19 2240 68 2281 '²6
95 2239 201 2279 699:
235 2239 294 2275 sic
313 2251 552 2282 memorans,
581 2237 808 2288 largoflelzi
826 2236 950 2273 simul
966 2249 1037 2272 ora
1053 2234 1229 2286 rigabat.

151 2296 246 2336 368.
303 2293 566 2344 acceptabile]
612 2307 693 2331 vox
726 2294 915 2345 frequens
952 2294 995 2329 in
1028 2293 1149 2329 sacris
1174 2292 1318 2329 Bibh'is
1344 2293 1498 2330 Latinis

42 2356 127 2388 tum
144 2352 268 2388 Italae
285 2353 428 2388 veteris
446 2357 533 2387 tum
550 2351 743 2401 Vulgatae
759 2351 964 2398 versionis,
987 2355 1030 2386 ut
1046 2349 1089 2386 in
1106 2349 1218 2399 epist.
1234 2349 1259 2389 1
1278 2350 1388 2386 Petri
1398 2351 1426 2390 2
1450 2350 1498 2391 5:

41 2405 189 2445 hostias
207 2407 469 2458 acceptabiles
487 2407 571 2444 deo.

153 2465 249 2505 369.
304 2464 538 2503 Ambrosius
561 2463 773 2514 Calepinus
794 2462 838 2499 in
858 2475 928 2500 suo
945 2462 1187 2500 Dictionario
1206 2462 1329 2500 verbo
1347 2462 1499 2500 sancti-

31 2519 137 2568 fico,
163 2520 234 2557 ubi
265 2528 442 2559 recenset
467 2522 550 2558 eius
580 2519 774 2567 derivata,
806 2520 1029 2571 subiungit:
1061 2532 1163 2570 quae
1183 2519 1299 2568 apud
1314 2518 1499 2555 ecclesia-

43 2576 160 2613 sticoe
179 2577 382 2627 scriptores
401 2591 601 2630 nusquam
615 2591 696 2614 non
709 2582 938 2622 occurrunt,
968 2576 1146 2614 classicis
1174 2582 1307 2612 tamen
1336 2575 1501 2624 linguae

42 2633 218 2669 Latinae
237 2633 463 2672 auctoribus
477 2648 627 2686 parum
644 2641 814 2684 recepta.
873 2634 934 2670 bis
965 2634 1221 2685 participium
1245 2632 1375 2668 sancti
1389 2632 1502 2667 [cans

43 2690 213 2734 occurrit
237 2689 279 2725 in
303 2691 472 2742 Vulgata
497 2690 670 2729 editione
691 2702 893 2728 sacrorum
915 2691 1161 2738 Bibliorum‚
1190 2701 1336 2737 nempe
1356 2684 1500 2726 Ezech,

44 2747 100 2788 20
131 2747 183 2786 12
211 2751 250 2782 et
277 2745 396 2784 Rom.
427 2747 481 2790 15
510 2750 579 2790 16.
638 2754 678 2786 nt
703 2747 870 2787 verbum
895 2746 1147 2795 sanctificare
1178 2745 1324 2782 centies
1350 2743 1432 2781 illis
1459 2743 1501 2779 in
