1702 3060
300 124 396 170 316
727 123 913 167 NOTAE
944 123 1003 166 IN
1033 123 1288 168 LIBRUMI

297 230 465 271 nominis
484 229 566 268 dux
583 229 759 280 equitum
777 230 848 267 sub
867 229 1078 269 Iustiniano
1088 231 1143 268 M.
1163 244 1278 282 saepe
1299 230 1480 270 laudatur
1492 233 1695 286 aProcopit

298 286 347 324 de
364 287 468 324 bello
490 283 667 322 Gothico.
705 286 835 323 Foco.
891 286 997 323 laesa
1018 293 1075 324 est
1096 285 1305 325 distinctio.
1360 288 1504 326 scribe:
1546 301 1616 325 nee
1634 299 1695 331 naq

295 341 590 391 magnanimus,
636 341 781 376 meritis
805 347 841 377 et
866 342 1018 379 nomine
1052 343 1242 393 Magnus·
1305 348 1580 381 commentator
1614 341 1695 382 hae·

294 397 389 432 talia
409 395 598 445 neglexit.
654 396 817 433 Bima.

405 473 473 512 23.
528 473 650 510 saeris
669 472 884 511 rationibus
904 476 1042 526 aptus]
1072 473 1292 522 rationalis,
1319 475 1388 528 qui
1407 476 1573 515 rationes
1591 476 1693 528 exigi

297 539 319 564 a
337 526 548 566 rectoribus
563 529 681 565 totius
701 529 868 580 imperii.
887 531 1010 568 Rrrr.
1065 544 1199 568 sacrae
1216 532 1383 568 rationes
1401 539 1490 569 sunt
1506 533 1694 582 imperato·

297 582 345 618 rii
365 579 525 620 reditus.
579 583 635 621 sic
663 584 849 635 quicquid
879 584 929 621 ad
959 586 1176 637 principem
1199 587 1312 635 facit,
1351 600 1506 624 sacrum
1525 593 1694 624 censetur

296 650 410 673 sacra
423 636 521 673 aula
537 649 574 674 v.
591 639 664 685 27,
693 639 820 676 divini
829 640 949 689 pedes
967 652 1006 678 v.
1028 644 1079 682 37
1092 669 1103 690 ,
1133 649 1292 678 sanctae
1309 643 1393 693 ipse
1413 655 1452 679 v.
1470 644 1522 683 38
1533 671 1544 690 ,
1573 641 1694 679 divali

294 693 403 741 origo
419 705 460 728 v.
478 690 544 739 42,
574 691 700 730 divini
713 693 872 731 honores
892 708 932 733 v.
951 693 1005 736 47
1019 724 1030 743 ,
1060 703 1098 732 et
1118 697 1227 733 mille
1246 698 1341 734 talia
1363 698 1405 733 in
1423 703 1503 735 toto
1523 695 1598 734 hoc
1617 699 1693 747 poe

294 753 414 782 mate.
442 747 605 783 Bima.
640 755 815 798 sumptus
834 749 952 786 annui
970 751 1203 801 reipublicae
1227 752 1321 788 olim
1342 763 1365 788 a
1389 752 1560 800 consule,
1587 752 1694 802 posit.

295 802 338 837 iu
366 801 451 838 foro
479 799 613 850 hasta,
658 804 999 854 componebantur.
1055 804 1168 843 ovid.
1194 805 1243 842 de
1267 807 1392 844 Ponto
1419 805 1447 846 4
1471 807 1512 847 5.
1566 813 1693 844 mutat·

297 861 400 893 statu
416 854 458 892 id
474 857 647 906 ipsorum
667 859 875 896 Caesarum
894 866 974 897 erat
992 871 1156 898 munus:
1184 859 1276 897 hinc
1290 862 1498 911 imperium
1516 859 1691 912 depositu

298 923 363 948 rus
392 912 591 961 Augustus
621 914 877 951 rationarium.
906 913 1047 951 reddit.
1104 915 1264 953 Sueton.
1294 928 1328 952 c.
1348 917 1415 956 28.
1469 922 1602 966 postea
1625 930 1690 953 cur

299 978 345 1002 ea
365 964 415 1002 ad
431 973 696 1016 procuratores
714 969 888 1007 Caesaris
909 968 1104 1007 devoluta.
1145 969 1391 1020 Lampridius
1407 970 1450 1007 in
1469 970 1692 1008 Alexandro

298 1027 458 1057 rectores
471 1023 688 1071 provinciis
713 1023 807 1060 dare
834 1024 899 1061 vel
907 1025 1150 1073 praepositos
1157 1025 1297 1076 facere
1313 1024 1379 1062 vel
1386 1033 1656 1076 procuratores
1673 1027 1691 1062 i*

298 1082 354 1112 est
378 1077 587 1112 rationales
614 1078 807 1115 ordinare.
866 1074 1092 1118 ὑπεύθυνοι
1125 1081 1237 1130 quasi
1271 1079 1479 1118 reddendis
1506 1081 1691 1118 rationibu

297 1131 458 1167 obnoxii
490 1129 691 1178 dicuntur,
728 1139 772 1168 ut
803 1133 940 1183 loquar
964 1146 1052 1170 cum
1078 1135 1310 1185 imperatore
1329 1136 1358 1172 1.
1380 1134 1407 1174 4
1425 1136 1468 1172 C.
1492 1134 1540 1172 de
1557 1136 1657 1173 Cler.
1677 1149 1690 1172 ε

295 1186 478 1234 Episcop.
519 1183 592 1221 hos
609 1186 882 1224 Constantinus
902 1189 1068 1225 instituit
1087 1196 1125 1225 et
1140 1191 1307 1239 negotiis
1327 1190 1521 1228 fiscalibus
1537 1203 1691 1241 praeese

294 1240 439 1286 voluit,
477 1251 547 1276 seu
573 1241 744 1278 criminis
763 1242 832 1278 ffla
850 1255 920 1279 seu
941 1244 998 1279 rei
1016 1245 1276 1292 pecuniariae.
1331 1245 1511 1283 Martian.
1531 1246 1580 1282 Ic
1600 1246 1672 1282 lib.

296 1294 341 1331 C.
363 1292 414 1330 ad
429 1294 508 1344 leg.
530 1294 605 1331 Iul.
622 1295 776 1333 maiest.
793 1297 868 1332 Iul.
891 1297 1058 1346 Capitol.
1082 1298 1125 1333 in
1142 1299 1375 1336 Maximino.
1427 1306 1518 1336 sunt
1540 1313 1630 1351 ergo
1652 1312 1690 1336 ra

293 1349 459 1386 tionales
478 1350 722 1400 principum,
762 1352 830 1402 qui
847 1351 1039 1401 privatam
1060 1352 1315 1390 substantiam
1336 1353 1565 1404 gubernant.
1621 1356 1690 1392 Cas

293 1403 437 1442 siodor.
459 1406 484 1444 6
504 1417 567 1455 ep.
585 1406 633 1444 8:
663 1411 699 1441 et
715 1407 884 1442 rationes
901 1406 1090 1457 Belgica-5·
1099 1421 1323 1457 procurare.
1380 1410 1482 1446 Plin.
1501 1412 1527 1450 7
1555 1411 1606 1449 16
1625 1410 1689 1448 fim

293 1461 429 1497 Iuven.
450 1461 500 1500 6:
525 1461 664 1510 gravis
682 1467 738 1497 est
754 1460 986 1509 rationibus;
1026 1468 1065 1499 et
1082 1469 1192 1501 vetus
1213 1462 1430 1501 Scholiasta
1450 1463 1501 1501 ad
1517 1463 1619 1501 illud
1639 1465 1689 1502 ibi

293 1513 407 1552 dem:
436 1514 548 1565 longi
564 1515 700 1566 relegit
719 1522 938 1554 transversa
956 1517 1101 1554 diurni.
1131 1519 1279 1557 Auson.
1297 1519 1486 1570 parental.
1505 1532 1621 1557 carm.
1639 1518 1689 1561 24

291 1571 437 1606 serinia
458 1570 654 1620 praefecti
683 1573 859 1617 meritus,
899 1571 1117 1609 rationibus
1148 1574 1238 1610 inde
1263 1575 1512 1624 praepositus·
1538 1574 1688 1624 Libyci«

290 1637 437 1662 nomen
454 1638 613 1673 novum,
643 1639 704 1663 res
723 1628 1004 1678 antiquissima,
1034 1634 1077 1664 ut
1095 1626 1194 1665 dixi.
1248 1641 1418 1666 marmor
1433 1636 1569 1668 vetus:
1593 1631 1642 1667 D.
1658 1631 1690 1666 Ν

290 1680 527 1717 Abaseantio
556 1682 658 1731 Aug.
685 1682 755 1718 lib.
781 1681 936 1719 aedituo
968 1681 1075 1719 aedis
1097 1685 1287 1733 Neptuni,
1328 1696 1427 1736 quae
1459 1691 1518 1722 est
1543 1686 1585 1722 in
1616 1686 1688 1722 circ

292 1735 506 1783 Flaminio,
535 1737 693 1774 Flavius
714 1738 906 1775 Ascantus
923 1744 960 1774 et
977 1739 1135 1775 Pallans
1155 1740 1265 1776 Caes.
1279 1741 1328 1776 N.
1345 1751 1421 1776 ser.
1443 1738 1596 1779 adiutor
1612 1752 1634 1776 a
1651 1752 1688 1790 ra

292 1790 463 1827 tionibus
486 1791 588 1840 patri
610 1792 782 1840 piissimo
806 1793 881 1829 fec.
937 1793 1037 1830 forte
1056 1791 1120 1830 hic
1139 1794 1269 1831 Pallas
1288 1800 1378 1842 estf
1398 1793 1448 1831 de
1466 1807 1542 1846 quo
1561 1795 1687 1846 satyri«

292 1843 467 1881 historici
485 1851 524 1881 et
542 1846 694 1882 Plinius
718 1847 850 1883 Iunior
876 1859 955 1883 non
979 1849 1074 1883 citra
1096 1847 1406 1898 indignationem
1429 1849 1500 1887 lib.
1528 1852 1554 1890 8
1586 1863 1648 1900 ep.
1675 1854 1686 1890 (

293 1906 402 1937 erant
427 1906 465 1936 et
489 1900 700 1936 rationales
723 1901 987 1950 privatorum,
1029 1914 1124 1952 quos
1153 1916 1243 1939 cum
1269 1905 1482 1940 secretariis
1514 1903 1683 1941 confund

293 1955 597 1992 Saresberiensis
616 1955 798 1995 Policrat.
821 1958 844 1995 3
871 1957 935 2003 12,
966 1954 1014 1992 de
1037 1957 1176 2007 quibus
1194 1956 1269 1994 hoc
1287 1965 1438 1995 tantum
1455 1964 1565 2006 nota,
1595 1961 1686 1996 ratio

291 2022 362 2046 nes
381 2016 467 2046 tum
486 2010 533 2046 ab
547 2011 596 2047 iis
612 2009 780 2048 redditas
794 2038 804 2058 ,
842 2011 875 2047 si
895 2009 1042 2048 domini
1060 2012 1212 2049 tabulas
1234 2011 1468 2050 delevissent
1487 2020 1524 2050 et
1543 2014 1686 2052 subscri

291 2066 473 2115 psissent.
514 2065 699 2103 Scaevola
717 2067 766 2103 IC
782 2065 853 2103 lib.
873 2064 926 2106 40
946 2065 988 2103 ff.
1012 2065 1059 2103 de
1079 2073 1181 2104 statu
1199 2067 1270 2105 lib.
1308 2069 1485 2106 omittam
1503 2070 1682 2120 Apuleiul

288 2121 454 2170 Apolog.
473 2123 513 2161 2.
569 2121 753 2159 Drmrsr.

398 2196 466 2236 24.
522 2205 712 2235 rectorum
731 2198 862 2251 Latii]
894 2212 939 2237 eo
962 2212 1132 2252 namque
1155 2206 1329 2252 tempore
1346 2199 1598 2239 ⁴Occidentem
1622 2215 1685 2240 mo

290 2250 460 2288 deraturi
493 2254 679 2303 praefecti
715 2254 827 2304 cpoli
864 2255 1200 2293 submittebantur.
1284 2269 1417 2294 eorum
1457 2270 1589 2294 curam
1628 2264 1683 2296 tm

288 2308 432 2355 Magno
453 2309 518 2343 isti
540 2308 850 2346 commendatam
872 2309 965 2347 dicit
988 2311 1189 2361 Corippus.
1245 2311 1346 2348 orbis
1364 2312 1507 2348 Latius
1526 2313 1635 2363 quasi
1655 2314 1684 2350 si

290 2361 437 2411 gillaris
470 2369 507 2398 et
533 2364 580 2399 ab
611 2365 765 2402 Oriente
798 2364 967 2414 divisus,
1003 2366 1205 2404 Claudiani
1235 2367 1415 2416 exemplo
1439 2365 1488 2403 de
1511 2366 1684 2404 concordi

290 2418 392 2452 inter
417 2415 555 2454 fratres
583 2419 794 2457 Arcadium
820 2428 858 2458 et
888 2422 1123 2459 Honorium:
1164 2422 1385 2471 conspirant
1409 2423 1560 2473 gemini
1577 2422 1684 2472 ftena

292 2471 558 2509 communibus
577 2473 698 2511 orbes.
753 2477 914 2513 BARTH.

405 2538 458 2575 ib.
517 2539 710 2576 discussor
750 2541 914 2591 Corippo
955 2541 1131 2592 designat
1171 2555 1369 2580 censorem
1383 2571 1396 2591 ‚
1452 2548 1682 2594 quaestoren

300 2594 537 2631 Glossarium
555 2600 688 2631 vetus:
718 2594 909 2632 discussor
925 2597 1146 2650 λογοθέτης.
1202 2597 1330 2635 aliud:
1358 2596 1569 2651 λογοθὲτης
1586 2598 1682 2634 ratio

299 2650 464 2696 cinator,
491 2651 697 2695 discussor,
725 2650 951 2699 disputator.
1012 2653 1066 2690 sic
1089 2651 1276 2689 discutere
1298 2659 1356 2691 est
1376 2653 1616 2700 examinare,
1645 2664 1682 2688 re

301 2703 431 2756 digere
470 2706 510 2742 iu
551 2704 745 2754 ordinem,
801 2706 1007 2744 illustrare.
1083 2706 1314 2746 Prudentius
1349 2708 1479 2750 Praef.
1501 2705 1682 2753 ,cathem
