1702 3060
462 119 813 164 IOHANNIDOS
846 119 953 166 LIB.
985 119 1066 165 IV.
1427 118 1493 165 97

34 221 121 275 870
147 227 276 268 noluit
296 236 387 269 ante
410 229 527 279 viris,
557 236 644 270 astu
665 229 737 270 sed
756 231 906 283 proelia
926 225 1084 270 tentans

143 299 295 335 auxilio
316 305 506 337 venturus
528 305 625 338 erat.
681 305 776 336 tunc
795 297 915 336 caede
933 300 1137 337 tribunum

146 378 227 403 non
249 365 340 404 tulit
357 365 574 405 ardentem.
631 367 780 404 Mauris
798 379 1024 404 succurrere
1043 367 1159 405 fessis

145 433 329 483 incaluit,
360 440 592 487 sparsasque
610 435 715 471 acies
734 432 783 472 de
800 434 900 471 colle
920 434 1075 485 petivit.

146 514 239 552 ergo
259 502 362 539 inter
383 503 536 540 socitun
555 500 746 553 dirumpit
762 503 917 539 saevior
935 514 1080 552 agmen

34 568 115 612 875
143 569 459 622 Martianumque
477 576 614 622 petens
631 575 782 606 turmas
801 581 873 620 per
891 576 1002 620 prata
1019 575 1266 621 sequentem,

146 643 189 673 ut
207 635 271 674 leo
291 643 506 674 venantum
524 649 669 688 magno
691 636 862 674 clamore
883 644 1040 674 coactus

141 703 342 742 montibus
359 705 402 742 in
418 703 583 754 mediis,
614 705 784 743 stimulis
809 711 848 742 et
867 705 1031 742 verbere
1054 703 1204 743 caudae

141 783 280 823 aspera
300 777 412 823 terga
433 773 538 810 ciens
559 773 601 810 in
620 774 771 825 proelia
792 774 953 811 suscitat
968 774 1060 821 iras,

141 852 207 878 ore
229 839 424 888 fremens,
453 840 680 893 frangitque
701 842 806 879 viros
826 842 968 878 virtute
987 847 1183 892 potentes.

30 907 112 951 880
141 905 393 958 congreditur
410 907 494 945 viso
515 921 590 945 nec
609 910 767 947 territus
786 907 899 947 hoste
917 908 1099 945 tribunus

140 975 275 1023 irruit,
304 974 539 1027 infensoque
558 977 688 1013 virum
706 990 895 1014 mucrone
911 975 1093 1026 petebat:

140 1049 230 1080 ante
252 1041 324 1080 sed
342 1043 563 1094 oppositam
581 1045 762 1081 transivit
778 1044 917 1081 lancea
934 1055 1130 1094 parmam,

139 1111 261 1163 inque
279 1111 355 1147 viri
374 1111 489 1148 cosfis
507 1110 588 1148 lato
608 1113 717 1149 stetit
735 1111 915 1163 improba
933 1111 1053 1147 ferro.

193 1179 374 1218 Nascitur
393 1176 486 1216 inde
509 1178 664 1230 fragor:
692 1180 849 1230 magnis
864 1185 1052 1216 montana
1070 1178 1263 1219 resultant

27 1245 109 1291 885
137 1247 318 1295 vocibus,
350 1252 389 1283 et
405 1247 528 1284 fracto
548 1246 742 1285 crudescit
759 1261 892 1299 pugna
906 1247 1094 1285 tumultu.

135 1315 303 1354 Antalae
323 1315 448 1352 virtus
467 1316 662 1352 venientis
680 1317 842 1352 suscitat
856 1316 935 1353 iras

136 1395 328 1435 spemque
350 1379 460 1419 dedit
476 1383 603 1419 victis.
661 1383 806 1420 iterum
825 1395 1054 1420 concurrere
1075 1389 1248 1421 certant:

137 1451 297 1503 agmina
320 1448 534 1487 densantur
553 1449 698 1498 confis,
729 1451 912 1501 aciesque
932 1457 1143 1489 novantur.

135 1520 222 1572 ipse
240 1524 284 1555 ut
304 1518 477 1555 collectis
499 1517 668 1554 firmavit
690 1517 830 1554 robora
850 1518 1005 1566 turmis,

4 1591 105 1633 ³890
133 1601 205 1640 per
220 1583 374 1624 medios
395 1597 508 1622 enses
526 1586 708 1636 quatiens
728 1586 942 1622 acerrimus
961 1583 1120 1622 hastam

134 1655 269 1702 irruit,
300 1659 339 1690 et
359 1650 502 1690 densos
522 1653 693 1690 volitans
711 1652 908 1704 perfertur
924 1653 967 1689 in
987 1651 1136 1690 hostes.

190 1721 339 1760 Obvius
363 1719 516 1758 ardenti
535 1721 686 1772 primus
706 1734 792 1758 sese
809 1720 952 1757 obtulit
975 1721 1116 1769 Ornus,

130 1790 326 1830 Romulea
343 1801 423 1826 non
444 1797 561 1840 gente
581 1795 708 1836 satus,
739 1800 859 1840 quem
876 1789 1033 1825 Persica
1049 1794 1176 1826 mater

133 1857 256 1897 edidit
279 1855 329 1894 ad
348 1857 520 1906 bellum,
550 1858 681 1908 rapuit
696 1863 831 1894 tamen
846 1857 980 1894 Africa
998 1858 1116 1894 matri

20 1925 103 1971 895
131 1926 299 1964 Antalae
318 1932 528 1976 superante
546 1935 688 1962 manu:
718 1937 892 1976 namque
911 1923 1078 1973 arduus,
1108 1924 1263 1962 hastam
1372 1952 1376 1972 χ

130 1994 279 2034 viribus
298 1995 528 2046 intorquens
541 2022 551 2041 ‚
584 1993 758 2043 clipeum
778 1992 975 2030 transfixit
998 1999 1037 2030 et
1055 1991 1226 2031 hostem.

128 2062 306 2113 protinus
325 2061 491 2110 infelix,
527 2061 620 2098 fatis
643 2060 798 2098 oblatus
818 2061 980 2112 iniquis,

127 2129 285 2168 Arsacis
308 2131 496 2178 occurrit,
533 2126 653 2166 crudo
677 2141 798 2180 quem
818 2127 996 2165 fervidus
1020 2141 1114 2166 ense

128 2197 292 2234 Antalas
314 2195 491 2233 medium
511 2202 684 2245 truncat,
717 2209 795 2248 qua
815 2197 986 2246 cingitur
1003 2208 1152 2244 arcum,

16 2264 100 2308 900
128 2271 298 2318 extaque
317 2277 390 2316 per
409 2265 587 2315 geminas
610 2266 734 2302 secuit
751 2265 939 2316 spirantia
957 2269 1104 2315 partes.

126 2330 220 2370 inde
237 2332 330 2369 ferit
348 2330 539 2384 pavidum
559 2345 746 2370 conversa
765 2331 927 2384 cuspide
943 2331 1132 2379 Maleum,

127 2401 426 2452 Artemiumque
448 2399 584 2437 furens
607 2406 645 2437 et
666 2399 763 2437 duro
784 2401 946 2438 nomine
968 2400 1153 2436 Maurum

129 2466 384 2519 transadigit,
414 2468 598 2520 socioque
623 2469 770 2506 infixus
794 2467 928 2506 deiicit
946 2462 1083 2504 ictum.

182 2534 333 2574 zadius
352 2536 510 2574 eximiis
527 2536 593 2574 lon
598 2549 647 2589 ge
666 2536 956 2588 praesumpssor
974 2536 1094 2572 armis

15 2655 87 2691 870
107 2654 214 2689 voluit
234 2659 311 2691 arte
333 2658 428 2702 apud
449 2659 491 2693 M
625 2659 690 2694 881
715 2658 912 2704 insessoque
932 2658 965 2691 Τ
1097 2656 1166 2693 883
1191 2654 1316 2689 constis
1342 2653 1411 2687 leto
1440 2654 1473 2689 Τ

12 2701 84 2736 888
106 2699 237 2735 cunctis
264 2702 316 2744 T,
350 2703 474 2750 campis
498 2703 540 2737 Μ
688 2705 756 2740 893
786 2705 872 2748 non]
905 2704 948 2737 de
973 2703 1014 2737 Μ
1164 2702 1247 2736 ibid.
1281 2699 1412 2745 perfida
1441 2700 1475 2735 'I'

0 2746 82 2783 2896
104 2750 140 2782 et
153 2747 196 2781 M
199 2773 211 2791 ‚
233 2746 268 2782 in
287 2747 320 2782 Τ
451 2749 518 2783 899
540 2760 638 2784 arcus
653 2750 694 2783 M
826 2750 894 2785 903
916 2749 1018 2783 deicit
1036 2749 1074 2783 T.
