1702 3060
387 91 446 134 IN
482 90 833 134 IOHANNIDOS
867 89 929 132 III
961 90 1163 134 NOTAE.
1418 85 1517 132 249

166 199 263 242 426.
321 200 363 238 in
384 200 519 239 codice
541 208 600 239 est
619 188 759 251 fimas,
788 201 842 237 ita
868 207 913 238 ut
940 201 1073 251 legere
1096 199 1263 251 quisque
1281 199 1406 250 possit
1420 212 1518 249 pre-

56 281 160 315 ma35
189 266 262 305 sed
280 269 448 307 fortasse
469 271 511 306 in
532 270 744 322 antiquiori
762 267 896 306 codice
915 275 996 306 erat
1010 256 1165 318 filma-3,
1194 265 1237 303 id
1262 273 1321 303 est
1338 267 1517 317 palmas.

168 334 265 377 428.
324 337 428 373 infra
447 337 597 387 pluries
623 336 863 374 Guntarich.
899 337 933 374 is
958 334 1179 373 Gonlltaris
1198 341 1362 371 vocatur
1380 346 1402 370 a
1420 335 1519 370 Pro-

57 393 192 443 copio,
224 394 294 443 qui
312 393 361 430 de
380 392 480 429 bello
503 393 637 431 Vand.
658 395 683 432 2
708 406 730 429 a
751 406 783 429 c.
809 395 859 432 19
878 406 1003 444 usque
1025 391 1076 428 ad
1096 392 1187 428 libri
1205 390 1384 428 eiusdem
1400 390 1521 427 finem

57 460 179 500 saepe
198 450 283 486 eius
299 451 494 486 meminit.
556 451 673 486 citato
694 451 822 500 capite
841 462 881 499 p.
905 451 988 489 282
1007 447 1152 484 dicitur
1177 447 1398 484 Gonlharis
1416 461 1435 483 e
1452 449 1525 484 sti-

50 514 243 556 palorum
273 505 493 543 Solomonis
522 504 643 558 (post
667 507 750 542 eius
778 504 948 542 reditum
973 507 1012 541 in
1035 505 1235 551 Africam,
1269 506 1338 555 qui
1361 506 1526 554 contigit

59 575 164 599 anno
191 561 303 614 539)
334 575 514 607 numero,
554 562 722 598 bellator
751 563 946 612 egregius.
1006 574 1028 598 a
1056 562 1182 597 Paulo
1217 560 1383 597 (liaeono
1412 562 1523 597 His-l.

61 617 238 655 Malu-eu.
271 621 320 660 17
353 618 415 656 ed.
445 617 616 655 Aldinae
643 620 745 659 1521
780 632 819 669 p.
850 617 931 659 304
969 624 1131 655 vocatur
1170 617 1416 664 Gunlarillz;
1458 616 1527 654 ubi

67 675 270 713 Vintart'tlt
286 676 431 725 legitur
448 677 490 711 in
513 674 684 712 editione
703 676 971 712 Muratoriana
988 677 1092 712 inter
1104 675 1199 710 Ber.
1215 674 1395 711 Italic-ar.
1413 675 1525 710 Seri-

53 738 189 782 plores
207 737 237 767 t.
261 733 279 771 1
301 745 340 782 p.
366 733 468 778 107,
501 732 571 768 ubi
593 732 694 768 liber
715 734 855 769 citatus
879 739 937 768 est
963 733 1025 771 16.
1084 732 1216 768 nescio
1247 744 1323 782 qna
1351 733 1524 768 auctori-

60 794 140 825 tate
168 788 279 825 nisus
305 789 516 825 More-ellus
546 788 645 840 Asr.
676 787 819 825 Chri-sl.
839 795 868 825 t.
893 791 918 829 3
944 801 983 838 p.
1003 789 1085 828 298
1120 801 1210 824 eum
1245 787 1349 824 dicat
1374 788 1525 824 Arme-

62 857 182 881 num:
213 857 308 881 nam
339 846 575 882 Armenicae
608 846 768 895 linguae
798 847 982 895 ignarum
1005 845 1126 881 fuisse
1147 851 1256 895 patet
1277 858 1328 881 ex
1351 858 1396 882 eo
1418 843 1526 896 qnod

60 907 194 938 narrat
212 902 426 952 Procopius
449 902 497 938 de
517 901 617 938 bello
640 902 771 939 Vancl.
794 905 819 941 2
850 905 925 948 28,
957 901 1023 936 ubi
1055 903 1219 951 exponit
1248 900 1448 952 quomodo
1476 901 1524 937 ab

62 959 246 994 Armenis
267 956 318 994 ad
341 971 522 995 mensam
541 961 692 995 occisus
711 959 852 1005 suerit,
887 960 991 994 inter
1010 958 1087 994 alia
1108 956 1207 994 haec
1231 958 1428 995 referens:
1461 959 1526 994 ιἠ-

63 1021 171 1064 cepto
201 1015 380 1051 convivio
411 1028 491 1051 rem
521 1014 691 1066 aggredi
717 1015 922 1051 destinans
937 1014 1144 1050 Artasires
1163 1028 1328 1051 manum
1348 1015 1528 1050 acinacis

63 1069 208 1120 capulo
227 1071 310 1107 iam
326 1070 576 1108 admovebat.-
607 1071 678 1108 sed
697 1071 912 1121 Gregorius
932 1084 1020 1107 eum
1039 1072 1181 1116 tenuit,
1211 1070 1354 1121 lingua
1369 1084 1531 1108 monens

51 1121 260 1164 'Armenia
283 1127 461 1164 nondum
489 1135 554 1164 sat
577 1126 670 1164 bene
688 1135 832 1178 potum
867 1127 1112 1172 Gontharin,
1143 1129 1284 1164 mentis
1315 1134 1531 1177 compotem

62 1183 198 1220 adhuc
222 1196 313 1220 esse.
371 1185 452 1221 imo
477 1197 625 1221 nomen
654 1186 789 1236 ipsum
815 1198 907 1222 eum
926 1183 1150 1222 Vandalum
1170 1184 1292 1221 fuisse
1313 1191 1531 1222 monstrate

0 1249 1 1255 ¹
62 1253 158 1276 nam
175 1241 290 1277 iuxta
307 1239 518 1278 Wachteri
544 1241 798 1278 Glossarium
822 1242 1107 1278 Germanicum
1129 1253 1150 1277 a
1180 1240 1308 1277 Guml
1335 1241 1352 1289 (
1362 1255 1401 1291 p.
1422 1242 1531 1290 644)

64 1309 157 1334 voce
175 1296 394 1334 Ram-isca
415 1305 452 1334 et
476 1297 723 1343 Vandaliea,
757 1311 859 1349 quae
891 1297 1039 1333 bellum
1067 1298 1129 1333 vel
1150 1297 1351 1346 proelium
1378 1297 1534 1347 signifi-

65 1360 150 1402 cat,
187 1353 406 1390 Gontlzan's
436 1353 502 1406 (p.
530 1353 665 1404 625),
711 1354 936 1391 Guntlmris
963 1361 1022 1390 est
1053 1352 1163 1390 idem
1196 1366 1241 1390 ac
1264 1367 1440 1404 pugnax
1470 1355 1535 1390 vel

67 1408 294 1455 bellicosus,
325 1417 364 1447 et
393 1411 646 1448 Gundericus
675 1412 956 1461 interpretatur
991 1409 1238 1459 bellipotens,
1269 1413 1338 1462 qui
1370 1411 1446 1447 fuit
1468 1424 1537 1447 rex

74 1467 118 1505 V
110 1466 354 1504 sandalorum
373 1467 418 1503 in
438 1467 665 1516 Hispania,
692 1467 808 1516 apud
820 1468 1018 1504 [siclorum
1041 1467 1083 1502 in
1106 1466 1313 1504 Chronico.
1378 1468 1537 1504 Grotius

67 1529 223 1570 tamen,
254 1524 405 1574 quoties
440 1523 568 1560 Gund
590 1523 756 1575 offendit
778 1525 821 1560 in
839 1522 1065 1560 nominibus
1080 1524 1277 1573 propriis,
1309 1523 1540 1560 benevolam

68 1586 142 1616 aut
171 1578 480 1616 benevolentiam
510 1580 807 1630 iulet-pretatur,
837 1587 881 1617 ut
911 1581 1030 1618 refert
1061 1579 1170 1616 idem
1195 1579 1440 1617 VVachterus
1470 1582 1535 1618 cit.

69 1650 109 1688 p.
139 1637 242 1684 625,
283 1637 352 1688 qui
385 1650 478 1673 eum
511 1637 671 1674 refellit.
740 1650 762 1674 a
799 1642 918 1688 poeta
949 1643 1083 1674 nostro
1113 1635 1180 1673 hic
1205 1637 1348 1688 infelix
1373 1644 1538 1674 vocatur

71 1691 290 1729 Gmxtarich
316 1693 482 1730 fortasse
509 1700 670 1744 propter
685 1694 890 1731 infelicem
911 1695 1063 1731 exitum
1082 1691 1289 1730 cuiusdam
1308 1693 1535 1743 expeditio—

70 1751 133 1786 nis
165 1756 299 1786 contra
324 1751 484 1787 Mauros
513 1763 535 1786 a
560 1750 775 1788 Solomone
806 1752 960 1799 iussae,
996 1751 1061 1787 vel
1092 1751 1208 1801 qnia,
1242 1757 1285 1787 ut
1311 1750 1537 1788 videbimus

71 1806 194 1853 infra,
227 1819 330 1844 anno
353 1806 458 1854 545,
491 1805 555 1843 die
586 1809 786 1844 tricesimo
820 1815 934 1845 sexto
965 1813 1055 1859 post
1081 1813 1315 1857 occupatam
1333 1807 1381 1844 ab
1403 1821 1449 1844 eo
1471 1814 1538 1860 ty-

72 1861 281 1899 rannidem
294 1892 304 1910 ,
333 1864 420 1913 ipse
443 1863 648 1901 confossus
667 1863 813 1914 gladiis
830 1866 1099 1901 Armenorum
1121 1865 1267 1900 misere
1287 1866 1452 1902 interiit.

185 1929 282 1972 430.
339 1937 451 1981 potes
474 1932 595 1967 etiam
615 1931 750 1981 legere
768 1945 839 1982 pro
860 1933 997 1968 minax
1017 1933 1190 1968 minans.

182 1996 280 2039 431.
339 2005 465 2034 metas
480 2011 572 2034 acer
586 2012 711 2050 agens
725 2001 834 2050 Virg.
853 1999 962 2037 Aen.
990 2001 1012 2039 1
1044 2001 1126 2040 366
1157 2005 1195 2035 et
1226 2001 1251 2039 3
1283 2000 1378 2040 682·

183 2064 281 2107 482.
340 2067 494 2103 correxi
521 2079 574 2103 ex
601 2068 709 2118 Virg.
740 2068 848 2104 Aen.
885 2071 936 2108 12
967 2069 1070 2108 252:
1111 2072 1343 2103 convertunt
1371 2065 1542 2102 clamore

62 2123 232 2174 flag-am.
293 2121 366 2160 sed
385 2136 437 2159 ex
457 2121 636 2160 eiusdem
655 2126 680 2164 9
712 2127 792 2165 378
806 2154 816 2172 ,
848 2126 917 2175 qui
938 2125 1077 2174 incipit
1095 2123 1166 2160 secl
1184 2122 1354 2159 celerare
1366 2123 1544 2173 fingam,

51 2207 54 2209 Α
74 2180 222 2230 poteris
241 2178 408 2217 fortasse
428 2180 612 2230 supplere
632 2180 800 2217 celerare
823 2194 895 2232 pro
914 2181 1103 2217 clamore.>

188 2245 284 2288 438.
342 2245 434 2283 vide
456 2259 574 2297 supra
591 2247 642 2284 ad
661 2261 698 2286 v.
717 2250 812 2288 238.

187 2314 285 2356 439.
343 2316 452 2365 Virg.
481 2315 625 2366 Georg.
641 2317 666 2355 3
694 2314 794 2356 149:
825 2314 970 2351 acerba
987 2327 1152 2358 sonans,
1184 2319 1223 2350 et
1236 2312 1345 2350 Aen.
1363 2314 1416 2355 12
1441 2315 1544 2355 398:

78 2370 222 2409 acerba
233 2371 428 2423 fremens.
476 2370 591 2409 Ovid.
611 2372 780 2409 Heroid.
805 2373 830 2413 8
862 2375 962 2414 107:
992 2369 1136 2408 acerba
1153 2383 1334 2421 gemens,
1366 2377 1404 2408 et
1427 2372 1545 2408 Lucr.

78 2429 106 2470 5
136 2428 212 2469 34:
241 2427 385 2466 acerba
408 2435 534 2465 luen-s.

193 2495 288 2538 440.
348 2496 537 2544 tranfixo
551 2503 711 2547 pectore
731 2497 840 2548 Virg.
861 2495 969 2534 Aen.
996 2498 1015 2536 1
1049 2493 1119 2538 48.

196 2562 292 2605 441.
348 2566 456 2616 Virg.
487 2564 595 2601 Aen.
625 2566 650 2604 3
684 2567 730 2605 1:
761 2572 926 2602 evertere
954 2570 1114 2616 gentem
1143 2564 1383 2600 immeritam
1418 2562 1550 2598 visam,

84 2621 252 2670 superis,
282 2627 320 2658 et
349 2623 451 2663 376:
484 2622 519 2658 is
538 2621 705 2658 vertitur
721 2622 829 2660 ordo.
895 2622 1118 2660 Solomonis·
1143 2627 1315 2659 mortem
1341 2618 1550 2668 descripsit

85 2677 320 2727 Procopius,
349 2683 395 2714 ut
415 2678 532 2715 retuli
554 2676 605 2714 ad
629 2679 651 2718 1
682 2677 778 2721 470.
821 2688 826 2693 ”

197 2742 292 2786 444.
353 2745 473 2781 tris-1123
497 2753 633 2782 arator
651 2747 760 2796 Virg.
789 2747 934 2798 Geor-g.
960 2749 984 2787 3
1016 2745 1110 2788 517.
