1702 3060
30 0 91 69 ²3²⁰<

47 50 75 81 J'!

46 94 70 128 ³
407 110 617 154 IUSTJNI
649 110 887 155 mmoms
921 110 1026 155 Lm.
1059 110 1096 153 1.

26 215 109 275 Q
131 225 307 258 maturas
323 233 440 270 uvas,
469 227 644 259 maturas
665 222 794 272 signat
817 221 967 269 olivas3

32 278 61 330 ἶ
71 294 75 301 ’
133 290 394 340 aequiparans
416 287 584 326 candore
603 291 714 327 nives
736 288 957 341 hiemisque
978 287 1161 339 pruinam

40 349 43 351 ’
133 355 322 393 albicolor
341 354 460 393 viridi
479 357 606 394 socius
631 358 881 407 coniungitur
899 368 992 402 una,

133 429 172 460 et
194 423 323 460 fecere
343 421 440 459 duas
460 421 591 460 studia
609 425 650 460 in
668 425 861 460 contraria
878 429 1024 474 partes,

131 495 176 526 ut
195 496 286 527 simt
301 491 458 528 aestivis
473 490 668 528 brumalia
686 491 834 542 frigora
852 490 1036 527 flammis.

22 557 103 600 fflo
130 558 215 609 ipse
236 560 375 609 ingens
398 558 541 604 circus,
565 559 708 608 plenus
729 572 800 596 ceu
820 558 986 595 circulus
1008 555 1115 602 anni,

82 643 83 647 ¹
134 623 328 662 clauditur
347 627 388 662 iu
409 631 574 662 teretem
591 626 721 677 longis
740 626 976 663 aufractibus
999 623 1149 671 orbem,

132 694 372 744 amplectens
395 694 574 743 geminas
596 707 720 746 aequo
743 694 967 731 discrimine
985 698 1111 728 metas

134 766 174 797 et
191 762 361 812 spatium
378 759 533 798 mediae
546 790 556 809 ,
587 774 664 813 quo
685 775 726 798 se
747 763 810 798 via
828 757 967 812 pandit
979 789 989 807 ,
1021 771 1177 795 arenae.

454 829 624 866 referam
642 831 788 880 primas
811 830 989 866 iunxisse
1013 824 1225 878 quadrigas

21 893 104 938 385
133 901 172 932 et
190 908 325 933 currus
345 908 517 933 armasse
534 908 678 945 novos,
706 899 973 948 Pelopemque
990 892 1207 931 secuudum

130 964 172 1001 in
195 964 320 1001 soceri
340 965 494 1000 venisse
511 975 670 1000 necem:
700 965 961 1015 praestantior
979 963 1078 998 alter

132 1032 314 1068 inventus
335 1044 456 1081 gener
472 1038 542 1079 est,
572 1032 662 1081 plus
683 1044 848 1082 sponsae
868 1033 1023 1068 iunctus
1047 1041 1194 1065 amore.

130 1096 236 1135 hunc
253 1106 430 1136 veterum
448 1100 566 1150 primi
585 1099 703 1135 ritum
720 1112 799 1136 non
821 1100 893 1136 rite
913 1098 1106 1145 colebant,

130 1179 216 1203 esse
234 1164 354 1203 detun
374 1166 500 1203 solem
515 1173 620 1203 recta
639 1180 718 1204 non
737 1174 870 1204 mente
889 1173 1097 1218 putantes:

20 1229 102 1275 840
129 1231 200 1270 sed
214 1233 338 1271 factor
356 1235 451 1272 sons
469 1240 679 1286 postquam
700 1235 772 1272 sub
793 1236 876 1272 sole
895 1234 1020 1273 videri

129 1314 172 1339 se
190 1301 315 1338 voluit
335 1301 586 1353 formamque
607 1301 703 1339 deus
726 1301 775 1339 de
798 1305 950 1354 virgine
973 1302 1141 1352 sumpsit

129 1367 295 1406 humani
311 1370 466 1419 generis
478 1397 488 1416 ‚
518 1375 611 1406 tunc
627 1383 792 1407 munere
814 1372 909 1408 solis
930 1369 1114 1418 adempto

129 1436 371 1488 principibus
391 1435 543 1472 delatus
565 1435 693 1474 honor
711 1451 935 1490 munusque
954 1438 1106 1474 Latinis

131 1511 170 1542 et
184 1503 355 1542 iucunda
373 1516 500 1541 novae
520 1505 708 1543 circensia
731 1505 876 1556 gaudia
897 1507 1062 1542 Romae.

19 1570 102 1615 345
185 1575 272 1610 Huc
292 1585 428 1610 omues
448 1573 608 1623 populi,
637 1576 751 1624 pueri
770 1575 1011 1623 iuvenesque
1037 1583 1230 1622 senesque

669 1640 763 1679 dant
784 1642 943 1692 agmina
962 1640 1125 1690 plausus

663 1722 744 1746 vox
761 1709 944 1746 omnibus
963 1720 1055 1754 una,

130 1789 244 1814 mens
266 1773 426 1813 eadem:
458 1789 603 1814 nomen
622 1777 780 1828 populis
800 1777 931 1827 placet
949 1775 1132 1813 omnibus
1152 1789 1289 1813 unum.

130 1844 212 1882 ales
230 1850 275 1881 ut
293 1845 493 1895 expositos
515 1858 605 1881 ctun
624 1843 802 1895 phoenix
818 1846 980 1881 innovat
1003 1849 1109 1880 artus

19 1911 100 1957 850
128 1925 150 1950 a
167 1912 281 1950 busto
301 1911 475 1950 rediviva
497 1926 567 1949 suo
581 1942 591 1960 ‚
621 1919 831 1949 concentus
850 1913 891 1948 in
909 1923 1033 1947 unum
1048 1911 1057 1919 ‘

128 1987 234 2018 stans
256 1981 388 2017 avium
409 1986 558 2031 spectat
578 1980 704 2017 solem
726 1980 899 2031 solisque
920 1979 1134 2025 volucrem,

129 2046 225 2085 dmn
238 2049 383 2096 veniat,
415 2061 626 2100 regemque
647 2061 796 2085 novum
818 2049 988 2085 clamore
1007 2047 1192 2094 salutant,

128 2116 184 2153 sic
201 2113 318 2152 decus
335 2117 491 2167 imperii
504 2144 514 2163 ‚
546 2122 725 2153 sanctum
747 2117 802 2153 sic
823 2118 907 2152 Iota
926 2127 1135 2163 resurgens

129 2168 395 2220 exortum⁴est
415 2182 463 2220 de
484 2183 560 2220 fine
579 2195 670 2230 suo,
709 2185 943 2233 seniumque
966 2194 1160 2232 reponens

16 2238 100 2295 855
126 2252 298 2289 nominis
318 2257 356 2287 et
370 2252 465 2287 recti
481 2252 630 2288 Iustino
650 2252 692 2286 iu
712 2251 889 2301 principe
907 2251 1005 2286 vivit

127 2320 364 2356 lastinianus
382 2331 486 2369 apex
502 2331 514 2366 3
545 2317 693 2354 domini
714 2319 769 2355 sic
786 2318 929 2369 vulgus
948 2331 1081 2354 amore

128 2385 304 2438 undique
324 2387 560 2423 conveniens
579 2385 773 2422 laetarum
790 2397 900 2422 more
920 2386 1125 2422 volucrum

126 2447 197 2492 “tu
212 2455 366 2502 vincas,
395 2449 574 2491 Iustine„
594 2460 758 2500 canunt,
790 2454 1008 2504 ingensque
1026 2445 1217 2490 tumultus

15 2561 22 2566 ¹,
132 2523 268 2560 crescit
280 2551 290 2571 ‚
323 2528 362 2559 et
378 2523 555 2572 Augusta
571 2521 700 2558 luctus
721 2519 899 2558 discessit
918 2520 966 2556 ab
988 2520 1076 2557 aula

0 2582 30 2634 ἐζ
75 2591 103 2631 0
129 2589 277 2626 laetitia
291 2591 472 2628 veniente
489 2601 606 2628 nova.
663 2601 744 2626 vox
763 2590 911 2625 excitat
930 2599 1089 2625 omnes:

131 2658 263 2694 omnia
284 2658 432 2694 Iustino
452 2657 641 2707 praebent
658 2656 853 2693 elementa
876 2656 1066 2703 favorem,

0 2771 1 2774 Ἰ
31 2771 42 2779 „⁷
130 2724 264 2761 omnia
280 2723 539 2773 congaudent.
596 2737 733 2762 ommes
753 2724 922 2761 clamore
940 2724 1067 2761 vocati

0 2789 4 2800 '
82 2794 213 2830 merob.
243 2798 276 2828 et
305 2794 383 2827 Gor.
1139 2789 1190 2827 16

26 2710 35 2730 J

27 2736 42 2748 ,γ

1382 107 1474 153 175
