1702 3060
415 95 492 138 DE
525 91 801 137 LAUDIBUS
834 91 1057 138 IUSTlNI.
1175 107 1178 110 ⁴
1367 87 1465 135 297

41 195 255 256 d-faull'o
281 204 410 255 magis
441 204 631 242 sollicitos
663 215 750 241 esse
779 201 944 241 decebat
976 201 1348 241 commentariorum
1367 201 1466 238 scri-

42 256 154 305 fles,
182 261 349 301 BARTR.
406 262 584 311 Assagrii
609 262 831 297 coniectura
852 258 919 297 hic
936 273 1008 310 pro
1027 260 1196 297 auctoris
1216 258 1347 296 verbis
1362 258 1466 308 legi«

32 308 102 363 ᾧ
146 329 221 368 ego
240 330 358 366 vero,
378 316 497 370 ‘quod
518 318 586 354 ille
604 317 711 364 vult,
742 317 908 353 minime
929 329 1045 366 porro
1071 315 1120 353 de
1140 317 1316 353 Avarum
1336 321 1468 365 gente,

37 370 84 413 fl
105 371 156 411 de
177 375 449 412 Romanorum
475 374 647 411 victoriis
676 385 903 410 sermonem
925 386 1016 410 esse
1039 373 1205 409 arbitror
1218 401 1228 420 ,
1259 373 1329 423 qui
1350 372 1471 408 Getas

37 428 181 470 'iffl'loos
200 429 374 482 Gepidas
393 428 675 481 Langobardos
695 430 846 466 mutuis
871 427 1057 466 caedibus
1078 430 1238 482 suisque
1260 427 1471 466 virtutibus

26 488 206 524 univisse
227 486 424 524 dicuntur.
469 493 514 524 tu
532 492 708 524 veterem
723 486 937 522 lectionem
952 486 1121 536 Corippo
1138 486 1314 532 restitue,
1336 483 1472 521 addita

40 549 105 581 ota
120 543 412 594 interrogandi,
441 544 497 581 ita
516 549 651 579 tamen
671 549 715 580 ut
740 554 793 580 ex
808 542 866 581 rei
884 543 1049 580 veritate
1072 542 1214 587 victos,
1243 554 1325 578 nou
1347 542 1474 578 victor

27 598 226 652 agendum
243 600 456 638 arbitreris.
512 601 679 636 ΒΑΜἮ.

123 657 190 698 10.
246 663 436 707 regnante
460 653 691 693 Theodosio
712 655 890 705 Hispano
913 667 975 692 res
1001 666 1172 705 magnae
1195 667 1287 691 cum
1306 653 1470 690 Francis

26 716 145 760 {ottae
173 724 196 749 a
222 713 365 750 comite
395 710 627 750 Stilichone.
687 713 809 749 exciti
836 712 898 749 illi
925 725 946 748 e
968 710 1179 748 Maeotidis
1203 710 1391 758 confinio,
1425 723 1471 747 ao

26 769 184 808 nimum
210 767 263 806 ad
290 770 480 806 Maenum
504 770 548 806 iu
573 769 786 805 Germania
811 767 1097 816 consederunt,
1136 774 1276 818 postea
1306 769 1470 804 traiecto

29 822 151 864 {huno
174 825 326 863 Gallias
353 831 616 876 occuparunt3
654 825 797 876 quibus
817 823 1006 872 ducibus,
1038 837 1116 876 quo
1136 837 1342 872 successu,
1374 821 1472 875 quid

28 882 241 919 &omanis
261 883 311 919 iis
332 894 563 919 concessum
581 882 849 932 principibus,
880 882 1034 932 quoties
1056 880 1311 928 dimicatum,
1343 879 1472 917 histo-

19 938 104 986 ⁹501,
136 945 175 975 et
207 951 261 975 ex
288 939 338 976 iis
370 937 550 985 abunde,
581 944 626 974 ut
659 950 794 988 spero,
827 936 959 974 dicam
987 936 1039 974 ad
1064 936 1168 973 illud
1196 936 1406 974 Claudiani
1430 938 1472 973 in

16 995 249 1046 ‘Eutropium
272 996 315 1034 l:
344 1001 437 1033 ante
457 994 581 1044 pede-9
606 993 752 1030 humili
775 994 948 1030 Franco.
1011 1000 1051 1030 et
1078 992 1127 1030 de
1149 992 1258 1031 laud.
1282 991 1474 1030 Stilicho·-

14 1051 75 1088 ·nis
100 1054 119 1091 1
137 1062 149 1088 :
186 1050 351 1090 Gallica
371 1051 618 1088 Raneorum
642 1057 793 1086 montes
813 1056 994 1088 arm-enta
1008 1057 1229 1100 pererrant.
1290 1051 1476 1087 meminit

13 1106 114 1145 nfra
130 1108 155 1149 1
181 1105 265 1148 254
283 1113 323 1144 et
341 1110 366 1149 3
396 1106 492 1148 385.
548 1107 739 1144 Dnmsr.

127 1166 192 1204 11.
251 1163 442 1202 edomitus
461 1175 543 1200 non
566 1175 727 1214 prorsus
749 1161 972 1199 subiectum
993 1162 1159 1199 victoria
1183 1159 1360 1199 denotat.
1417 1162 1475 1200 sio

12 1217 228 1257 *hiisdem
253 1221 279 1260 3
309 1218 406 1261 384.
462 1221 542 1268 ita,
572 1232 684 1257 more
704 1220 863 1269 Virgilii
881 1225 921 1254 et
942 1219 1112 1255 aliorum
1135 1224 1402 1267 summatum,
1433 1232 1476 1256 se

13 1286 144 1328 ipsum
160 1274 228 1314 hic
248 1288 406 1328 quoque
424 1280 540 1327 poeta
564 1276 799 1313 aemulatur.
857 1277 1023 1312 ΒΑΜ-Η.

47 1347 50 1349 ’
126 1333 193 1372 12.
250 1331 631 1386 Langobardorum]
677 1333 803 1369 amica
836 1329 936 1369 haec
968 1343 1066 1381 gens
1091 1331 1281 1368 Romanis
1310 1328 1407 1367 dum
1434 1330 1478 1366 in

16 1389 219 1426 Pannonia
237 1386 412 1439 degeret,
440 1390 658 1426 Iustiniana
677 1389 870 1439 principe.
931 1400 1034 1424 anno
1053 1400 1148 1424 vero
1170 1386 1393 1424 dominicae
1411 1388 1478 1423 in-

18 1445 255 1482 carnationis
283 1445 366 1488 568
394 1446 468 1483 cal.
495 1446 624 1496 April.
653 1456 811 1494 egressa
834 1445 1052 1481 Pannoniis
1081 1445 1210 1494 coepit
1232 1442 1416 1494 praedari
1434 1445 1478 1479 in

0 1498 142 1542 ltalia.
170 1501 285 1539 Paul.
298 1501 462 1539 Diacon.
476 1501 545 1541 lib.
561 1503 625 1542 16.
657 1502 736 1538 scio
760 1501 858 1537 alios
881 1501 996 1537 aliter
1016 1507 1244 1551 supputare.
1288 1501 1478 1537 Dssmrs’r.

125 1556 180 1595 ib.
241 1556 320 1595 hoo
346 1559 434 1596 loco
459 1565 616 1595 tantum
639 1557 810 1607 Gepides
830 1559 885 1595 ita
907 1558 950 1594 in
968 1563 1102 1594 nostro
1123 1570 1185 1594 ms
1207 1555 1344 1594 codice
1372 1557 1478 1606 legi-

0 1612 100 1662 stur,
129 1626 222 1651 cum
240 1614 340 1652 alias
371 1615 548 1666 Gypc‘des
571 1627 730 1665 semper
750 1615 918 1664 legatur.
978 1620 1153 1651 ceterum
1168 1620 1307 1651 mutua
1325 1619 1477 1664 strages

15 1671 120 1708 inter
147 1669 433 1721 Longobardos
463 1678 502 1709 et
533 1670 707 1723 Gepidas
739 1683 820 1708 non
844 1683 890 1707 ea
912 1682 1014 1722 quae
1036 1671 1118 1707 iam
1143 1671 1216 1708 sub
1237 1672 1477 1721 imperatore

2 1727 234 1764 alustiniano
251 1728 362 1779 prius
379 1728 483 1766 facta
498 1734 570 1776 est,
602 1729 791 1778 cuiusque
808 1729 992 1765 meminit
1009 1728 1225 1778 Procopius
1242 1728 1477 1765 caesarien-

0 1783 71 1822 ·sis
90 1781 142 1819 de
162 1783 271 1821 bello
291 1782 412 1822 Goth.
433 1786 480 1833 3,
510 1783 772 1835 intelligenda
790 1782 970 1831 videtur,
1001 1783 1073 1820 sed
1095 1796 1197 1835 quae
1214 1791 1354 1836 postea
1372 1797 1476 1821 anno

0 1845 131 1878 sumo
163 1840 324 1891 imperii
357 1842 499 1879 Iustini
532 1843 720 1891 contigit3
765 1841 835 1877 ubi
870 1839 1042 1891 Gepides
1075 1854 1168 1877 cum
1199 1839 1476 1878 Cuniemundo

0 1895 192 1948 {ipsorum
209 1909 302 1947 rege
321 1909 344 1934 a
360 1896 636 1948 Longobardis
657 1895 837 1935 funditus
856 1904 948 1934 sunt
965 1896 1085 1935 deleti
1101 1899 1280 1949 reginue
1300 1896 1478 1934 thesauri
1542 1919 1545 1921 ·

0 1949 293 1991 -fflslustinum
323 1953 480 2005 Cpolim
509 1952 708 2004 perducti,
742 1961 784 1991 ut
816 1960 951 1991 auctor
978 1961 1038 1991 est
1068 1955 1202 1992 Victor
1231 1955 1477 1992 Tunnensis.

0 2009 137 2048 fflmz.
195 2008 450 2048 occidentalis
468 2009 655 2063 Scythiae
674 2011 828 2047 incolae
840 2040 850 2058 ,
883 2024 935 2047 ex
954 2009 1176 2048 Gothorum
1191 2012 1377 2061 prosapia
1394 2017 1478 2048 tra-

0 2061 156 2103 {lantes
185 2067 400 2116 originem,
432 2069 608 2104 convicio
629 2069 741 2118 gravi
766 2069 822 2105 sic
848 2068 1138 2118 cognominati:
1169 2080 1265 2104 nam
1292 2068 1480 2117 Gepanla

0 2119 175 2173 'fflum
204 2123 442 2175 pigrumque
475 2121 636 2161 denotat
658 2123 847 2161 idiomate
872 2122 1054 2161 Gothico·
1112 2122 1299 2162 Iornaud.
1322 2122 1370 2160 de
1394 2123 1479 2161 reb.

0 2176 107 2231 'flet-
129 2176 201 2216 sed
223 2178 445 2217 audiendus
465 2181 663 2218 Diaconus
684 2181 754 2217 lib.
778 2179 851 2221 14:
889 2179 1013 2217 Gothi
1037 2180 1276 2231 qumgotlzi
1307 2180 1480 2230 Gepides

0 2220 275 2282 {brandan}
304 2249 446 2274 nomen
468 2243 626 2274 lantum
645 2243 683 2273 et
701 2236 806 2275 nillil
824 2237 943 2274 aliud
959 2244 1157 2274 mutantes
1159 2264 1175 2282 ,
1204 2235 1278 2275 sub
1295 2235 1479 2273 Arcadio

0 2322 2 2325 .
20 2292 263 2345 §2²³Honorio
293 2292 533 2331 Danubium
558 2300 802 2331 transeuntes
823 2294 945 2330 locati
963 2300 1057 2330 sunt
1077 2294 1120 2330 in
1143 2301 1247 2330 terra
1271 2293 1481 2331 Romano-

19 2354 127 2396 Μ,-
154 2355 192 2386 et
226 2349 415 2400 Gepides,
446 2363 492 2386 ex
520 2349 664 2402 quibas
693 2350 812 2388 divisi
834 2357 929 2387 sunt
946 2350 1200 2398 postmodum
1219 2349 1484 2402 Longobardi

21 2406 59 2441 ἅ
76 2403 253 2452 Avares,
273 2406 396 2444 villas
415 2419 519 2458 quae
540 2414 634 2444 sunt
652 2408 760 2444 circa
783 2407 1043 2458 Singidouem
1058 2406 1298 2444 habitavere.
1361 2414 1482 2458 atque

20 2456 121 2498 luco
138 2461 301 2513 quidem
322 2463 394 2501 sub
418 2462 649 2502 Theodosio
671 2465 829 2501 Iuniore
849 2462 1011 2502 Arcadii
1029 2464 1112 2501 filio
1135 2470 1246 2515 gesta
1267 2471 1382 2501 sunt:
1414 2464 1481 2500 Si-

21 2515 204 2566 geben-tus
219 2519 263 2556 in
283 2518 428 2558 Chron.
451 2519 640 2558 Sidonius
657 2522 833 2572 Apollin.
855 2533 974 2558 eamn.
988 2523 1035 2561 7:
1060 2535 1292 2572 pugnacem
1310 2521 1482 2570 Rugum

20 2573 231 2612 comitante
267 2576 416 2615 Gelono
448 2577 606 2628 Gepida
637 2584 728 2614 trux
752 2579 942 2629 sequitur.
1005 2578 1158 2614 bellum
1186 2576 1252 2614 hic
1279 2579 1480 2627 signatum

24 2638 78 2666 ex
102 2627 243 2668 eodem
266 2633 441 2671 Diacono
469 2633 688 2685 petendum
707 2635 778 2671 lib.
802 2636 878 2676 16:
908 2647 1004 2671 nam
1025 2635 1220 2671 Alboiuus
1246 2632 1479 2682 Longobar-

24 2682 167 2723 dorum
184 2699 256 2724 rex
272 2689 542 2728 Turisendum
560 2690 805 2743 Gepidarum
823 2704 958 2743 regem
975 2692 1126 2742 proelio
1144 2691 1357 2741 superavit,
1379 2694 1480 2725 stre-

19 2748 103 2781 nua
119 2743 279 2782 Alboini
301 2744 373 2784 filii
395 2748 457 2786 sui
478 2747 637 2787 adiutus
662 2762 796 2800 opera.
852 2749 1060 2800 legebatur
1088 2754 1222 2785 autem
1250 2747 1292 2783 in
1317 2745 1479 2796 antiquo
