1702 3060
300 159 392 205 176
682 159 908 221 ,CORIPPI
939 159 1014 201 DE
1046 158 1316 202 LAUDIBUS

406 268 634 305 conveniunt
653 277 851 316 proceres:
880 266 953 302 lux
974 279 1079 303 sacra
1099 267 1241 316 palatia
1262 268 1442 318 complet.

407 336 534 383 ipsum
555 334 647 382 quin
668 333 784 367 etiam
805 332 1057 383 [exanimum]
1080 331 1247 382 gaudere
1264 340 1418 381 putares

299 399 375 441 365
407 411 542 447 corpus
555 427 565 444 ‚
594 400 632 433 in
655 399 869 448 angelicam
887 405 1079 435 mutatum
1099 404 1222 435 morte
1239 398 1417 448 figuram.

408 465 517 512 signa
541 462 647 501 dedit
662 466 867 502 manifesta
890 464 1005 512 deus,
1035 478 1153 516 seque
1169 467 1252 515 ipse
1274 465 1448 515 probavit

408 531 553 567 Iustino
573 531 716 568 claram
734 533 843 582 regui
860 532 1088 582 imposuisse
1110 543 1303 569 coronam.

548 779 849 835 LIBER
926 781 1460 843 SECUNDUS.

409 897 599 964 Roscida
618 937 828 974 purpureos
843 927 991 963 Aurora
1010 926 1227 964 ostenderat
1246 935 1363 975 ortus,

409 991 570 1039 imperio
594 998 738 1026 sacrata
756 991 841 1039 dei,
873 991 1116 1044 dominisque
1136 995 1293 1031 iubebat

409 1069 563 1092 sumere
582 1069 805 1094 concessum
825 1060 981 1095 caelesti
999 1073 1158 1095 munere
1178 1073 1353 1110 reguum.

359 1171 365 1176 ι
409 1124 491 1172 ipse
512 1129 639 1158 autem
656 1136 858 1172 procerum
874 1128 1026 1175 maguis
1045 1127 1212 1162 cratibus
1232 1134 1338 1163 actus

356 1189 382 1229 5
407 1201 485 1224 non
507 1190 677 1238 primum
693 1190 845 1239 imperii
862 1192 1007 1240 regalia
1026 1194 1135 1242 sigua
1156 1195 1312 1243 recepit,

410 1256 504 1304 quin
527 1261 672 1291 sacrata
690 1257 795 1305 prius
817 1259 984 1308 supplex
1003 1260 1153 1295 oracula
1171 1272 1332 1309 poscens

409 1319 541 1356 effusis
558 1322 735 1370 precibus
754 1321 904 1359 Christo
926 1337 994 1360 sua
1011 1331 1099 1361 vota
1120 1324 1276 1363 dicaret.

408 1386 513 1421 ilicet
531 1388 696 1435 angelici
715 1401 880 1438 pergens
899 1391 939 1425 in
959 1391 1095 1427 limina
1110 1392 1246 1441 templi

408 1452 591 1501 imposuit
606 1454 670 1502 pia
688 1459 773 1490 tura
793 1455 888 1492 focis
906 1469 1088 1506 cerasque
1106 1458 1292 1494 micantes

332 1519 381 1556 10
411 1518 548 1554 obtulit
561 1546 570 1564 ‚
600 1525 636 1554 et
656 1521 824 1570 supplex
840 1522 1008 1559 lacrimis
1029 1524 1081 1558 ita
1101 1525 1225 1573 coepit
1245 1524 1400 1561 obortis.

405 1578 674 1634 “omnipotens
689 1588 890 1636 princeps,
923 1590 1065 1625 summi
1084 1596 1194 1638 pater
1211 1591 1341 1626 inclite
1363 1593 1482 1640 verbi,

407 1649 478 1685 lux
498 1658 651 1686 aeterna
675 1650 790 1700 deus,
819 1666 948 1690 rerum
965 1655 1150 1691 formator
1171 1663 1209 1692 et
1229 1664 1384 1710 auctor„

408 1717 516 1753 cuius
536 1718 766 1754 stelliferum
786 1719 878 1756 fecit
901 1723 1087 1770 sapientia
1108 1722 1271 1770 caelum,

404 1780 581 1818 fundavit
597 1789 759 1832 terram,
789 1787 943 1823 vestivit
965 1788 1119 1824 fioribus
1139 1801 1264 1838 agros,

327 1848 377 1890 15
409 1848 608 1885 arboribus
629 1851 761 1886 tribuit
781 1863 848 1887 sua
869 1854 1042 1901 germina
1055 1882 1065 1900 ,
1095 1855 1260 1892 vallibus
1281 1853 1433 1903 herbas,

407 1920 445 1950 et
465 1915 562 1950 caeli
582 1914 751 1965 liquidos
770 1917 973 1954 formatrix
993 1919 1163 1956 condidit
1178 1922 1288 1970 ignes

409 1979 628 2016 discernens
650 1993 671 2016 a
689 1988 800 2018 nocte
820 1982 924 2019 diem
936 2013 945 2031 ,
976 1986 1176 2036 rutilisque
1195 1995 1409 2024 comantem

408 2047 555 2082 ornavit
575 2047 697 2082 solem
718 2047 836 2086 radiis
848 2079 859 2097 ,
890 2057 927 2087 et
943 2064 1083 2088 cornua
1101 2053 1217 2090 lunae

405 2113 594 2162 paulatim
613 2115 738 2150 minui
759 2117 946 2164 paulatim
965 2130 1132 2155 crescere
1151 2120 1286 2168 iussit3

325 2181 377 2218 20
405 2178 588 2214 formavit
610 2180 734 2216 varias
755 2179 890 2218 habitu
914 2182 1078 2220 distante
1097 2184 1251 2234 figuras,

406 2243 588 2293 produxit
602 2248 732 2295 pronis
751 2249 933 2285 animalia
954 2256 1077 2285 cetera
1091 2253 1288 2299 membris,

406 2312 532 2347 solum
550 2310 749 2348 hominem
768 2322 916 2350 rectum
931 2343 940 2361 ‚
972 2327 1087 2366 quem
1109 2330 1204 2354 mox
1226 2320 1372 2355 ratione
1397 2318 1569 2368 replevit,

404 2376 599 2413 vivificans
619 2379 763 2415 siccum
780 2393 886 2418 sacro
908 2383 1115 2431 spiramine
1135 2384 1296 2432 limum3

406 2444 513 2479 cuius
533 2443 723 2480 subtracta
745 2448 858 2483 costis
877 2461 927 2483 ex
945 2449 1123 2486 omnibus
1144 2462 1220 2486 una

322 2508 376 2550 25
403 2510 564 2560 perfecit
583 2509 683 2546 facto
702 2513 891 2559 similem,
921 2516 1139 2565 sociamque
1161 2514 1322 2562 dicavit3

406 2573 542 2624 hisque
562 2582 794 2625 creaturam,
825 2580 926 2615 claro
950 2587 1006 2616 est
1032 2593 1130 2630 quae
1148 2581 1300 2618 subdita
1321 2582 1440 2629 caelo,

406 2641 617 2678 subiectam
634 2643 725 2679 fecit
743 2643 863 2680 divini
882 2645 999 2681 iussio
1022 2646 1149 2693 verbi,

403 2719 499 2758 quas
520 2708 591 2745 tibi
610 2710 801 2758 persolvet
819 2717 924 2747 tanto
947 2724 1016 2760 pro
1035 2725 1194 2748 munere
1216 2719 1343 2764 grates
