1702 3060
1679 90 1682 98 μ
1675 76 1679 85 -
1671 67 1676 71 =
1660 0 1682 59 '‘effi-'⁴

298 108 394 152 300
560 107 743 151 NOTAE
774 107 834 149 IN
866 107 1119 150 PRAEFAT.
1151 108 1443 153 LIBRORUM

295 223 378 254 tam
406 214 509 266 apud
535 215 646 252 illam
674 227 794 265 quam
822 213 1026 252 dominum
1054 223 1275 254 accusatum
1302 219 1504 256 Narsetem
1535 217 1692 269 legium„

295 270 539 308 Adrevaldus
569 269 617 306 tle
645 271 843 307 miraculis
873 270 1076 307 Benedicti
1100 285 1133 308 c.
1153 273 1199 313 5:
1225 273 1328 310 idem
1354 274 1504 312 Nat-ses
1525 276 1692 323 patriciu

297 341 386 362 eum
405 340 431 361 a
449 325 643 361 Romani-s·
659 326 773 375 apud
788 326 984 362 lustinum
997 326 1230 377 Angustum
1247 329 1402 378 eiusque
1415 330 1620 379 coniugem
1644 330 1692 369 So

289 381 431 431 phium
455 379 746 418 insimularetur
768 382 1024 430 oppressionis
1045 383 1363 431 provincialium.
1423 392 1463 422 et
1490 390 1591 420 certe
1619 385 1692 426 m&-

294 437 545 472 consonautia
567 436 770 473 nominum
788 437 828 472 in
847 437 998 473 familia
1023 438 1270 487 imperatoria
1287 445 1372 475 tum
1390 439 1464 476 fuit
1477 467 1487 486 ‚
1514 451 1588 476 nec
1605 440 1692 478 abun

293 489 474 527 dentibus
499 491 719 528 virtutibus,
775 492 966 528 Iustinum
985 491 1145 543 quidem
1165 506 1187 530 a
1205 494 1352 530 iustitia
1365 523 1374 540 ‚
1404 493 1593 545 Sophiam
1613 507 1635 531 a
1652 498 1691 533 aa

291 546 439 595 pientia
463 545 598 583 laudat
625 549 742 583 etiam
768 548 980 584 Venantius
1011 548 1241 585 Fortunatus
1260 548 1435 586 eiusdem
1453 549 1691 600 aevi-scripto

292 602 430 650 Elegia
452 601 499 637 de
518 614 629 638 cruce
648 601 698 638 ad
717 600 998 652 Radegundam
1020 605 1195 653 reginam
1211 605 1344 641 missa.
1399 606 1603 655 insigniter
1626 617 1694 642 vet-

291 657 435 706 Glycas
451 657 593 694 Annal.
618 657 656 696 4.
686 657 847 694 BARTH.
906 658 1103 708 eleganter
1126 659 1386 709 nglantiam
1408 661 1591 710 ambigua
1609 671 1691 699 voe·

293 717 333 747 et
360 713 544 748 virtutem
574 714 804 762 imperatore
837 711 996 762 dignam
1026 721 1064 750 et
1091 721 1257 751 matrem
1283 715 1421 751 Iustini
1449 716 1567 753 simul
1586 715 1690 752 infer

293 765 433 803 eadem
447 767 599 803 consilii
614 773 739 803 mater
756 773 814 804 est
831 773 869 803 et
884 768 1082 818 priucipis.
1128 769 1390 836 Vigilantiam
1408 771 1626 808 consiliario
1645 783 1690 807 ne

294 822 500 858 cessariam
527 823 696 858 insinuat
725 834 900 859 summus
921 827 1058 872 po'eta·
1091 838 1138 863 ου
1157 825 1219 864 δεῖ
1233 822 1452 875 παννύχιον
1473 823 1603 866 εὕδειν
1621 826 1690 876 βοι

293 874 474 928 ληφόρον
505 875 642 930 ἄνδρα.
699 876 865 914 eandem
889 884 932 914 ut
952 879 1135 915 virtutem
1157 886 1195 915 et
1216 886 1384 915 matrem
1405 892 1517 917 suam
1540 881 1685 917 simul
1674 894 1685 915 1

295 933 418 970 oculis
446 934 584 969 merito
616 933 785 969 Iustinus
814 939 952 982 gestat.
1009 935 1052 970 in
1075 934 1199 970 oculis
1212 947 1345 984 gerere
1359 935 1606 984 proverbium
1624 935 1689 972 alil

293 989 427 1024 'multis
454 988 745 1024 illustravimus.
776 989 936 1024 BAnTu.
995 989 1200 1039 aliquoties
1232 989 1420 1039 Corippus
1445 988 1605 1027 delicias
1623 990 1687 1027 fao

290 1043 334 1079 in
359 1044 581 1079 nominibus
599 1043 831 1092 V101lannae
857 1050 895 1079 et
915 1043 1137 1093 Sapientiae
1158 1051 1347 1095 tanquam
1363 1045 1462 1081 bene
1479 1044 1659 1082 ominatis
1677 1058 1688 1080 ι

293 1099 512 1148 auspicatis.
570 1097 660 1134 vide
676 1098 776 1133 infra
793 1098 819 1138 4
850 1098 941 1138 182.
997 1097 1138 1135 harum
1154 1101 1223 1135 illa
1239 1100 1315 1136 fuit
1327 1107 1453 1137 mater
1469 1101 1619 1148 Iusfini,
1647 1095 1689 1137 Iu

291 1155 449 1190 stiniani
477 1164 602 1198 soror,
632 1153 706 1188 ista
735 1164 836 1189 uxor
867 1152 1080 1205 eademque
1110 1153 1343 1191 Theodorae
1369 1155 1463 1191 filia.
1521 1156 1688 1205 elegant}

290 1215 422 1244 autem
439 1206 504 1243 hic
527 1207 789 1258 Vigilantiam
803 1214 968 1244 matrem
986 1210 1136 1246 consilii
1153 1216 1266 1246 vocat
1277 1238 1287 1257 ‚
1318 1217 1357 1246 et
1370 1210 1472 1246 infra
1490 1207 1606 1248 huius
1625 1211 1689 1247 lib)

289 1274 329 1300 v.
358 1262 411 1302 55
446 1275 575 1298 rerum
602 1263 808 1298 custodem.
869 1264 1008 1313 quibus
1038 1276 1089 1301 ex
1117 1265 1214 1302 locis
1239 1266 1339 1302 inter
1365 1278 1407 1302 se
1437 1266 1585 1303 collatis
1611 1264 1688 1302 hun

289 1319 574 1355 sententiosum
600 1318 846 1354 conficiemus
870 1319 1124 1355 versiculum:
1154 1326 1276 1356 mater
1295 1320 1464 1365 consilii,
1492 1328 1619 1358 custos
1645 1321 1687 1358 Va

284 1373 458 1424 gilantia
485 1386 627 1409 rerum.
687 1380 823 1409 notum
847 1380 906 1410 est
922 1373 1020 1410 illud
1037 1375 1240 1411 Historici:
1269 1375 1472 1425 vigilando
1490 1376 1642 1426 agendo
1655 1389 1687 1412 n

288 1430 475 1465 Romana
496 1429 627 1464 crevit.
674 1427 831 1464 easdem
848 1429 955 1465 velut
974 1428 1082 1466 divas
1101 1429 1151 1466 ad
1169 1442 1323 1467 carmen
1344 1430 1702 1468 subministrandm-

287 1484 442 1521 invocat
467 1497 546 1520 non
578 1484 707 1519 minus
735 1496 853 1534 quam
879 1483 1078 1534 deiparam
1099 1486 1290 1535 virginem
1314 1485 1424 1522 initio
1451 1486 1541 1522 libri
1564 1490 1600 1526 1.
1658 1486 1687 1523 si

287 1547 326 1576 et
355 1541 395 1575 in
427 1539 566 1576 Iustini
597 1540 776 1586 nomine,
822 1538 928 1590 quod
956 1552 980 1576 a
1007 1513 1181 1577 Iusffliae
1186 1554 1256 1578 seu
1280 1543 1386 1578 Iusto
1416 1539 1585 1589 derivat,
1613 1541 1683 1607 feli

286 1607 403 1631 omen
425 1596 551 1631 inesse
573 1595 668 1632 v.ult
725 1596 847 1630 er‘r.

397 1650 462 1691 25.
518 1651 656 1686 retines
671 1651 885 1699 repositum
903 1655 960 1686 est
977 1662 998 1686 a
1015 1650 1128 1688 nobis
1144 1662 1214 1701 pro
1231 1652 1409 1689 retinens.
1433 1652 1555 1690 Rmz.
1611 1657 1686 1688 reo!

286 1707 504 1756 Assagrius.
534 1706 694 1741 retinere
704 1718 773 1755 pro
786 1712 909 1741 tenere
927 1706 1028 1742 infra
1044 1705 1095 1743 ad
1110 1707 1253 1743 librum
1263 1709 1288 1747 2
1301 1708 1536 1744 notabimus.
1549 1708 1687 1744 BART}

397 1764 463 1800 26.
519 1761 618 1796 forte
638 1773 686 1796 an
710 1761 898 1810 Corippus
916 1762 1120 1811 scripserat
1143 1762 1381 1799 numinibus.
1440 1762 1625 1811 intelligit
1640 1775 1686 1799 au

288 1821 370 1852 tem
396 1816 650 1864 Vigilantiam
673 1814 862 1864 Sophiam
881 1823 919 1852 et
940 1818 1153 1864 Iustitiam,
1185 1818 1325 1868 quibus
1353 1819 1484 1854 omnia
1506 1818 1685 1867 guberna}

287 1872 487 1908 verissime
511 1869 617 1906 dicit.
673 1877 763 1906 nota
789 1883 849 1906 res
870 1877 928 1907 est
946 1878 988 1907 ut
1011 1873 1162 1908 soleant
1182 1877 1319 1921 poetae
1345 1886 1397 1909 ex
1423 1873 1628 1909 virtutibus
1649 1873 1684 1908 fa

289 1939 374 1963 cere
396 1927 556 1962 munina
575 1931 612 1961 et
632 1923 1176 1962 deas.R1TT.nummibas
1190 1928 1313 1964 multo
1329 1929 1456 1977 magis
1474 1928 1645 1977 poetice,
1673 1941 1683 1963 ε

286 1982 410 2019 multo
431 1982 556 2031 aptius
576 1979 626 2016 ad
641 1979 739 2016 illud
759 1979 864 2030 quod
882 1983 1078 2044 sequitur:
1109 1982 1364 2032 quodcunque
1378 1990 1563 2019 movetur.
1581 1984 1683 2019 Fou(

397 2036 450 2073 ih.
510 2042 682 2072 monetur
714 2036 819 2072 valet
847 2037 957 2073 νίνίί.
1029 2038 1208 2074 Lucanus
1238 2039 1263 2076 9
1301 2037 1405 2077 500·
1448 2038 1626 2088 Iuppiter
1655 2050 1684 2074 ee

286 2093 543 2144 quodcunque
561 2091 685 2135 vides,
717 2091 971 2142 quodcunque
989 2105 1077 2128 mot
1080 2094 1164 2128 eris.
1224 2094 1386 2129 BARTH.

397 2151 464 2188 27.
523 2148 698 2197 apposite
722 2148 912 2183 certatim.-
944 2148 1121 2198 quamvis
1149 2147 1254 2184 enim
1279 2149 1448 2185 Iustinus
1469 2146 1632 2185 audierit
1647 2148 1684 2184 le

285 2209 396 2252 gatos
413 2203 586 2239 Abarum
607 2203 770 2252 septima
789 2203 943 2252 imperii
961 2205 1021 2240 sui
1042 2202 1104 2240 die
1118 2233 1127 2251 ‚
1159 2206 1183 2243 3
1215 2203 1314 2250 151,
1342 2209 1621 2253 praevenerant
1646 2209 1683 2239 ta

284 2271 375 2294 men
407 2271 472 2294 eos
503 2259 679 2303 Turcae3
725 2257 772 2293 ob
802 2269 920 2308 quam
951 2271 1106 2295 causam
1135 2259 1326 2295 Iustinum
1356 2271 1489 2295 eorum
1516 2259 1682 2308 postulat

283 2314 462 2350 reiecisse
490 2319 620 2349 narrat
647 2310 910 2363 Theophanes
942 2315 1154 2366 Byzantius
1181 2313 1286 2364 apud
1311 2312 1495 2350 Photium
1522 2312 1608 2350 cod.
1640 2315 1683 2353 64

282 2368 372 2406 vide
395 2371 419 2408 3
450 2371 544 2408 360.
601 2368 729 2405 Fooe.

391 2425 457 2463 28.
516 2422 764 2459 scribendum
788 2429 883 2472 puto
909 2424 1135 2460 Romanam
1161 2435 1315 2459 numen.
1374 2429 1504 2470 tanta,
1533 2424 1606 2470 ait,
1636 2432 1682 2459 ve

280 2480 428 2515 nex-atio
459 2485 516 2514 est
545 2478 668 2514 instar
694 2480 866 2515 numinis
896 2480 1057 2516 alicuius
1090 2478 1267 2514 habentis
1301 2479 1544 2528 imperatoris
1570 2485 1680 2514 nostr.

282 2541 326 2571 ut
358 2540 507 2570 ametur
534 2546 605 2582 pro
633 2534 735 2569 iusto
762 2539 799 2569 et
824 2534 998 2583 legitimo
1023 2535 1195 2584 principe
1216 2534 1376 2585 ubique.
1431 2535 1552 2572 victas
1569 2539 1682 2583 gente

285 2602 414 2626 amare
433 2590 623 2626 Iustinum
644 2589 710 2623 ait.
767 2589 927 2625 BAwrn.

393 2647 460 2685 29.
514 2643 661 2694 subque
674 2644 744 2692 pio
770 2642 946 2693 domino]
976 2643 1062 2680 finis
1085 2643 1189 2679 enim
1206 2643 1298 2680 iusti
1315 2643 1470 2694 imperii
1492 2649 1549 2680 est
1570 2642 1678 2680 subie

284 2706 432 2738 ctorum
452 2700 569 2738 salus.
625 2697 778 2750 propria
800 2696 970 2737 definitio
988 2700 1226 2750 prin01patus
1245 2706 1304 2738 est
1319 2699 1441 2738 tutela
1455 2699 1608 2751 generis
1624 2698 1679 2735 ltu
