1702 3060
1468 123 1530 170 23

589 264 661 308 IN
709 263 924 312 LIBRO
973 263 1014 308 Π

401 353 956 392 CONTINENTUR
1011 351 1278 410 HAEC„

195 478 234 518 1.
289 477 349 514 De
367 484 560 516 conventu
580 485 618 517 et
638 477 855 519 intentIOne
870 475 1011 529 populi
1033 490 1191 516 cernere
1209 476 1404 517 Iustinum
1420 475 1532 529 prin·-

83 542 214 596 cipeln
231 546 437 596 cupientis.

48 620 72 657 5
193 615 234 653 2.
288 613 375 650 Non
402 614 510 664 prIus
539 614 712 652 Iustinus
741 612 970 666 Sophiaque
990 614 1139 664 regalia
1161 613 1275 664 signa
1294 620 1531 661 sumserunt,

79 679 158 717 nisi
174 680 242 731 pia
258 677 375 718 thura
391 682 535 719 sanctis
558 681 765 721 offerentes
794 683 984 721 altaribus
1004 682 1187 735 precibus
1208 680 1414 719 dominum
1434 695 1534 719 exo-

78 753 225 787 tarent.
803 794 806 796 v

189 817 232 855 3.
287 815 348 852 De
370 822 560 868 apparatu
577 819 749 855 vestium
767 820 1036 869 Augustarum
1053 817 1119 855 vel
1137 816 1300 868 reliquis
1319 829 1532 854 ornamen-

77 881 151 931 tis,
181 882 324 935 quibus
341 882 393 920 ad
410 884 709 936 percipiendum
727 899 894 937 regnum
911 886 1083 923 Iustinus
1102 885 1277 921 emicuit.

18 957 70 993 ..20
189 947 232 990 4.
288 951 404 988 quta
423 953 641 1002 primorum
658 955 778 991 ritum
800 961 968 1006 quatuor
984 954 1175 990 iuvenum
1192 952 1375 990 manibus
1394 952 1438 990 in
1458 953 1532 990 oli-

75 1030 199 1070 peum
217 1019 390 1057 Iustinus
412 1018 464 1056 ad
479 1018 728 1070 regnandum
746 1021 950 1058 attollitur.

189 1085 232 1127 5.
286 1088 323 1124 Α
347 1085 524 1124 Iohanne
551 1087 735 1139 pontifice
754 1089 927 1126 Iustinus
948 1100 1058 1126 sacro
1080 1084 1304 1123 diademate
1324 1094 1531 1126 coronatus

75 1152 291 1205 imperator
318 1153 507 1203 efficitur,
538 1161 578 1192 et
601 1163 827 1200 senatorum
845 1156 912 1194 vel
930 1156 1050 1194 totius
1067 1155 1209 1207 populi
1225 1156 1409 1206 vocibus,
1441 1170 1532 1194 cum

75 1220 227 1274 Sophia
247 1222 415 1274 pariter,
444 1221 629 1260 laudibus
650 1223 880 1262 efferuntur.

14 1295 66 1334 216
189 1292 230 1331 6.
287 1290 435 1337 Quibus
453 1291 584 1328 verbis
603 1293 775 1332 Iustinus
794 1299 978 1332 senatum
996 1299 1055 1331 est
1073 1292 1268 1330 allocutus
1281 1321 1292 1342 ,
1320 1299 1532 1347 postquam

73 1358 222 1398 solium
241 1356 468 1396 conscendit
488 1359 659 1410 imperii.

184 1429 226 1468 7.
283 1428 477 1475 Iustinus,
506 1440 652 1478 magno
673 1429 842 1480 stipante
863 1434 1016 1476 senatu,
1045 1428 1087 1464 in
1106 1427 1309 1478 publicam
1331 1439 1430 1475 rem,
1459 1439 1536 1477 po-

74 1494 217 1546 pulum
236 1492 286 1531 de
308 1494 584 1532 emendatione
606 1508 772 1545 operum
789 1508 834 1532 ac
853 1495 995 1532 futuris
1017 1493 1130 1532 donis
1150 1495 1380 1546 alloquitur.

189 1564 228 1604 8.
286 1563 496 1600 Iustiniani
525 1563 774 1613 imperatoris
801 1560 1027 1614 syngrapha
1051 1561 1264 1599 creditores
1282 1562 1423 1598 Iustini
1443 1562 1536 1598 vul-

7 1636 65 1676 -20
75 1630 181 1668 tibus
208 1643 300 1667 cum
324 1631 498 1669 lacrimis
523 1637 840 1682 repraesentantt,
875 1630 1017 1682 quibus
1038 1630 1107 1666 ille
1126 1630 1335 1666 miseratus
1355 1627 1534 1666 debitum

71 1698 263 1749 persolvit
289 1699 494 1747 avunculi,
527 1705 645 1750 atque
673 1699 820 1739 multos
852 1697 1081 1737 criminibus
1107 1698 1332 1751 implicatos
1355 1710 1378 1734 a
1397 1710 1530 1735 carce-

72 1765 148 1804 rali
163 1765 275 1804 iubet
292 1764 469 1806 custodia
485 1767 671 1805 relaxari.

162 1899 197 1934 3.
222 1897 475 1944 Supposititium
500 1901 554 1933 est
578 1900 808 1942 argumentum
823 1897 964 1944 primum
979 1897 1054 1932 libri
1069 1898 1103 1932 2.
1150 1909 1213 1932 neo
1228 1909 1295 1932 una
1310 1910 1378 1933 vox
1393 1899 1528 1944 quidem

72 1942 107 1977 in
122 1943 231 1978 tribus
242 1945 355 1990 primis
371 1945 441 1979 eius
456 1945 533 1979 libri
549 1945 727 1991 capitibus,
751 1955 839 1989 quae
854 1944 897 1978 ad
913 1949 1113 1978 conventum
1130 1948 1166 1978 et
1179 1944 1395 1979 intentionem
1412 1947 1529 1991 populi

70 1989 235 2024 Iustinum
250 1991 368 2025 videre
383 1991 546 2036 cupientis
561 1990 669 2036 possit
683 1990 825 2025 traduci.
849 1991 892 2025 Β.
939 1990 1083 2024 luxatam
1097 1990 1212 2037 potius
1227 1991 1424 2026 crediderim
1439 1993 1527 2026 hauc

72 2035 284 2081 periocham,
311 2042 347 2071 et
360 2037 465 2071 fuisse
483 2038 525 2072 16
541 2036 619 2070 libri
633 2036 744 2082 primi.

166 2084 199 2118 8.
222 2084 278 2117 vel
298 2082 376 2117 huio
398 2082 554 2127 scriptori
577 2087 610 2117 et
636 2088 752 2123 sonat,
776 2086 895 2127 estque
919 2082 1107 2116 Graecismi
1130 2082 1290 2116 imitatio:
1320 2083 1352 2116 in
1378 2095 1418 2117 ea
1440 2084 1526 2117 euim

71 2125 188 2172 lingua
202 2124 228 2173 ἥ
243 2140 477 2173 nonnunquam
493 2128 556 2162 καί
572 2134 678 2162 sonat.
725 2128 803 2162 vide
819 2139 905 2173 quae
923 2134 1018 2162 notat
1033 2128 1189 2162 Andreas
1205 2140 1224 2161 a
1239 2129 1377 2162 Lacuna
1394 2129 1435 2162 ad
1447 2130 1531 2163 Dio-

73 2174 250 2209 scoridem.
285 2174 334 2208 sic
348 2175 369 2208 l.
381 2176 399 2209 1
416 2174 617 2220 perioch.17
626 2188 635 2210 ι
659 2175 743 2219 quid
759 2176 876 2209 Circus
891 2175 945 2208 vel
964 2176 1035 2208 eius
1051 2179 1242 2218 apparatus
1256 2175 1466 2219 significent.
1484 2177 1528 2210 B.

166 2222 219 2255 10.
243 2220 398 2255 Emenda
423 2221 522 2254 iuxta
538 2221 714 2265 priorum,
738 2221 976 2266 imperatorum
1000 2220 1172 2254 videlicet.
1220 2220 1263 2253 de
1278 2221 1344 2254 ritu
1363 2221 1435 2266 ipso
1451 2222 1531 2255 vide

73 2265 285 2300 eruditissimi
299 2266 435 2300 Pithoei
450 2266 657 2300 adversaria.
705 2279 776 2300 eam
792 2267 990 2311 scripturam
1006 2277 1119 2300 veram
1134 2277 1208 2300 esse
1220 2266 1344 2300 docent
1359 2267 1530 2311 margina-

69 2310 122 2346 lia
141 2323 276 2358 quoque
300 2316 497 2356 argumenta
518 2323 539 2346 a
559 2312 681 2346 Ruizio
699 2324 742 2349 ex
755 2313 894 2358 antiquo
910 2312 995 2346 libro
1012 2312 1197 2355 adnotata3
1228 2323 1317 2358 quae
1331 2324 1414 2347 sane
1431 2314 1530 2347 omit-

69 2357 174 2392 tenda
191 2370 258 2393 non
274 2363 370 2392 erant
385 2357 504 2392 editori
519 2358 628 2392 alteri.
673 2359 716 2392 B.
842 2359 844 2362 ⁴

164 2405 219 2440 12.
243 2404 399 2438 Glossam
422 2404 506 2437 haec
522 2404 624 2439 olent.
670 2405 850 2439 Iohannem
865 2402 954 2437 enim
970 2403 1154 2437 Romanum
1170 2403 1364 2450 pontificem
1380 2405 1463 2439 haec
1478 2405 1531 2439 in-

71 2454 215 2493 gerunt,
238 2461 312 2484 cum
334 2449 421 2484 haud
447 2449 549 2484 dubio
574 2450 657 2484 alias
680 2450 873 2496 patriarcha
895 2448 1051 2494 scriptum
1067 2450 1170 2484 foret.
1218 2455 1301 2485 nota
1317 2450 1459 2497 epistola
1473 2452 1531 2486 Io-

71 2493 190 2529 hannis
205 2495 248 2530 sd
262 2495 497 2540 Iustinianum,
521 2500 556 2530 et
570 2500 668 2530 notae
684 2496 727 2529 ad
743 2507 817 2530 eam
833 2495 1148 2532 Iureconsultorum.
1192 2497 1237 2530 B.

165 2542 218 2576 18.
241 2541 369 2576 Vocem
392 2553 533 2587 operum
559 2554 602 2576 ex
624 2542 739 2587 glossa
753 2553 829 2576 esse
844 2545 927 2586 puto
944 2546 980 2575 et
995 2541 1202 2584 eiiciendam.
1247 2553 1322 2578 nam
1338 2543 1530 2577 emendatio

73 2595 202 2620 morum
225 2589 260 2620 et
279 2588 480 2633 reipublicae
495 2599 517 2622 a
531 2587 658 2623 Iustino
675 2587 873 2634 proponitur
883 2613 894 2630 ,
918 2598 1017 2632 quam
1032 2587 1077 2621 ad
1093 2589 1181 2622 bona
1199 2599 1304 2633 opera
1318 2588 1383 2622 iste
1398 2589 1529 2623 retulit.

72 2634 127 2665 est
140 2642 223 2665 vero
237 2635 428 2668 emendatio
445 2635 614 2668 correctio
630 2638 738 2668 status
752 2633 898 2679 publici,
923 2644 1026 2679 saepe
1041 2645 1082 2667 ea
1097 2646 1183 2668 voce
1204 2646 1224 2668 a
1239 2634 1458 2679 scriptoribus
1473 2635 1527 2668 iu-

71 2676 220 2711 tellecta.
266 2678 312 2712 sic
325 2684 438 2714 tamen
453 2680 623 2734 Corippqs
638 2680 785 2725 loquitur
800 2681 824 2714 2
842 2680 918 2716 158.
965 2679 1026 2714 sed
1043 2679 1077 2714 in
1094 2680 1160 2714 alia
1174 2691 1225 2714 re.
1271 2681 1316 2714 B.

162 2724 217 2760 ΞΟ.
238 2723 396 2759 miserari
415 2737 489 2760 cum
508 2726 610 2761 dandl
631 2738 711 2763 casu
726 2730 878 2774 usurpat.
925 2737 1014 2774 quae
1029 2737 1072 2761 ne
1088 2726 1163 2772 quis
1176 2726 1275 2762 aliter
1290 2726 1404 2772 capiat
1417 2725 1526 2771 ipsum

72 2769 96 2804 Ξ
117 2769 140 2804 9
161 2767 210 2804 ita
223 2768 371 2806 locutum
385 2774 491 2808 notet.
536 2773 580 2809 Β.
