1702 3060
259 162 364 193 xmv
753 145 1193 190 MAZZUCCHELLII
1654 101 1677 183 ξ.

260 260 388 296 ullum
420 256 554 295 alium.
611 253 681 294 sed
710 254 930 306 ignorantia
962 253 1200 307 audaciaque
1232 254 1389 292 Baffleti
1416 254 1509 292 satis
1538 252 1625 292 dete
1667 255 1677 262 ”

259 326 335 361 fuit
362 338 384 361 a
412 324 592 373 Menagio
615 324 658 359 in
688 335 804 372 opere
831 323 1015 373 inscripto
1035 321 1275 358 Antihaillet
1284 349 1302 366 ,
1329 322 1371 357 in
1393 333 1468 372 quo
1488 321 1588 359 falsa
1606 261 1685 370 «ἐξ

257 390 402 427 iudicia
423 391 649 427 refutantur.
706 387 855 426 ibidem
875 391 980 426 enim
1009 389 1063 440 (t.
1086 392 1112 430 7
1135 387 1226 426 edit.
1245 388 1390 438 pariter
1406 377 1686 439 Amstelodam}

255 459 351 493 anni
381 456 483 497 1725
515 470 557 507 p.
586 460 639 497 22
671 464 781 507 parte
813 461 835 499 1
870 469 911 492 n.
939 454 1018 506 20)
1059 456 1113 492 ait
1143 457 1369 505 Menagius:
1416 454 1490 490 Mr
1521 443 1687 503 Baillet}

256 535 402 559 comme
416 525 465 569 je
493 522 568 560 l'ai
600 523 690 570 de'ja
717 524 920 574 remarque'
929 551 946 569 ‚
987 529 1043 559 est
1062 536 1117 559 un
1138 523 1281 572 copiste
1303 521 1350 557 de
1368 521 1509 570 copiste
1519 535 1536 567 ,-
1577 534 1616 570 p.
1636 522 1687 570 76

259 601 300 625 n.
324 592 399 630 67:
429 602 574 625 comme
590 591 637 635 je
666 589 739 626 l’ai
761 590 850 637 ddja
870 590 1075 639 remarque'
1098 589 1295 639 plusieurs
1308 587 1421 638 jbis,
1450 587 1524 624 Mr
1541 575 1689 644 Bailldss

259 653 327 691 n’a
339 657 457 704 point
477 654 521 692 liz
546 655 600 692 les
619 657 854 706 originaux;
889 668 930 705 p.
952 654 1004 695 48
1026 669 1066 692 n.
1082 653 1156 695 41:
1191 668 1334 692 comme
1348 657 1396 701 je
1419 653 1492 690 l'ai
1516 653 1605 701 de'ja
1627 660 1688 691 re-

258 722 420 770 marque'
434 720 634 770 plusieurs
639 724 727 772 jbis
736 750 753 767 ,
782 723 854 758 Mr
871 722 1022 758 Baillet
1040 735 1087 758 ne
1101 722 1216 771 puise
1227 735 1307 771 pas
1325 721 1424 758 dans
1443 720 1498 756 les
1515 734 1664 758 sources
1671 734 1689 768 5

258 799 299 835 p.
319 789 343 825 9
363 799 404 822 n.
424 787 471 826 5:
502 788 574 822 Mr
603 788 758 823 Baillet
786 789 856 838 qui
865 789 956 838 fait
973 789 1194 839 profession
1224 787 1271 824 de
1293 786 1432 837 parler
1459 787 1506 823 cle
1531 794 1615 824 tous
1635 787 1689 824 les

253 859 419 888 auteurs
449 852 570 889 Grec-s
595 860 630 889 et
652 854 797 891 Latins
805 882 822 899 ,
851 856 929 890 sait
947 868 1029 904 peu
1053 855 1100 891 de
1129 855 1230 890 Grec·
1239 881 1255 899 ,
1284 860 1320 889 et
1341 853 1375 889 il
1400 867 1448 890 ne
1474 855 1551 890 sait
1568 853 1689 904 guero

260 919 499 970 d’avantage
525 919 571 956 de
593 920 718 957 Latin
727 935 744 968 ;
784 927 822 957 et
840 934 880 970 p.
908 922 983 960 106
1003 933 1044 957 n.
1062 920 1135 960 85:
1165 921 1237 956 Mr
1261 920 1412 956 Baillet
1436 933 1463 956 a
1489 921 1583 956 ecrit
1601 922 1690 972 cinq

259 985 433 1022 volumes
459 984 526 1020 des
546 982 691 1032 po'e'tes.
752 983 784 1017 il
808 995 942 1031 ignore
973 987 1026 1017 loe
1039 987 1206 1028 finus-ses
1228 986 1295 1023 des
1316 986 1480 1037 langues
1497 986 1598 1022 dans
1613 987 1690 1023 les-

257 1050 405 1100 quelles
426 1056 493 1086 ont
512 1049 605 1085 ecrit
626 1048 668 1085 la
682 1047 869 1098 pluspart
886 1048 934 1085 de
952 1061 1012 1084 ces
1026 1048 1171 1098 po'e'tes.
1232 1047 1266 1084 il
1283 1052 1349 1098 n'y
1367 1066 1392 1085 a
1410 1066 1483 1100 que
1504 1066 1598 1090 ceux
1622 1053 1692 1104 qai

241 1117 347 1166 ¹fimt
369 1116 434 1152 cles
463 1129 548 1153 vers
557 1143 574 1160 ,
603 1128 653 1152 ou
681 1116 750 1166 qui
779 1128 826 1151 en
853 1123 919 1152 ont
936 1115 1051 1166 fait,
1081 1116 1151 1166 qui
1158 1115 1342 1165 puissent
1361 1120 1554 1153 connoitre
1570 1127 1690 1157 toules

255 1182 313 1219 les
335 1181 491 1218 beautez
510 1188 547 1218 et
563 1188 648 1218 tous
669 1181 723 1217 les
739 1181 895 1231 defauts
916 1182 962 1218 de
980 1182 1021 1218 la
1031 1182 1177 1231 poe'sie.
1239 1181 1329 1218 e'est
1345 1194 1387 1218 ce
1398 1182 1504 1232 ⁴qu'a
1521 1184 1578 1220 e‘te'
1595 1185 1690 1222 tre's-

257 1249 548 1286 ve'ritahlement
561 1249 767 1299 remarque'
775 1262 859 1298 par
880 1249 939 1285 St.
956 1249 1107 1285 Jero'me
1122 1261 1169 1284 en
1185 1261 1255 1285 son
1270 1249 1491 1298 Epitre26:
1514 1246 1691 1302 “filie-es,

255 1315 387 1365 inquit
411 1313 587 1358 Fabius,
617 1322 739 1351 essent
762 1322 891 1360 artes,
927 1316 962 1351 si
985 1314 1032 1351 de
1062 1315 1143 1352 illis
1167 1315 1242 1352 soli
1262 1316 1431 1363 artifices
1442 1316 1686 1362 judicarent.

248 1381 410 1430 po'e'tam
441 1394 520 1417 non
539 1388 669 1429 potest
698 1394 808 1417 nosse
835 1382 917 1417 nisi
942 1382 1013 1430 qui
1037 1395 1192 1418 versum
1211 1389 1342 1431 potest
1374 1377 1545 1419 struere”
1574 1411 1584 1420 .
1606 1411 1616 1420 .
1640 1411 1649 1419 .
1675 1411 1684 1420 .

255 1449 328 1484 Mr
357 1447 511 1483 Baillet
536 1446 700 1496 n’ayant
729 1446 830 1482 donc
844 1448 999 1493 jamais
1005 1447 1097 1496 fait
1114 1447 1161 1484 de
1180 1461 1264 1484 vers
1274 1475 1292 1493 ,
1320 1447 1418 1485 n'est
1431 1461 1508 1497 pas
1526 1448 1691 1498 capable

251 1513 301 1550 (le
314 1515 440 1562 juger
465 1512 512 1549 de
537 1525 635 1549 vers.
697 1519 734 1549 et
762 1512 797 1548 il
824 1525 870 1548 en
886 1515 991 1563 juge
1018 1514 1127 1550 aussi
1146 1511 1352 1549 tre's—mal.
1413 1516 1513 1551 mais
1528 1515 1692 1565 n’ayant

243 1580 399 1627 jamais
417 1579 508 1629 fait
536 1579 583 1614 de
608 1591 693 1615 vers
703 1606 721 1623 ,
755 1578 789 1614 il
813 1593 839 1615 a
861 1586 917 1615 cet
934 1587 1133 1630 avantage
1152 1593 1221 1615 sur
1239 1592 1335 1616 ceux
1358 1581 1429 1630 qui
1445 1594 1492 1617 en
1504 1589 1579 1634 ont
1583 1583 1691 1633 fait,

257 1645 359 1696 qu'il
379 1644 444 1694 n’y
464 1658 490 1680 a
502 1646 619 1693 point
641 1645 688 1680 cle
708 1645 931 1694 repre'saille
950 1660 1019 1682 sur
1040 1646 1110 1682 lui.
1171 1645 1242 1682 sed
1273 1645 1320 1682 de
1348 1645 1424 1683 hoc
1452 1649 1558 1685 satis.
1615 1662 1691 1699 po-

254 1713 331 1749 tius
362 1712 438 1747 alia
469 1718 558 1747 sunt
588 1709 687 1747 mihi
715 1709 790 1748 hoc
816 1712 894 1748 loci
916 1710 1279 1760 animadvertenda,
1315 1725 1456 1763 nempe
1478 1727 1530 1751 ex
1550 1715 1690 1754 eodem

254 1782 435 1829 poemate
459 1778 649 1814 nonnulla
681 1779 873 1828 expiscari
892 1791 1006 1828 posse
1029 1791 1127 1829 quae
1146 1777 1196 1814 ad
1218 1770 1414 1816 auctorem
1432 1793 1547 1818 suum
1564 1785 1688 1832 perti-

254 1851 363 1881 nent.
419 1845 563 1881 etenim
577 1857 681 1880 nunc
695 1845 874 1882 novimus
895 1859 974 1882 non
994 1843 1180 1893 Iohanni,
1210 1852 1253 1882 ut
1271 1846 1458 1884 innuebat
1475 1848 1686 1898 Fogginius

256 1925 295 1962 p.
319 1915 389 1960 19,
418 1918 661 1961 nuncupatos
691 1924 773 1948 esse
799 1912 919 1948 libros
948 1912 995 1948 de
1011 1911 1122 1948 bellis
1139 1911 1324 1962 Libycis,
1354 1912 1425 1950 sed
1442 1913 1500 1949 ad
1509 1927 1688 1963 proceres

262 1978 622 2028 Carthaginienses,
650 1984 694 2015 ut
714 1979 873 2015 conficio
893 1991 945 2016 ex
965 1979 1090 2029 elegia
1105 1980 1318 2030 praemissa
1334 1981 1518 2030 poemati,
1547 1982 1588 2017 in
1609 1994 1686 2033 qua

253 2057 291 2082 v.
314 2047 332 2085 1
357 2046 411 2082 ait
428 2045 634 2094 Corippus:

418 2112 589 2156 victoris,
611 2125 804 2162 proceres,
825 2114 1077 2163 praesumpsi
1103 2113 1228 2150 dicere
1254 2112 1399 2151 lauros.

250 2178 347 2215 item
367 2177 516 2214 ibidem
535 2190 573 2215 v.
592 2178 644 2219 35
665 2185 703 2215 et
721 2191 803 2230 seq.
822 2180 988 2230 legitur:

410 2244 592 2295 gaudeat
619 2247 661 2281 in
688 2246 822 2282 multis
849 2247 905 2282 sic
933 2259 973 2282 se
1006 2245 1203 2297 Carthago
1233 2245 1453 2296 triumphis.

465 2312 516 2348 sit
543 2312 643 2349 mihi
667 2314 739 2349 rite
755 2313 905 2363 femor,-
935 2314 1003 2358 sit,
1030 2327 1141 2363 rogo,
1170 2320 1293 2350 vester
1318 2326 1441 2350 amor.

250 2375 343 2413 hino
373 2377 491 2415 etiffln
514 2377 667 2415 videtur
695 2380 736 2415 in
757 2379 889 2416 Africa
909 2381 1096 2430 scriptum
1117 2384 1282 2430 poema3
1312 2386 1429 2431 atque
1451 2390 1548 2415 mox
1568 2378 1683 2414 citata

249 2444 374 2493 elegia
402 2457 473 2482 nos
504 2443 616 2482 docet
648 2452 846 2482 auctorem
867 2448 1065 2497 scripsisse
1089 2448 1218 2497 prius,
1246 2452 1291 2483 ut
1307 2445 1513 2495 Virgflius,
1546 2445 1684 2481 Buco-

249 2510 347 2555 lica,
377 2508 424 2546 de
445 2512 584 2562 quibus
601 2511 702 2549 nihil
718 2511 846 2549 adhuc
863 2520 1105 2564 compertum
1121 2513 1260 2559 fuerat,
1287 2512 1451 2548 fortasse
1469 2511 1560 2562 quia
1579 2513 1683 2547 iam-

252 2575 320 2614 diu
342 2590 388 2614 ea
409 2576 609 2628 deperdita
629 2585 732 2616 sunt.
789 2577 865 2616 hoc
883 2581 983 2616 clare
1003 2586 1111 2630 patet
1130 2592 1181 2615 ex
1197 2591 1314 2615 versu
1335 2577 1388 2618 25
1412 2584 1451 2614 et
1472 2590 1583 2629 seqq.

362 2644 550 2687 Brevibus
578 2658 681 2682 nunc
713 2644 872 2683 demum
897 2660 1051 2697 expono
1073 2658 1192 2697 quam
1211 2646 1400 2682 rationem
1417 2651 1572 2682 secutus
1592 2657 1681 2682 sum

253 2713 295 2748 in
310 2723 398 2749 meo
420 2710 571 2749 edendo
592 2712 772 2763 Corippo.
829 2712 937 2762 prius
955 2724 1067 2748 mens
1085 2709 1186 2747 mihi
1204 2710 1330 2747 fuerat
1353 2712 1395 2748 in
1416 2710 1546 2748 lucem
1564 2712 1679 2748 emit-
