1702 3060
36 606 393 692 FLAVII
456 603 1017 676 CRESCONII
1080 601 1498 674 CORIPPI

375 750 690 793 AFRICANI
726 748 1155 792 GRAMMATICI

264 860 309 907 D
370 858 414 907 E
511 859 551 907 L
614 860 658 907 A
716 857 764 906 U
826 858 870 904 D
933 857 959 905 I
1017 857 1058 903 B
1121 857 1167 905 U
1232 856 1267 903 S

71 970 452 1028 IUSTINI
501 969 964 1027 AUGUSTI
1012 967 1452 1027 MINORIS

451 1100 637 1148 LIBRI
679 1099 1068 1154 QUATTUOR.

330 1385 1186 1443 PRAEFATIO.

580 1510 678 1550 deus
708 1513 842 1550 omnia
873 1526 996 1565 regna

140 1581 212 1618 sub
230 1578 398 1631 pedibus
421 1577 530 1616 dedit
552 1593 638 1617 esse
659 1581 760 1628 tuis,
792 1593 984 1632 regesque
1008 1580 1198 1630 superbos

140 1647 340 1695 subdidit,
370 1645 615 1699 hostilesque
636 1661 778 1686 manus
801 1647 1027 1686 decrescere
1049 1648 1156 1684 fecit.

138 1717 207 1753 illa
227 1713 508 1752 colubrimodis
528 1717 707 1753 Avarum
730 1729 828 1767 gens
850 1716 933 1752 dira
952 1715 1129 1766 capillis,

81 1786 109 1828 5
137 1784 338 1823 horribilis
358 1785 447 1822 visu
465 1782 674 1836 crudisque
695 1785 907 1835 asperrima
928 1785 1067 1833 bellis,

135 1854 303 1905 imperio
323 1851 498 1889 subiecta
516 1858 584 1889 tuo
598 1880 611 1901 ‚
640 1853 787 1889 servire
808 1858 966 1903 parata,

135 1923 180 1959 in
198 1919 332 1958 media
348 1921 522 1971 supplex
544 1918 694 1958 defusis
718 1920 893 1958 crinibus
911 1920 1004 1957 aula

136 1995 276 2026 exorat
295 2001 436 2040 pacem
449 2017 460 2037 ‚
498 2001 574 2025 nec
595 1986 718 2024 fidere
739 1987 901 2026 milibus
927 1986 1048 2025 audet

134 2063 194 2094 tot
216 2069 428 2094 numerosa
453 2056 534 2093 suis
553 2057 733 2093 Romana
754 2057 947 2093 lacessere
966 2057 1094 2106 sigua.

54 2126 107 2167 10
136 2125 225 2177 quis
244 2125 390 2162 totiens
410 2126 536 2162 victos
554 2130 738 2160 numeret
757 2137 830 2174 per
844 2124 997 2174 proelia
1016 2125 1189 2160 Francos

134 2190 410 2244 edomitosque
428 2192 547 2228 Getas
555 2189 575 2228 ’ἔ
616 2197 750 2241 captos
767 2197 988 2243 stratosque
1007 2199 1198 2242 tyrannos
1208 2189 1227 2226 ’ἶ

134 2259 489 2310 Langobardorum
508 2259 678 2311 populos
697 2249 975 2310 Gepidumque
995 2259 1167 2306 feroces,

133 2335 272 2366 mutua
290 2341 362 2379 per
380 2328 482 2365 latos
501 2329 605 2364 inter
623 2340 664 2364 se
682 2327 846 2363 vulnera
871 2339 1033 2377 campos

132 2397 344 2434 miscentes
356 2396 512 2433 feritate
534 2407 604 2432 sua
618 2424 628 2444 ‚
660 2407 752 2430 cum
773 2394 901 2430 milite
921 2401 1007 2431 tuto

57 2461 108 2505 15
136 2463 306 2501 alternas
323 2470 462 2515 gentes
481 2462 633 2501 domini
650 2463 808 2500 fortuna
828 2459 1014 2498 necaret?
1046 2467 1050 2471 “

136 2543 226 2581 pars
246 2532 498 2570 inimicorum
515 2531 655 2570 cecidit
674 2538 756 2568 tum
776 2543 922 2580 magna
938 2537 1097 2567 tuorum

138 2598 301 2649 perfidia
319 2602 455 2651 punita
475 2613 566 2639 sua:
598 2613 703 2637 nunc
723 2600 849 2635 Marte
867 2605 1025 2650 peracto

138 2667 306 2704 victores
324 2670 496 2721 victique
526 2669 622 2720 [tua]
647 2668 890 2704 famulantur
908 2668 949 2702 in
970 2665 1075 2702 aula.

142 2733 271 2771 solum
294 2737 556 2775 excellentem
575 2733 837 2774 conscendere
860 2736 973 2772 iussit
991 2735 1031 2770 in
1051 2743 1182 2768 arcem
