1702 3060
469 91 824 138 IOHANNIDOS
854 90 958 134 LIB.
991 90 1070 134 VI.
1405 88 1500 135 135·

44 203 126 260 385
155 209 372 255 mulctaque
393 201 589 255 disponit,
620 216 711 241 cura
733 203 836 240 bene
855 208 991 240 cautus
1010 202 1051 240 in
1070 201 1193 239 mmii.

45 264 65 286 ²*
210 271 391 310 Plaustra
407 278 572 323 gemunt
591 277 749 309 onerata
766 273 840 308 viis
852 300 862 319 ‚
893 271 1062 322 altisque
1085 269 1248 308 camelis

151 339 282 376 ‘fervet
302 341 397 388 iter3
426 342 591 378 Ferrum
614 340 837 376 resonantia
860 339 1034 379 concutit
1053 350 1159 380 aera.

155 409 289 445 omnia
307 421 379 459 per
395 409 496 446 latos
518 413 746 445 convectant
765 405 906 445 horrea
928 418 1088 456 campos
1102 435 1113 454 ‚

157 488 345 528 armaque
363 475 488 512 multa
506 476 601 511 viris
618 488 728 512 more
748 473 1010 526 expendenda
1030 474 1200 513 Latinis.

44 541 130 586 240
156 544 315 596 iamque
337 541 455 580 duces
477 540 570 579 hinc
591 541 685 579 inde
706 549 826 580 ruunt
846 543 1046 594 fortesque
1066 542 1235 589 tribuni,

159 611 417 662 victricesque
437 611 569 648 ferunt
587 611 754 662 aquilas,
786 612 1083 664 atqueagmina
1106 609 1287 648 densant.

212 680 382 716 Mittitur
399 685 437 724 et
456 678 595 716 sollers
613 679 792 729 geminas
817 691 1050 729 componere
1070 685 1202 729 partes

155 745 422 798 Stephanides
440 747 595 786 iuvellis
608 775 618 794 ,
650 745 818 784 discreta
837 754 987 795 mente,
1016 745 1228 784 Iohannes.

153 827 328 868 namque
346 815 450 852 inter
470 827 556 852 sese
579 813 667 851 duri
684 816 768 854 iam
786 817 937 853 semina
955 815 1052 852 belli

44 880 128 932 245
156 895 298 921 saevus
313 880 490 920 Ifisdaias
513 888 552 919 et
570 880 672 920 fidus
694 883 837 920 cusina
857 883 983 920 suncti

158 956 252 987 tunc
274 948 448 991 habuere
469 948 585 988 odiis.
642 949 795 989 bellum
810 952 891 988 iam
912 949 1028 988 corda
1048 950 1227 987 futurum

157 1023 339 1069 coeperat
356 1018 511 1055 alterno
533 1016 771 1055 succendere
791 1019 959 1055 barbara
975 1023 1101 1065 motu,

156 1085 308 1124 invidia
324 1086 550 1136 geminante
568 1085 662 1123 iras.
718 1084 827 1124 hunc
846 1100 938 1138 ergo
959 1088 1150 1137 magister

69 1193 72 1196 ,
156 1153 259 1190 inter
276 1159 486 1205 utrumque
506 1153 617 1191 iubet
638 1154 839 1205 placidam
861 1168 1095 1206 componere
1115 1167 1254 1206 pacem

46 1218 129 1262 250
157 1227 197 1257 et
213 1219 351 1259 sedare
367 1222 476 1260 .viros
493 1222 679 1273 ipsasque
703 1235 900 1261 arcessere
918 1230 1055 1274 gentes

156 1289 330 1327 subsidio
352 1301 498 1328 rerum.
553 1301 628 1325 nec
646 1287 764 1327 duras
780 1291 934 1328 flectere
952 1298 1106 1329 mentes

158 1364 226 1394 aut
243 1359 396 1394 animos
422 1357 523 1396 alius
541 1364 675 1407 posset
691 1358 848 1408 placare
871 1359 1036 1396 feroces.

156 1423 223 1462 hic
240 1431 393 1476 poterat
416 1423 574 1463 rabidas
594 1426 723 1463 verbis
742 1439 1016 1464 mansuescere
1041 1427 1163 1477 tigres

160 1499 278 1546 atque
297 1493 401 1531 feros
421 1493 529 1530 facili
546 1494 726 1532 mulcens
745 1507 925 1532 sermone
944 1494 1080 1531 leones

45 1561 130 1604 255
157 1569 461 1614 serpentumque
479 1561 632 1599 mahun
652 1561 764 1600 dictis
783 1576 914 1600 arcere
930 1575 1143 1605 venenum.

160 1618 313 1668 distulit
328 1630 398 1667 ille
416 1636 550 1667 tamen
571 1630 721 1667 alterna
741 1638 852 1682 parte
870 1631 1065 1678 furentes,

159 1699 467 1751 compressitque
484 1699 620 1747 nefas,
651 1705 690 1736 et
706 1706 865 1750 pactum
882 1698 1066 1750 gentibus
1085 1698 1195 1734 auxit

157 1773 241 1804 arte
257 1779 374 1804 nova.
432 1779 529 1819 quos
548 1780 666 1818 saepe
684 1773 836 1816 metus,
867 1779 966 1819 quos
986 1767 1054 1803 ille
1071 1766 1227 1804 labores

158 1835 262 1872 inter
278 1842 489 1887 utrumque
510 1835 622 1884 tulit,
662 1841 790 1873 tantas
812 1834 908 1872 dum
928 1835 1100 1872 flecteret
1121 1832 1221 1873 iras!

45 1903 129 1945 260
154 1916 227 1954 pro
244 1905 371 1955 patria
391 1904 507 1942 libuit
527 1911 587 1942 tot
605 1916 722 1941 saeva
738 1904 912 1955 pericula
934 1904 1052 1941 ferre.

158 1973 376 2023 composuit
395 1979 545 2024 gentes,
573 1973 796 2024 pariterque
815 1971 866 2009 ad
882 1974 1032 2024 proelia
1051 1972 1190 2009 movit.
1263 2022 1266 2023 ⁷

213 2040 407 2079 Convenit
423 2053 516 2092 ergo
537 2041 732 2090 fremens,
761 2043 880 2079 variis
903 2047 1062 2078 ornatus
1078 2042 1118 2077 in
1138 2039 1257 2076 armis
1271 2066 1283 2088 ,

157 2107 464 2162 inmunerasque
484 2111 589 2148 acies
607 2112 836 2148 Maurorum
854 2111 895 2148 iu
917 2110 1068 2160 proelia
1088 2108 1225 2145 ductor

158 2177 303 2215 Cusina
320 2175 422 2215 fidus
443 2178 538 2228 agit.
597 2179 804 2216 commotis
823 2180 955 2216 onmia
978 2178 1114 2214 cannis

47 2242 130 2286 265
158 2257 251 2282 arva
272 2252 456 2296 gemunt:
485 2244 657 2283 solidant
677 2246 778 2284 latos
796 2247 963 2296 vestigia
985 2258 1159 2296 campos.

159 2312 228 2349 ille
250 2311 369 2350 duces
389 2314 565 2364 proprios
584 2315 743 2365 triginta
762 2315 900 2352 fortior
919 2321 1065 2362 armat3

159 2387 200 2418 et
217 2382 396 2434 quamvis
414 2395 579 2419 numero
598 2383 753 2420 milleni
772 2395 970 2435 quemque
990 2388 1204 2434 sequantur
1216 2409 1227 2429 ‚

158 2449 346 2486 Romanis
364 2449 510 2500 gaudet
529 2463 615 2488 sese
636 2457 771 2489 tamen
793 2465 877 2489 esse
898 2452 1133 2502 magistrum

160 2517 352 2556 militibus
367 2517 569 2570 medium,
598 2533 697 2572 quos
715 2521 898 2571 princeps
916 2521 1116 2558 maximus
1139 2519 1243 2565 orbis

51 2636 119 2671 235
142 2635 175 2670 in
191 2637 272 2672 add.
287 2639 329 2674 M
416 2642 485 2677 236
508 2642 672 2677 honorata
687 2642 750 2676 uiis
765 2642 839 2676 altis
859 2644 890 2676 Τ
978 2644 1044 2678 245
1063 2643 1185 2677 functis
1205 2643 1237 2676 Τ
1325 2638 1393 2674 264
1409 2647 1500 2670 com-

0 2707 2 2709 »
52 2682 184 2716 minatis
204 2685 312 2718 omnia
333 2687 446 2722 cannis
471 2689 520 2733 T,
551 2689 784 2723 comitantibus
810 2688 920 2724 omnia
943 2690 1048 2725 carris
1071 2690 1128 2724 M:
1164 2690 1207 2725 cf.
1232 2689 1253 2722 6
1278 2685 1342 2729 65,
1376 2685 1398 2719 7
1428 2685 1504 2720 124.

51 2729 120 2764 268
140 2729 299 2775 magister
315 2732 355 2766 Τ.
