1702 3060
213 146 309 192 370
634 144 819 187 NOTAE
849 144 910 186 IN
937 143 1150 186 LIBRUM
1181 142 1222 185 H

327 255 417 294 131.
474 251 603 288 Ruizii
627 251 836 288 lectionem
863 250 905 287 in
931 256 1046 287 textu
1062 250 1246 287 intactam
1269 249 1433 302 reliqui,
1463 247 1534 287 sed
1553 261 1638 287 cor-
1657 250 1663 256 ’

211 315 365 359 ruptam
393 313 511 358 puto:
542 305 638 357 quid
660 308 765 343 enim
785 312 843 343 est
862 307 1068 342 Armatum
1087 312 1146 342 ter
1164 306 1263 342 collo
1285 307 1380 343 novi
1396 306 1638 356 imperatoris
1661 307 1663 310 ’

210 372 387 414 torquem
411 360 671 411 imposuisse?
728 363 762 399 si
787 359 882 413 quid
907 360 1049 398 audere
1074 361 1188 408 licet,
1215 361 1407 410 legerem:
1445 360 1639 411 quodsa-
1662 392 1665 394 .
1700 401 1702 403 ¹

209 421 314 454 ciens
315 445 331 462 ,
361 424 467 453 terno
486 417 662 454 dextram
676 430 753 466 pro
774 430 931 453 munere
948 416 1122 461 tendens,
1151 417 1243 467 quia
1263 428 1350 453 mos
1376 421 1457 453 erat
1483 421 1526 452 ut
1548 417 1639 452 novi

207 475 463 523 imperatores
483 479 585 508 certa
600 485 852 509 nummorum
872 484 1079 508 aureorum
1100 484 1252 508 summa
1274 471 1418 508 milites
1438 469 1639 518 donarent,
1667 496 1669 498 -

206 541 307 578 quae
329 527 376 564 ab
398 529 607 565 Ammiano
627 528 802 564 Marcell.
835 527 882 563 ob
912 528 1240 576 nuncupationem
1258 526 1490 576 Augustam
1512 524 1641 562 debita

206 582 366 630 dicitur,
397 589 435 619 et
466 596 586 634 quam
613 585 734 619 trium
759 595 966 620 aureorum
995 583 1115 619 fuisse
1145 583 1286 632 colligo
1323 594 1374 618 ex
1395 582 1639 632 imperatoris

205 639 369 674 Macrini
397 640 580 674 concione
608 637 659 674 ad
682 638 847 686 milites,
877 645 1086 688 postquam
1106 638 1187 674 eius
1207 637 1332 673 filium
1350 635 1640 673 Diadumenum

206 694 243 729 ei
268 695 308 729 in
336 695 500 743 imperio
522 700 740 730 consortem
763 694 1025 730 acclamarunt
1044 700 1081 729 et
1101 693 1352 729 nominarunt
1373 693 1640 729 Antoninum:

206 749 261 784 sic
294 749 401 784 enim
428 749 469 784 in
497 761 542 784 ea
571 749 768 785 Macrinus
799 748 994 800 loquitur:
1025 747 1160 784 habete
1181 749 1319 798 igitur,
1349 746 1641 791 commilitones,

200 817 276 852 pro
305 804 465 853 imperio
491 817 629 840 aureos
658 810 749 847 tres,
775 817 852 853 pro
880 803 1079 839 Antonini
1097 804 1249 838 nomine
1266 816 1404 839 aureos
1423 804 1578 852 quinos,
1607 809 1642 837 et

205 859 340 894 solitas
371 861 648 908 promotiones,
686 858 757 895 sed
778 860 1013 908 geminatas.
1073 856 1163 894 vide
1191 857 1462 908 Lampridium
1490 859 1531 893 in
1561 858 1641 894 vita
1698 861 1702 864 “

204 915 394 950 Antonini
412 912 663 950 Diadumeni.
721 914 851 951 Foco.

317 971 410 1009 133.
468 969 611 1005 sciolus
630 969 772 1018 aliquis
791 967 1024 1018 Augustum
1043 967 1085 1003 in
1104 979 1166 1004 ms
1185 965 1481 1004 emendaverat:
1510 972 1550 1003 at
1566 979 1641 1004 no-

205 1025 265 1061 bis
286 1023 413 1072 magis
433 1030 607 1061 veterem
623 1024 833 1059 lectionem
857 1022 1055 1073 Augusti,
1083 1024 1141 1058 uti
1167 1028 1268 1070 erat,
1297 1022 1446 1072 placuit
1470 1023 1641 1058 retineri.‘

204 1081 326 1116 RU1z.
384 1079 425 1114 in
452 1080 576 1115 veteri
605 1077 736 1115 codice
767 1085 972 1114 exaratum
997 1078 1125 1113 fuerat
1143 1077 1391 1128 Augustum:
1419 1083 1642 1127 reposuerat

207 1134 415 1183 Assagrius
433 1133 627 1184 Augusti.
687 1134 793 1182 prior
809 1141 942 1170 tamen
959 1134 1073 1170 lectio
1091 1133 1243 1169 melior.
1299 1132 1548 1182 Lampridius
1568 1132 1642 1170 Se-

208 1200 325 1227 vero:
354 1188 567 1238 'Augustus
590 1189 747 1237 primus
770 1196 825 1225 est
850 1189 969 1225 lzuius
993 1189 1149 1237 imperii
1163 1194 1315 1223 auctor:
1347 1188 1390 1223 in
1407 1188 1488 1224 eius
1504 1200 1642 1225 nomen

210 1245 293 1295 (sic
321 1244 418 1292 legit
442 1244 569 1280 Faber
599 1244 786 1280 Semestr.
819 1246 838 1283 1
873 1242 946 1291 14,
994 1257 1084 1279 cum
1116 1249 1230 1279 antea
1260 1255 1389 1278 omnes
1419 1241 1640 1292 legeretur)

207 1299 331 1335 veluti
359 1298 534 1348 quadam
560 1298 767 1348 adoptione
794 1300 886 1334 iure
902 1299 1131 1334 hereditario
1153 1297 1410 1343 succedimus;
1439 1296 1488 1334 de
1507 1310 1584 1348 qua
1601 1310 1642 1334 re

210 1352 364 1391 abunde
377 1381 387 1400 ‚
416 1360 460 1390 ut
477 1367 590 1404 spero
602 1382 612 1400 ‚
642 1353 790 1390 dictum
806 1353 857 1390 ad
876 1353 975 1390 illud
995 1352 1042 1389 de
1062 1355 1086 1393 6
1107 1353 1255 1390 consul.
1273 1354 1376 1391 Hon.
1397 1359 1434 1388 et
1448 1354 1490 1389 in
1506 1365 1644 1389 nomen

211 1409 404 1446 ‚Romanis
423 1409 537 1446 rebus
556 1410 764 1458 adoptans.
816 1409 1062 1445 confirmatur
1079 1406 1177 1444 haec
1196 1408 1312 1444 lectio
1333 1408 1356 1446 1
1388 1406 1482 1447 152.
1528 1420 1644 1458 porro

211 1464 310 1501 haec
337 1465 527 1501 solemnia
554 1472 644 1501 sunt
674 1465 972 1501 consecrationis
1003 1463 1141 1501 verba:
1193 1476 1262 1513 ego
1291 1461 1363 1498 tibi
1391 1462 1546 1513 consero
1568 1464 1645 1498 im-

206 1521 375 1570 perium.
458 1517 716 1570 respondebat
752 1521 984 1570 imperator:
1030 1532 1099 1569 ego
1138 1525 1173 1554 te
1206 1516 1406 1554 tribunum
1439 1518 1639 1554 constituo.

211 1577 396 1612 DEMPST.
1223 1583 1226 1587 '

326 1629 418 1670 135.
465 1629 591 1680 felix]
633 1631 713 1667 iam
755 1643 902 1668 novum
937 1643 1084 1667 numen
1123 1635 1205 1666 erat
1238 1628 1426 1665 nimirum
1460 1627 1643 1675 Iustinus,

211 1691 422 1736 postquam
449 1686 618 1735 Augusti
646 1699 789 1722 nomen
817 1693 1038 1735 acceperat3
1068 1686 1200 1736 itaque
1221 1697 1360 1722 vocem
1376 1682 1552 1720 divinam
1573 1695 1644 1719 au-

213 1741 330 1776 diisse
350 1742 500 1789 primus
519 1740 687 1777 creditur
703 1743 887 1778 Armatus
901 1743 989 1778 iste.
1046 1741 1101 1777 sic
1118 1740 1217 1777 libro
1235 1740 1362 1789 primo
1383 1738 1484 1775 dixit
1501 1751 1645 1776 novum

214 1807 358 1832 numen
376 1795 553 1839 condere,
582 1795 689 1846 quod
708 1803 766 1833 est
784 1809 932 1833 novum
950 1797 1078 1832 facere
1097 1796 1328 1846 principem.
1383 1796 1546 1831 BARTH.

325 1848 378 1886 ib.
440 1849 657 1901 Armatus]
689 1851 834 1887 tribuni
855 1864 945 1887 cum
962 1858 1182 1887 crearentur
1198 1851 1368 1900 pugione
1390 1848 1645 1896 donabantur,

213 1904 401 1956 praefecti
432 1904 562 1954 gladio
591 1904 640 1941 ad
666 1911 898 1955 potestatem
917 1906 958 1940 in
978 1906 1216 1942 facinorosos
1240 1903 1574 1942 animadvertendi
1590 1905 1646 1941 si-

214 1959 489 2010 gnificandam.
546 1961 672 1997 Turn.
699 1964 750 2001 12
779 1962 819 2000 6.
876 1962 991 1997 Mart.
1018 1960 1070 2001 14
1099 1962 1174 1999 32:
1205 1960 1369 1996 militiae
1387 1959 1504 1996 decus
1520 1959 1594 1996 hoc
1613 1965 1649 1995 et

210 2016 319 2066 grati
339 2029 477 2052 nomen
497 2014 671 2060 lionoris,
703 2029 817 2052 arma
838 2015 1082 2052 tribunitium
1100 2016 1255 2065 cingere
1273 2015 1388 2051 docta
1405 2015 1522 2051 latus.
1582 2015 1648 2050 in-
1690 2017 1702 2062 j

215 2077 404 2120 augurato
423 2072 657 2120 imperatore
675 2069 719 2107 hi
739 2070 982 2108 donabantur
1001 2071 1133 2118 annis,
1162 2069 1299 2107 Sidon.
1321 2071 1454 2120 Apoll.
1474 2082 1591 2106 carm.
1606 2068 1646 2117 5,
1698 2090 1702 2119 ,1

214 2125 334 2176 idque
365 2138 495 2163 coram
527 2133 684 2174 senatu,
724 2127 960 2176 evaginatis:
1000 2127 1080 2170 cui,
1121 2133 1211 2162 teste
1236 2132 1392 2171 senatu,
1420 2127 1502 2175 ipse
1531 2126 1648 2161 etc'czm
1699 2136 1702 2170 ⁴:

216 2181 393 2217 strictum
423 2183 666 2218 commiserat
701 2182 842 2231 Ulpius
868 2195 1007 2218 ensem.
1066 2183 1206 2232 Papin.
1241 2181 1339 2220 Silv.
1373 2179 1398 2221 5
1426 2184 1476 2222 2:
1510 2181 1648 2230 cuique

217 2249 327 2272 sacer
357 2237 536 2285 primum
565 2237 687 2273 tradit
721 2238 979 2274 Germanicus
1005 2250 1144 2274 ensem.
1203 2243 1316 2274 vetus
1345 2236 1468 2287 lapis:
1506 2235 1646 2272 Publio

217 2292 366 2327 Maecio
391 2292 578 2329 Melmnio
600 2293 717 2330 Furio
737 2293 922 2330 Balburio
947 2293 1166 2329 Caeciliano
1186 2290 1362 2329 Placido.
1419 2303 1454 2328 c.
1471 2303 1510 2328 v.
1530 2299 1646 2341 prae-

217 2347 320 2382 fecto
343 2358 533 2382 annonae.
590 2348 698 2385 urbis
717 2361 848 2385 sacrae
868 2361 957 2385 cum
973 2349 1057 2384 iure
1075 2346 1219 2384 Gladii.
1273 2348 1457 2383 Dnmsr.

329 2402 422 2441 137.
480 2403 640 2453 antiqua
667 2410 706 2440 et
731 2404 917 2455 frequens
941 2402 1198 2450 consuetudo,
1225 2414 1351 2451 nuper
1377 2407 1549 2438 creatum
1568 2401 1647 2438 im·-

219 2461 437 2506 peratorem
455 2463 563 2493 scuto
584 2459 811 2508 impositum
828 2458 1001 2496 humeris
1020 2460 1168 2509 erigere
1189 2463 1228 2494 et
1245 2457 1417 2505 elevare,
1446 2462 1491 2493 ut
1506 2457 1647 2507 vulgus

219 2511 392 2547 militum
430 2513 635 2562 conspicue
673 2513 806 2550 videre
835 2521 981 2565 posset.
1035 2515 1189 2550 Nicetas
1220 2510 1400 2550 Choniat.
1429 2510 1478 2549 de
1504 2512 1646 2548 Alexio

220 2567 489 2604 Emmanuelis
506 2567 599 2615 filio,
621 2569 792 2606 Zonaras
809 2570 851 2604 in
870 2570 1095 2607 Iustiniano.
1127 2569 1359 2605 Ammianus
1378 2566 1551 2604 Marcell.
1569 2569 1645 2608 20:

222 2623 424 2671 impositus
453 2622 651 2671 (Iulianus
671 2636 693 2659 a
714 2624 925 2661 Gallicanis
946 2621 1162 2674 militibus)
1190 2630 1297 2660 scuto
1309 2623 1483 2672 pedestri
1498 2629 1535 2658 et
1552 2620 1645 2658 sub-

222 2676 342 2713 latius
365 2678 552 2723 eminens‚
579 2678 729 2729 populo
755 2679 890 2716 silente
917 2679 1129 2730 Augustus
1154 2680 1415 2725 renuntiatus,
1442 2675 1655 2720 iubebatur¹

221 2731 404 2769 diadema
418 2733 607 2783 proferre.
655 2735 883 2786 exemplum
903 2734 1008 2786 apud
1026 2732 1288 2786 Nicephorum
1307 2733 1377 2773 lib.
1394 2733 1421 2775 4
1441 2732 1644 2784 principi&
