1702 3060
396 111 606 157 rUSTlNI
634 107 874 156 MINORIS
904 111 1010 155 ΠΒ.
1035 111 1115 155 IV.

139 237 216 268 nec
236 223 361 273 virtus
386 222 597 262 hominum
614 237 690 262 nec
705 237 842 262 sensus
862 222 1006 261 sufficit
1025 223 1162 260 nilus:
1188 237 1191 242 ⁷

138 294 260 331 fontis
281 294 424 330 Niliaci
450 294 483 331 si
507 295 718 345 quisquam
738 298 806 329 aut
829 290 986 328 hauriat
1008 287 1133 328 undas

143 369 182 399 et
202 363 334 410 bibat,
365 368 433 398 aut
451 362 596 398 bibulis
618 361 723 398 rivos
743 358 906 397 inducat
927 358 1070 406 arenis,

43 432 110 476 1270
138 430 224 481 ipse
244 429 408 482 quidem
426 430 591 467 satiatur
608 430 744 481 aquis,
775 429 968 466 satiantur
989 433 1027 464 et
1049 426 1145 476 agri,

140 497 211 535 sed
233 511 331 550 quos
350 499 418 535 ille
438 498 560 548 rigat,
587 498 717 533 fontes
737 502 775 533 et
794 496 958 532 flumina
983 495 1123 545 replet,

141 573 180 604 et
197 566 359 617 praebet
379 567 508 616 largas
531 563 687 602 haurire
709 564 934 601 volentibus
957 563 1099 600 undas.

140 646 241 687 quae
262 635 362 671 circa
383 633 566 671 dominos
589 639 770 683 aptamus
790 639 904 681 vota,
935 633 1172 683 probamus:

139 701 235 740 dum
257 703 433 738 canimus
453 702 699 753 colimusque
718 703 826 752 pios,
857 714 1094 738 veneramur
1115 704 1289 740 ovantes,

22 769 108 814 ³175
137 782 236 822 quos
254 768 346 807 dum
368 769 600 817 laudamus,
630 768 792 806 laudem
814 768 863 807 de
878 767 998 806 laude
1020 780 1231 813 meremur,

139 844 178 875 et
193 837 362 874 fruimur
382 839 530 874 maiore
549 837 677 875 bono:
707 849 802 874 nam
821 835 912 874 diva
931 848 1107 887 propago

135 904 335 943 humanae
355 906 413 941 nil
435 904 565 942 laudis
589 912 699 955 eget,
731 903 802 942 sed
823 912 913 942 vota
933 906 1123 942 clientum

91 1006 97 1011 .
137 980 297 1025 pensat,
330 971 572 1024 devotosque
593 973 667 1010 sibi
688 974 833 1023 pietate
858 980 1030 1010 coronat.

133 1042 275 1079 fertilis
293 1039 358 1078 hic
377 1042 552 1092 Augusta
579 1052 720 1077 manus
739 1040 919 1092 felixque
939 1039 1066 1077 videri

0 1111 106 1152 4180
133 1110 224 1161 plus
240 1109 366 1146 voluit
378 1137 388 1157 ‚
422 1109 658 1160 nullumque
676 1121 747 1145 suo
765 1109 964 1159 praeferre
985 1108 1132 1145 favori:

132 1189 305 1229 namque
325 1177 416 1214 illos
439 1175 552 1213 donis
578 1179 808 1229 conscriptis
826 1178 1003 1229 patribus
1025 1188 1171 1227 aequos

134 1259 218 1284 esse
239 1243 369 1292 dedit,
401 1257 492 1293 cum
513 1242 632 1282 distet
651 1244 792 1282 honor.
851 1246 1065 1296 vigilantia
1092 1243 1235 1279 nostris

134 1311 209 1350 hoc
226 1315 372 1350 meruit
393 1315 572 1365 carisque
589 1315 727 1351 favens
748 1314 950 1364 Sapientia
968 1312 1092 1349 Musis
1108 1323 1118 1359 3

133 1379 284 1418 doctior
302 1388 341 1418 et
362 1383 546 1433 princeps
566 1383 676 1418 novit
696 1380 803 1433 quod
824 1382 952 1419 littera
978 1394 1110 1417 rerum

23 1447 102 1492 185
131 1461 223 1499 pars
242 1462 387 1500 magna
407 1456 465 1486 est
486 1463 736 1501 magnusque
758 1450 872 1486 labor
889 1449 1151 1486 scribentibus
1173 1448 1302 1482 instet.

130 1517 469 1568 protinus-officiis
488 1530 686 1555 summam
706 1518 925 1555 tutantibus
947 1517 1092 1564 aulam,

132 1584 335 1622 ordinibus
354 1587 521 1636 propriis
547 1593 585 1622 et
605 1586 733 1637 prisco
754 1600 864 1624 more
884 1585 1042 1632 notatis,

130 1663 203 1702 per
220 1650 374 1691 scholas
398 1660 627 1706 turmasque
650 1667 814 1703 vocans,
845 1655 911 1705 pia
932 1655 1108 1704 praemia
1133 1649 1309 1703 gaudens

130 1720 311 1771 praebuit
323 1750 334 1770 ,
364 1728 403 1759 et
416 1721 514 1759 fidos
533 1723 673 1774 opibus
694 1722 833 1759 ditavit
855 1723 1038 1759 alumnos

21 1787 100 1828 190
128 1800 198 1838 pro
218 1790 369 1826 meritis
389 1789 655 1843 gradibusque
673 1792 768 1828 suis.
826 1790 935 1828 idem
961 1790 1120 1826 inclitus
1142 1799 1279 1825 omnes

127 1857 338 1905 nutrierat,
368 1858 539 1909 vivoque
563 1860 684 1895 etiam
706 1860 884 1909 genitore
905 1858 1079 1909 regebat.

127 1930 242 1961 natus
259 1925 301 1961 in
322 1925 489 1976 imperio
501 1956 511 1975 ‚
541 1925 674 1963 media
695 1928 865 1965 nutritus
884 1928 926 1963 in
943 1927 1034 1963 aula

127 1991 231 2029 inter
246 1993 498 2031 alumnorum
514 2007 701 2033 numeros
723 2003 936 2047 coetusque
956 1993 1108 2040 fideles,

127 2061 289 2098 nomina
309 2069 558 2111 cunctorum,
590 2070 820 2101 cunctorum
834 2069 999 2101 noverat
1019 2069 1141 2108 actus,

21 2126 99 2170 195
128 2141 265 2166 omnes
283 2132 390 2168 mitis
410 2143 571 2180 amans,
603 2144 741 2169 omnes
760 2134 906 2183 pietate
924 2137 1087 2182 paterna

124 2207 284 2247 semper
303 2199 414 2236 alens
437 2211 670 2252 semperque
694 2212 883 2247 monens3
915 2201 1071 2250 rituque
1092 2194 1255 2246 regendi

128 2266 299 2302 continet
316 2266 402 2316 ipse
421 2279 511 2304 suos
527 2270 727 2320 nutritque
746 2269 934 2320 fovetque
954 2268 1130 2312 clientes,

124 2331 314 2383 providus
330 2340 373 2370 ut
393 2341 527 2385 pastor
540 2365 550 2384 ‚
585 2336 705 2386 longo
725 2338 794 2388 qui
812 2343 990 2387 tempore
1009 2341 1141 2371 tauros

125 2399 402 2454 lanigerosque
421 2415 562 2454 greges
583 2402 762 2442 herbosis
782 2406 891 2456 pavit
913 2406 954 2440 iu
976 2404 1094 2454 agris,

12 2467 100 2508 ,200
127 2469 260 2506 omnia
279 2482 379 2522 quae
401 2472 533 2522 posuit
553 2478 758 2509 taurorum
775 2475 938 2510 nomina
958 2475 1091 2520 novit3

128 2547 299 2574 crescere
321 2536 511 2576 dilectum
527 2539 674 2590 gaudet
691 2554 833 2592 pecus,
862 2543 981 2578 intrat
1000 2542 1116 2589 ovile,

129 2599 314 2641 discernit
332 2611 488 2644 teneros
512 2614 551 2644 et
570 2610 612 2645 in
630 2623 757 2647 unum
778 2617 990 2661 congregat
1006 2622 1128 2660 agnos

127 2671 288 2708 nomina
305 2680 399 2711 nota
419 2687 585 2714 vocans:
616 2677 750 2715 audita
769 2691 864 2716 voce
885 2685 1117 2730 sequuntur,

128 2747 343 2789 agnoscunt
363 2740 586 2792 dominum,
622 2746 860 2798 pulsantque
877 2746 1074 2783 balatibus
1095 2756 1222 2790 auras,

1391 111 1489 154 203
