1702 3060
265 143 328 187 56
869 143 1086 186 CORIPPI

262 251 341 294 395
371 250 529 303 quods1‚
561 250 674 299 dure,
703 250 803 288 meis
822 249 943 288 audes
960 251 1148 289 contraria
1167 250 1292 300 dictis,

371 319 535 354 crastiua
551 318 655 353 bella
672 329 765 367 para
777 346 787 365 ,
819 319 978 368 cingens
995 319 1212 355 munimine
1230 319 1378 367 fossas3

369 383 488 420 funde
507 395 626 433 pecus
646 384 823 432 solitmn3
856 384 1061 436 rapiendos
1083 391 1258 422 construe
1277 399 1431 436 murosr,

366 450 567 486 balantum
586 463 775 501 compone
793 464 930 502 greges
946 453 1122 503 fetasque
1139 452 1306 502 capellas

365 522 403 552 et
423 518 543 554 torvis
566 517 715 556 medios
735 520 945 556 clamantes
964 520 1134 556 vultibus
1151 518 1294 557 hircos.

255 579 334 623 400
363 595 441 618 non
462 584 579 620 ariete
601 598 713 622 cavas
733 585 898 623 adducto
921 600 1102 637 spargere
1122 592 1247 623 turres

363 655 422 685 est
443 662 561 699 opus:
591 651 756 689 abducto
780 655 908 703 potius
931 652 1165 690 nudabimus
1184 651 1327 700 hostes,

362 715 464 752 inter
482 729 651 769 ovesque
672 726 758 755 tuas
777 720 878 756 acies
899 718 1148 769 praedabitur
1167 721 1306 767 omnis,

361 787 400 818 et
418 782 517 818 bene
539 782 709 833 direptos
727 797 918 834 ponemus
938 786 1102 836 prandia
1119 799 1266 824 muros.

362 848 553 898 sculptilis
572 850 640 886 ille
653 879 662 897 ‚
692 851 771 887 tuis
790 852 898 887 cuius
918 854 1134 889 munimine
1155 854 1287 890 castris

251 910 330 954 405
358 927 543 964 prospera
566 913 696 951 danda
718 924 881 965 canunt,
911 916 1084 968 disperso
1105 918 1240 955 robore
1261 919 1393 955 Gurzil

361 980 571 1028 scinditur,
601 981 858 1034 ardentesque
879 985 1011 1034 palam
1031 986 1208 1021 mittetur
1228 983 1279 1021 ad
1298 986 1424 1035 ignes-

361 1047 541 1095 gentibus
562 1047 713 1095 effusis,
741 1061 877 1099 campo
895 1057 1101 1101 quaeretur
1121 1052 1162 1086 in
1181 1051 1251 1087 illo

358 1114 555 1151 montibus
578 1122 616 1151 et
634 1116 801 1163 cunctis,
834 1123 1024 1167 quotquot
1043 1118 1240 1153 Maurusia
1261 1117 1382 1166 gessit

358 1179 551 1230 impietas.
608 1182 735 1218 scelus
756 1180 831 1218 hoc
855 1196 944 1218 cum
964 1184 1064 1220 iusto
1087 1185 1209 1219 Marte
1230 1183 1355 1233 piabit

248 1245 328 1286 410
354 1254 486 1283 nostra
503 1260 662 1294 manus,
694 1247 839 1285 calidos
858 1256 1103 1299 prosternens
1121 1261 1288 1300 aequore
1307 1256 1462 1287 truncos

354 1314 561 1351 verticibus
581 1315 720 1364 raptis,
753 1314 877 1351 disces
900 1315 1005 1365 quod
1023 1316 1169 1365 proelia
1187 1322 1349 1365 possunt

351 1386 482 1416 nostra
501 1381 626 1429 magis
638 1408 648 1427 ,
677 1381 840 1417 miseros
859 1382 961 1417 ensis
983 1379 1077 1417 dum
1094 1381 1276 1418 vendicat
1294 1383 1410 1419 Afros

351 1453 390 1482 et
409 1447 579 1496 peritura
599 1445 742 1483 cadunt
760 1446 943 1495 dispersis
963 1449 1119 1496 agmina
1137 1444 1294 1485 fossis.”

406 1514 484 1549 Vix
503 1525 548 1548 ea
567 1513 670 1550 fatus
690 1520 790 1550 erat:
819 1514 963 1550 missus
981 1520 1166 1550 montana
1187 1514 1358 1550 tenebat.

241 1577 319 1620 415
350 1585 473 1614 castra
493 1578 656 1616 adversa
673 1587 810 1616 tenens
828 1578 962 1615 media
978 1580 1020 1615 in
1038 1581 1204 1616 tentoria
1225 1581 1364 1617 transit

347 1643 553 1693 indubius,
584 1645 797 1698 sedemque
816 1646 890 1682 feri
909 1647 1007 1696 petit
1025 1644 1116 1682 iude
1138 1648 1308 1696 tyranni.

350 1709 514 1747 humida
531 1726 614 1750 nox
633 1715 740 1750 caelo
761 1713 953 1762 fulgentia
970 1711 1098 1749 sidera
1115 1711 1242 1749 reddit

345 1778 599 1830 palantesque
619 1780 710 1830 polo
732 1780 889 1817 stellas:
918 1791 1012 1815 nam
1031 1778 1199 1829 Cynthia
1218 1792 1336 1816 cornu

350 1845 431 1881 iam
450 1858 592 1893 vacuo,
624 1847 808 1882 obscurae
828 1859 900 1882 nec
919 1846 1108 1895 praebens
1127 1847 1275 1882 lumina
1295 1852 1432 1895 terrae,

237 1909 319 1952 420
348 1924 514 1962 aequore
533 1925 662 1949 mersa
680 1913 776 1959 fuit3
806 1913 952 1948 mensis
973 1918 1199 1948 tenuaverat
1216 1913 1342 1961 ignes.

348 1977 419 2015 sed
435 1991 514 2014 non
535 1986 656 2016 castra
676 1977 819 2015 ducum
836 1979 961 2015 noctis
983 1991 1137 2015 sensere
1159 1978 1362 2016 tenebras:

347 2044 499 2080 lumina
520 2044 639 2082 densa
664 2045 762 2082 focis
783 2057 854 2095 per
873 2057 1030 2094 campos
1053 2045 1157 2081 clara
1177 2045 1364 2092 relucent,

342 2124 489 2162 perque
517 2111 614 2148 altos
635 2117 786 2147 montes
810 2110 990 2161 splendet
1010 2112 1248 2147 contermina
1266 2111 1383 2148 tellus

344 2178 521 2227 ignibus,
553 2182 591 2212 et
609 2175 752 2213 densae
769 2175 922 2213 radiant
939 2179 981 2213 in
998 2177 1133 2214 nubila
1151 2178 1285 2214 silvae.

234 2242 313 2285 425
343 2246 431 2296 quis
456 2243 608 2280 caelum
635 2255 658 2278 a
679 2244 791 2280 terris
810 2244 876 2280 illa
899 2242 1115 2280 discernere
1136 2251 1267 2294 posset
1326 2291 1330 2294 ⁵

343 2317 478 2357 nocte,
510 2310 640 2346 ferens
660 2322 758 2360 quae
778 2310 891 2347 stella
908 2311 1056 2357 nitens,
1087 2322 1186 2362 quae
1207 2311 1364 2347 flamma
1379 2309 1545 2347 fuisset?

343 2377 473 2412 onmia
493 2376 627 2411 lumen
649 2382 751 2412 erat:
783 2376 950 2413 flammis
972 2375 1064 2412 hinc
1086 2383 1188 2413 terra
1207 2381 1393 2424 coruscat,

341 2441 431 2478 inde
454 2443 567 2492 polus
585 2442 723 2479 stellis.
782 2444 963 2493 quotiens
983 2444 1153 2480 scintilla
1173 2443 1340 2480 cucurrit

228 2582 296 2618 395
319 2581 420 2626 dure]
451 2582 542 2617 ferre
568 2582 608 2615 M
747 2582 815 2615 400
845 2582 950 2615 ariete
980 2593 1045 2615 non
1076 2582 1160 2616 altas
1189 2582 1231 2615 M
1360 2583 1443 2617 ibid.
1476 2583 1597 2616 aducto
1630 2585 1662 2616 '1'

228 2629 294 2663 401
318 2627 457 2661 eductos
478 2627 526 2669 T,
549 2627 712 2661 adductos
727 2627 784 2667 M,
808 2627 866 2670 qui
884 2628 1032 2660 malebat
1050 2627 1205 2661 adducto.
1223 2627 1262 2660 M
1396 2630 1464 2663 402
1486 2629 1572 2662 aries
1589 2629 1662 2660 MT

230 2673 297 2707 403
319 2674 405 2706 bone
430 2673 479 2713 T,
502 2683 609 2717 prope
635 2673 673 2706 Μ
849 2671 916 2706 408
939 2683 985 2704 un
1009 2672 1191 2716 quicquid?
1349 2706 1351 2709 ,
1371 2673 1435 2708 411
1459 2674 1564 2708 discet
1587 2673 1660 2708 ΜΤ

229 2719 296 2752 418
319 2718 548 2763 pallentesque
565 2718 597 2752 T
726 2715 792 2752 419
814 2715 970 2751 obscuret
987 2717 1018 2750 Τ
1150 2717 1219 2754 420
1242 2728 1366 2762 equora
1385 2720 1424 2756 T.
