1702 3060
591 95 913 140 PRAEFATIO.
1406 105 1496 136 xxv

41 204 161 250 tore.’'
218 209 261 247 in
287 209 464 248 subiecta
490 215 624 247 nutem
647 215 743 247 nota
772 205 1084 246 Mazzuchellius
1106 205 1201 244 citat
1219 203 1438 254 Quadrium
1458 211 1498 244 et

32 277 282 316 Zachariam.

145 347 307 384 Constat
335 360 430 384 sane
460 344 724 383 hallucinatos
755 358 842 382 esse
876 342 997 382 hosce
1035 344 1244 395 scriptores
1272 342 1316 379 in
1346 340 1497 380 descri-

23 413 164 454 hendo
193 414 328 452 codice
357 415 424 468 qui
453 415 627 451 continet
652 414 813 465 Corippi
838 416 983 464 po'e‘ma
1006 409 1277 462 deperditum,
1310 412 1384 447 etsi
1405 423 1498 447 eum

35 484 184 535 priores
211 483 291 521 duo
319 483 580 534 inspexerunt
597 489 636 519 et
652 487 931 519 tractaverunt.
989 486 1195 530 praeterea
1225 481 1370 515 erravit
1388 480 1496 524 Qua-

34 549 144 588 drius
163 557 202 588 et
218 557 308 603 post
328 564 421 588 eum
438 549 747 588 Mazzuchellius
766 551 808 586 in
829 545 1068 598 assignanda
1088 554 1215 583 aetate
1238 559 1329 582 omn
1350 545 1497 582 codicis

35 618 217 657 eiusdem
242 626 329 657 tum
354 616 543 656 Iohannis
565 618 616 656 de
637 619 782 656 Bonis:
815 617 963 653 etenim
983 627 1036 651 ex
1057 615 1107 651 iis
1131 627 1232 667 quae
1253 614 1357 650 infra
1379 612 1428 650 de
1449 626 1496 650 eo

35 687 224 737 referam,
252 688 460 740 perspicue
478 688 629 738 patebit
645 688 794 724 vixisse
813 684 920 722 1111110
938 683 1096 720 saeculo
1116 688 1287 718 exeunte
1309 682 1360 722 14
1374 711 1384 729 ,
1414 694 1497 718 nou

35 761 169 792 autem
196 757 262 797 18.
319 753 449 792 codex
472 769 565 792 vero
590 756 730 806 incipit
762 754 896 791 statim
928 752 976 789 ab
1008 749 1151 788 eodem
1177 754 1362 801 poemate
1392 747 1500 802 quod

32 834 141 860 nunc
158 821 306 871 editur,
337 823 486 876 absque
506 824 590 860 ullo
610 823 778 860 auctoris
797 822 960 858 nomine
980 819 1046 857 vel
1063 819 1194 856 titulo.
1255 832 1328 869 ego
1349 825 1498 866 autem,

34 902 128 928 omn
153 891 286 928 iussus
313 891 461 929 fuerin]
488 897 626 929 texere
646 892 792 941 raptiln
811 890 974 926 brevem
993 888 1169 937 aliquem
1191 885 1367 923 indicenl
1386 885 1499 922 codi—

32 971 125 996 cum
151 959 515 1004 Trivultianorum,
547 952 673 992 incidi
698 955 742 991 in
773 951 966 1001 eundem3
999 959 1039 989 et
1063 966 1155 989 cum
1183 954 1335 1005 aliquot
1360 966 1500 990 versus

31 1026 312 1078 perlegissem,
342 1023 478 1060 statim
505 1024 727 1074 suspicatus
755 1034 845 1059 sum
866 1034 934 1059 eos
952 1033 1033 1059 non
1052 1033 1192 1073 sapere
1213 1021 1420 1059 saeculum
1445 1022 1496 1063 13

18 1106 107 1132 2nec
122 1092 190 1134 14.
247 1104 301 1129 ex
324 1091 396 1128 illo
420 1097 555 1128 autem
571 1103 690 1128 versu
706 1090 757 1132 15
776 1090 869 1127 libri
888 1092 925 1139 1,

200 1159 425 1197 Iustiniane
434 1187 452 1205 ,
482 1160 561 1196 tuis
572 1187 587 1205 ,
608 1160 824 1210 princeps,
853 1171 1018 1211 assurge
1047 1157 1279 1209 triumphis,

32 1226 249 1266 oonieotavi
278 1225 331 1264 ad
361 1228 572 1265 Iustiniani
598 1229 737 1278 Magni
763 1228 1013 1279 imperatoris
1037 1234 1209 1264 aetatem
1229 1229 1374 1278 poema
1396 1223 1501 1263 illud

16 1309 121 1334 esse
148 1293 447 1333 retrahendum.
505 1296 626 1347 paulo
651 1302 742 1347 post
768 1296 811 1332 in
840 1295 1029 1333 exteriori
1045 1302 1157 1346 parte
1178 1295 1361 1343 tabulae,
1397 1308 1501 1347 quae

31 1365 132 1415 tegit
161 1371 200 1401 et
227 1363 378 1401 claudit
402 1362 582 1401 codicem
607 1365 763 1416 ipsum,
791 1364 960 1401 infixam
993 1364 1182 1415 perspexi
1211 1364 1333 1401 clavis
1360 1364 1502 1401 ferreis

31 1445 198 1485 parvam
227 1430 464 1470 schedulam
485 1433 857 1480 membranaceam,
888 1434 931 1468 ‘m
953 1444 1030 1484 qua
1049 1431 1152 1468 bene
1175 1432 1258 1468 lota
1281 1439 1319 1468 et
1343 1439 1503 1469 extersa

31 1499 197 1539 tandem
212 1501 347 1551 legere
365 1501 479 1551 potui
502 1500 727 1538 Crestonias
745 1501 811 1538 vel
836 1500 1079 1537 Cresconius.
1137 1505 1232 1536 tunc
1251 1500 1380 1550 patuit
1399 1497 1503 1536 mihi

33 1567 132 1623 quid
163 1575 269 1606 esset
297 1571 464 1619 poema,
495 1567 603 1621 quod
628 1567 823 1615 Quadrius
855 1569 1004 1621 aliique
1035 1565 1206 1604 Iohanni
1225 1566 1274 1604 de
1295 1569 1419 1605 Bonis
1437 1569 1504 1604 iu—

33 1637 216 1675 consulto
243 1636 481 1684 tribuerant,
513 1643 552 1673 et
580 1638 763 1689 quisnam
787 1643 891 1674 esset
912 1636 997 1673 eius
1018 1648 1135 1673 verus
1158 1642 1316 1685 auotor,
1349 1637 1412 1673 cui
1436 1650 1503 1673 re-

33 1702 280 1743 stituendum
299 1704 503 1755 extemplo
525 1705 661 1743 nullus
686 1704 878 1742 dubitavi.
935 1703 1166 1742 mirandum
1188 1717 1283 1742 sane
1305 1712 1364 1743 est
1382 1718 1504 1756 prae-

32 1773 150 1824 cipue
165 1769 383 1819 Quadrium
395 1801 406 1821 ,
433 1778 479 1809 ut
496 1773 552 1809 ita
568 1771 699 1810 dicam
710 1804 720 1822 ,
752 1772 1028 1811 dormitavisse
1040 1803 1050 1822 ,
1082 1786 1173 1810 cum
1190 1774 1374 1811 manibus
1394 1772 1502 1810 hunc

32 1839 215 1878 codicem
236 1847 426 1878 versaret.
483 1842 518 1879 is
546 1842 655 1878 enim
683 1848 792 1880 tomo
821 1845 847 1883 6
878 1843 988 1879 citati
1018 1841 1150 1893 operis
1177 1843 1240 1879 sui
1266 1843 1347 1878 iam
1372 1840 1501 1879 disse-

33 1916 166 1947 ruerat
195 1907 246 1946 de
271 1915 405 1947 nostro
434 1909 604 1960 Corippo
631 1917 749 1963 atque
781 1909 830 1947 de
859 1911 1091 1959 cresconio,
1121 1916 1266 1961 putans
1299 1923 1366 1948 eos
1399 1909 1500 1948 duos

33 1990 121 2016 esse
147 1981 308 2030 poetas,
345 1990 550 2031 unumque
582 1979 655 2016 sub
687 1980 838 2016 Iustino
861 1982 888 2020 2
918 1980 1178 2031 imperatore,
1221 1979 1393 2016 alterum
1424 1979 1498 2016 sub

32 2047 200 2084 Leontio
226 2046 427 2094 floruisset,
465 2034 582 2083 illum
610 2049 915 2098 gralmnaticmn
941 2048 1085 2095 fuisse,
1115 2045 1223 2084 hunc
1252 2049 1497 2099 episcopum,

33 2120 245 2168 utrumque
279 2114 527 2152 Africanum.
584 2115 657 2153 sed
687 2117 812 2167 ipsius
843 2116 964 2154 verba
993 2114 1217 2153 audiamus.
1275 2130 1316 2167 p.
1347 2119 1428 2158 663
1459 2122 1500 2153 et

33 2193 119 2235 seq.
138 2180 240 2220 haec
253 2179 389 2220 habet.
443 2177 613 2220 “Flavio
633 2184 842 2222 Cresconio
864 2184 1034 2234 Corippo
1047 2212 1057 2231 ,
1086 2185 1303 2234 gramatice
1317 2213 1327 2233 ,
1359 2185 1503 2221 viveva

34 2250 72 2288 a'
93 2252 219 2303 tempi
245 2249 288 2288 di
310 2251 492 2289 Giustino
513 2255 541 2294 2
570 2251 835 2303 imperadore,
893 2253 1035 2290 scrisse
1061 2252 1104 2288 in
1135 2254 1321 2289 esametri
1345 2260 1502 2306 quattro

33 2318 128 2356 libri
141 2320 185 2356 in
200 2317 294 2357 lode
313 2318 380 2357 del
396 2319 578 2372 predetto
600 2321 806 2369 Giustino,
843 2319 904 2357 de'
927 2321 1037 2374 quali
1056 2317 1126 2371 piu
1154 2319 1327 2360 edizioni
1349 2323 1384 2359 si
1407 2335 1506 2360 sono

33 2385 132 2424 fatte
158 2393 234 2424 etc.
291 2388 433 2426 scrisse
460 2402 559 2440 pure
590 2387 697 2426 defle
722 2402 864 2440 guerre
895 2387 937 2426 di
965 2390 1149 2427 Giustino
1175 2396 1310 2427 contra
1334 2388 1506 2428 Vandali

35 2454 131 2491 nell’
158 2454 328 2504 Affrica,
358 2456 390 2492 il
419 2454 494 2494 che
518 2457 559 2494 lo
586 2464 711 2496 stesso
740 2458 910 2509 Corippo
934 2458 1043 2494 nella
1069 2458 1298 2509 prefazione
1323 2456 1390 2494 ‹lel
1411 2471 1506 2509 pre—

39 2518 146 2559 detto
168 2523 269 2561 libro
291 2536 479 2562 accenna.
536 2538 604 2562 ma
627 2525 754 2578 quest'
778 2539 899 2577 opera
918 2525 941 2564 ὲ
962 2524 1146 2577 perduta.
1204 2527 1236 2563 il
1262 2526 1506 2577 Cuspiniano

35 2601 141 2639 appo
159 2590 192 2628 il
217 2583 352 2630 Mineo
380 2601 602 2631 rmmnenta
624 2607 722 2645 pure
746 2592 787 2631 di
806 2601 944 2647 questo
965 2601 1083 2645 poeta
1104 2595 1145 2631 la
1173 2594 1427 2632 Glovamzicle
1442 2622 1454 2637 ,
1484 2606 1507 2629 e

37 2653 191 2693 credesi
219 2665 299 2696 star
324 2663 582 2700 manuscritta
606 2662 675 2699 nel
703 2663 920 2700 monistero
941 2657 1195 2700 Cassinese.’'
1252 2664 1341 2716 quis
1372 2667 1506 2698 autem

38 2724 159 2762 fuerit
188 2725 258 2763 ille
285 2727 450 2776 Mneo,
479 2730 591 2769 cuius
619 2727 686 2768 hic
710 2737 769 2770 est
786 2730 958 2782 mentio,
988 2743 1188 2785 nusquam
1216 2730 1370 2782 reperi;
1400 2726 1506 2766 unde
