1702 3060
230 124 324 170 396
620 126 824 168 >NOTAE
855 125 913 167 IN
946 125 1157 167 LIBRUM
1187 126 1230 168 II

339 235 432 276 380.
489 233 715 282 exemplum
744 231 820 270 hoc
848 233 1015 284 pertinet
1041 231 1092 270 ad
1119 233 1148 270 l.
1174 231 1200 272 4
1229 233 1274 270 C.
1301 231 1350 270 de
1377 234 1519 285 legib„
1555 241 1592 272 et
1621 236 1650 272 l.
1695 228 1702 256 ¹

229 290 412 339 Princeps
432 287 473 324 ff.
497 287 583 324 eod.
603 289 630 324 l.
652 290 718 328 23.
778 301 830 324 ex
849 288 1095 339 imperfecto,
1125 290 1174 325 D.
1196 287 1244 324 de
1264 288 1342 338 leg.
1362 291 1385 329 8
1399 317 1409 335 ,
1438 289 1510 329 le
1529 290 1572 327 O.
1590 297 1651 327 te-

230 352 342 381 stam.
370 342 391 394 ξ
417 344 487 379 ult.
516 345 611 379 Inst.
639 344 780 393 quibus
799 343 905 380 mod.
932 350 1086 380 testam.
1106 343 1178 380 inf.
1236 341 1350 389 adde,
1379 342 1485 394 quod
1499 345 1541 380 in
1559 357 1653 382 con-

231 399 413 436 tractibus
430 399 609 447 princeps
631 397 790 445 eodem,
821 412 898 450 quo
918 400 1077 448 privati,
1107 399 1190 434 iure
1210 399 1268 434 uti
1285 397 1437 434 debeat.
1493 399 1614 436 Bru·-

342 455 436 493 382.
492 453 665 489 liberalis
696 455 737 489 in
766 455 954 503 principio
983 455 1219 503 principatus
1243 454 1318 490 fuit
1341 454 1534 490 Iustinus:
1562 466 1653 492 nam

234 510 365 545 omnia
396 507 525 544 debita
556 521 578 544 a
603 510 815 546 Iustiniano
848 515 1040 545 contracta
1064 508 1316 546 creditoribus
1338 509 1504 545 exsolvit
1527 510 1655 546 statim

235 570 350 614 atque
373 562 534 612 adeptus
555 570 611 600 est
628 565 848 614 imperium.
899 576 1014 614 supra
1034 566 1127 605 261.
1170 576 1244 600 nec
1259 576 1349 600 vero
1370 564 1567 600 omiserim
1581 577 1654 602 no-

233 619 312 654 bile
340 619 487 654 factum
515 618 685 668 Sophiae
717 621 936 668 Augustae,
968 631 1068 669 quae
1088 620 1200 655 tertio
1219 620 1356 655 Iustini
1373 612 1496 665 annu,
1527 630 1656 656 accer-

233 675 318 710 sitis
339 675 590 723 pecuniarum
610 673 875 710 venditoribus
899 680 936 710 et
953 675 1131 720 notariis,
1161 673 1302 710 deferri
1329 675 1524 710 cautiones
1550 672 1657 710 debi-

235 735 362 764 torum
380 735 417 764 et
436 727 564 764 breves
582 730 713 775 iussit,
745 736 782 765 et
801 729 978 778 praebuit
999 741 1063 764 eas
1084 728 1320 765 debitoribus
1341 735 1379 764 et
1398 727 1567 765 reddidit
1585 727 1658 766 do-

235 784 368 820 minis.
423 784 535 820 Paul.
553 785 714 820 Diacon.
732 786 808 820 nisi
823 785 934 829 forte,
964 782 1070 834 quod
1090 782 1261 819 historici
1276 784 1319 820 in
1337 785 1494 820 tertium
1513 795 1659 820 anuum

237 839 394 884 lumini,
423 836 487 874 hic
507 840 547 874 in
565 840 755 888 principio
774 840 903 889 ponit,
933 844 971 874 et
991 837 1096 888 quod
1117 839 1177 874 illi
1198 836 1367 888 Sophiae
1379 866 1389 886 ‚
1419 836 1483 874 hic
1498 839 1575 889 ipsi
1592 841 1660 876 Iu-

238 895 341 930 stino
363 892 569 939 adscribit3
601 893 706 944 quod
724 907 803 930 non
823 900 881 930 est
897 894 1053 930 omniuo
1073 893 1258 929 alienum.
1313 894 1497 930 Dsmrsw.
1680 892 1685 894 ’

347 950 441 989 383.
500 949 809 998 elegantissime3
839 961 912 983 nec
939 949 1069 984 locmn
1094 948 1371 996 elegantiorem
1399 949 1442 983 in
1473 954 1554 985 toto
1586 949 1662 986 Co·-

242 1004 350 1053 rippo
374 1009 527 1039 exstare
547 1005 742 1039 existimo.
802 1005 971 1052 primum
994 1004 1098 1038 enim
1124 1014 1243 1052 quam
1265 1001 1553 1052 pulchrevheree
1570 1002 1662 1040 sub-

240 1059 378 1094 stitisse
396 1059 456 1093 illi
475 1057 626 1104 dicitur,
649 1059 713 1094 cui
732 1059 934 1107 proximus
956 1063 1038 1093 erat
1053 1063 1091 1092 et
1108 1070 1204 1093 mox
1221 1056 1494 1094 successurus?
1524 1057 1665 1095 deinde

242 1115 354 1149 νίνιιε
372 1113 478 1148 heres
502 1115 612 1163 quasi
634 1114 844 1161 genuinus,
877 1119 914 1148 et
933 1114 965 1148 is
984 1124 1103 1162 quem
1121 1113 1387 1149 Iurisconsulti
1409 1115 1532 1149 nostri
1550 1125 1665 1150 suum

241 1167 357 1219 (vide
389 1168 588 1203 Corasium
613 1167 829 1203 Miscellan.
858 1170 882 1207 3
915 1165 989 1215 16)
1018 1174 1176 1213 vocant,
1205 1167 1296 1203 licet
1316 1171 1433 1218 poeta
1453 1168 1570 1205 latius
1591 1166 1667 1205 hoc

242 1223 424 1260 sumserit
443 1224 483 1257 in
504 1220 578 1258 hoc
596 1223 783 1271 principe.
840 1222 929 1258 talis
944 1223 1141 1268 nimirum,
1172 1223 1239 1272 qui
1254 1235 1334 1258 non
1351 1221 1508 1259 aliunde
1525 1225 1668 1260 ascitus

242 1276 312 1315 sed
332 1276 382 1312 ad
400 1289 487 1312 eam
506 1275 762 1313 hereditatem
781 1283 893 1312 natus
914 1278 983 1323 sit,
1013 1283 1057 1312 ut
1080 1278 1162 1313 vim·
1184 1275 1357 1326 lapides,
1385 1279 1478 1314 viva
1501 1277 1605 1315 unda
1630 1284 1669 1315 et

241 1333 351 1369 mille
372 1332 467 1369 talia
485 1344 508 1367 a
527 1333 654 1383 poetis
671 1333 864 1381 elegantia
884 1343 1007 1381 paene
1026 1344 1106 1367 non
1125 1331 1272 1368 effabili
1295 1330 1487 1380 dicuntur,
1511 1332 1559 1370 de
1578 1334 1668 1384 qui·
1701 1377 1702 1381 Ἰ

242 1388 316 1425 bus
334 1388 468 1424 multis
485 1386 657 1423 secunda
678 1388 900 1423 recensione
922 1385 1140 1423 Claudiani.
1197 1387 1316 1436 vulgo
1337 1389 1467 1424 minus
1488 1386 1586 1424 haec
1605 1389 1670 1424 in-
1698 1410 1702 1414 ·

245 1443 403 1479 tellecta
433 1441 545 1478 docet
573 1441 768 1478 distinctio
801 1447 990 1491 corrupta.
1050 1447 1090 1477 at
1118 1442 1262 1479 mirum
1285 1441 1588 1480 eruditissimum
1607 1444 1670 1480 vi»-

244 1510 333 1536 rum
363 1495 563 1535 Thomam
590 1498 865 1548 Dempsterum
891 1503 974 1532 tam
998 1496 1122 1534 nobili
1145 1497 1230 1535 loco
1250 1495 1350 1535 nihil
1369 1497 1484 1548 plane
1502 1505 1671 1537 notasse.

244 1554 406 1591 B-urru.

356 1607 411 1644 ih.
472 1608 641 1644 celebrat
675 1609 813 1645 Iustini
840 1606 1190 1645 laudabilissimum
1221 1608 1372 1646 facinus
1384 1635 1395 1655 ,
1431 1607 1672 1660 syngraphas

249 1664 433 1700 collectas
459 1663 673 1700 abolevisse
696 1664 920 1714 populoque
942 1663 1072 1700 debita
1090 1665 1298 1701 remisisse.
1353 1661 1396 1700 id
1411 1677 1502 1701 vero
1518 1664 1675 1702 mulieri

251 1717 407 1755 divinae
427 1719 550 1768 ipsius
570 1720 726 1768 coniugi
742 1719 876 1755 tribuit
891 1721 1061 1755 Zonaras
1076 1719 1219 1755 Annal.
1237 1721 1277 1759 3.
1321 1725 1359 1755 et
1372 1720 1551 1756 meminit
1570 1720 1676 1756 Con-

249 1774 441 1809 stantiuus
462 1786 615 1824 quoque
633 1776 845 1821 Mmmsses,
865 1787 937 1810 nec
956 1775 1086 1810 omisit
1103 1786 1318 1810 memorare
1331 1773 1500 1812 Michael
1518 1775 1675 1825 Glycas.

251 1827 359 1878 quod
379 1840 458 1864 nou
477 1827 642 1864 debebat
662 1829 839 1864 omittere
861 1830 1182 1865 commentarium
1200 1829 1370 1866 scribens
1394 1828 1676 1867 eruditissimus

253 1884 519 1932 Dempsterus.
578 1881 685 1918 aliud
704 1883 831 1919 simile
849 1884 1074 1932 exemplum
1092 1879 1214 1920 habes
1233 1883 1336 1934 apud
1354 1897 1415 1921 res
1433 1891 1560 1934 gestas
1577 1886 1678 1921 Gre-

256 1939 379 1987 gentii
405 1950 427 1973 a
450 1936 628 1974 Palladio
653 1937 920 1974 Alexandrino
950 1937 1178 1987 descriptas,
1209 1937 1257 1974 de
1287 1951 1378 1988 rege
1409 1951 1591 1978 converso
1626 1937 1677 1975 ad

256 1991 478 2029 Christum:
507 1991 571 2031 καὶ
595 1989 669 2042 τήν
685 1995 815 2032 πᾶσαν
835 1990 973 2031 ἄδικον
993 1989 1222 2045 συγγραφήν
1237 1995 1446 2033 κατασπῶν
1465 1993 1531 2033 καὶ
1546 1996 1679 2033 πᾶσαν

253 2045 437 2098 πονηρὰν
455 2050 599 2098 ψῆφον
620 2043 810 2097 ἀναιρῶν.
865 2049 1026 2084 Bul-m.

367 2101 460 2142 385.
518 2101 649 2152 libris]
682 2101 899 2139 calendaria
926 2108 1065 2139 vocant
1091 2102 1210 2139 libros
1226 2103 1268 2139 in
1285 2102 1426 2154 quibus
1441 2102 1588 2153 accepti
1605 2115 1678 2138 ex-

255 2158 445 2208 pensique
475 2159 693 2194 continetur
718 2160 828 2194 ratio.
885 2157 979 2194 Sen.
1009 2155 1057 2193 de
1083 2157 1212 2194 benef.
1236 2159 1258 2197 1
1287 2161 1335 2199 2:
1364 2171 1472 2194 nemo
1496 2157 1679 2204 beneficia

260 2214 304 2247 in
331 2210 553 2248 calendario
587 2212 736 2257 scribit,
764 2226 833 2249 nec
850 2226 996 2249 ανανιιε
1014 2219 1166 2248 exactor
1187 2212 1244 2249 ad
1257 2212 1393 2248 horam
1405 2219 1443 2248 et
1456 2212 1557 2248 diem
1571 2210 1680 2248 debi-

260 2273 379 2302 torem
403 2267 591 2315 appellat.
651 2268 720 2304 lib.
747 2270 773 2308 7
805 2269 878 2307 10:
910 2267 1008 2318 quid
1020 2267 1146 2317 senus
1163 2274 1200 2303 et
1215 2267 1480 2304 calendaer
1504 2273 1540 2302 et
1560 2277 1682 2302 usura

262 2322 340 2357 nisi
354 2320 552 2357 humanae
569 2323 794 2372 cupiditatis
809 2329 915 2358 extra
932 2329 1116 2358 naturam
1134 2324 1308 2372 quaesita
1325 2321 1511 2358 nomina?
1566 2321 1682 2371 epist.

262 2377 336 2416 88:
366 2378 460 2425 quia
479 2390 647 2426 magnus
667 2377 764 2413 liber
783 2377 1000 2414 calendarii
1014 2377 1214 2413 evolvitur.
1275 2377 1343 2427 qui
1361 2377 1470 2413 locus
1486 2376 1584 2412 mire
1603 2374 1683 2411 hue

263 2433 464 2467 convenit:
495 2432 581 2468 aliis
599 2439 787 2480 notatum,
818 2431 887 2469 sed
907 2445 986 2469 non
1005 2431 1094 2468 ideo
1113 2430 1319 2468 silendum.
1375 2431 1610 2474 Tertullian.
1631 2428 1682 2465 de

261 2484 399 2522 habitu
427 2486 608 2522 muliebri
637 2488 679 2522 in
710 2487 808 2523 fine:
833 2487 1004 2536 graciles
1030 2488 1186 2522 aurium
1209 2493 1314 2522 cutes
1330 2485 1597 2522 calendarium
1615 2484 1689 2520 est-⁴

258 2540 449 2589 pendunt.
509 2541 696 2578 Scaevola
716 2542 766 2578 IC
788 2542 856 2578 lib.
873 2544 898 2581 6
923 2540 1183 2590 digestorum:
1212 2542 1468 2577 instrumenta
1495 2539 1683 2576 calenda-

263 2596 315 2632 rii
333 2602 368 2631 et
387 2608 563 2632 nummos
583 2595 751 2646 reliquit.
812 2597 907 2640 ratio
919 2623 929 2642 ‚
959 2594 1066 2646 quod
1092 2594 1263 2632 calendis
1282 2596 1518 2632 feneratores
1541 2601 1579 2631 et
1599 2593 1683 2630 col-

264 2650 429 2701 lybistae
446 2652 646 2700 exigerent
661 2651 794 2687 fenora
805 2678 815 2698 ‚
844 2657 1109 2701 ponerentque
1127 2652 1326 2700 pecunias.
1375 2649 1536 2688 Ovidius
1554 2647 1602 2686 de
1618 2661 1684 2684 re·-

263 2704 370 2743 med.
387 2706 520 2744 Amor.
539 2708 586 2754 2,
615 2706 806 2753 Marfial„
837 2711 875 2742 et
899 2706 1049 2743 Horatii
1074 2705 1301 2756 interpretes
1328 2703 1378 2742 ad
1402 2702 1528 2755 Epod.
1547 2706 1590 2744 2.
1643 2707 1685 2739 at
