1702 3060
310 122 400 168 190
699 121 916 164 CORIPPI
948 122 1022 163 DE
1054 115 1318 165 LAUDIBUS
1347 123 1351 126 ’

413 235 589 279 coeperat
609 230 805 278 Augustae
821 229 951 266 felicia
972 242 1126 280 carpere
1146 243 1304 267 mensae

413 296 554 345 gandia
567 323 577 341 ,
611 296 761 344 regales
783 296 916 344 epulas
935 302 973 332 et
994 295 1122 332 dulcia
1140 295 1283 332 Bacchi

411 373 593 407 munera,
625 374 723 412 qnae
744 361 905 411 Sarepta
922 362 1053 409 ferax,
1084 375 1183 413 quae
1208 364 1309 399 Gaza
1330 370 1487 411 crearat,

409 427 575 462 Ascalon
596 433 632 462 et
651 428 762 464 laetis
780 426 938 464 dederat
957 441 1054 479 quae
1075 430 1218 465 Graeca
1236 429 1393 475 colonis,

328 493 381 531 90
410 504 556 542 quaeve
579 495 737 544 antiqua
757 496 883 544 Tyros
895 523 904 541 ,
935 508 1034 545 quae
1052 495 1190 531 fertilis
1207 495 1335 531 Africa
1354 496 1484 541 mittit,

411 570 510 607 qnae
533 560 682 605 Meroe,
713 572 811 610 quae
829 559 1021 610 Memphis
1045 560 1182 609 habet,
1213 573 1310 612 quae
1333 560 1494 598 candida
1518 562 1687 613 Cyprosg

411 635 587 673 quaeque
607 625 736 661 ferunt
754 632 901 662 veteres
921 634 1071 663 maturo
1092 627 1226 663 robore
1244 629 1354 673 vites,

411 702 506 740 quas
528 691 705 728 manibus
723 693 885 741 propriis
906 691 1059 729 Ithacus
1077 693 1265 743 plantavit
1280 695 1451 746 Ulysses,

410 768 504 805 pace
525 757 594 792 sub
616 758 731 793 Iliaca
751 759 903 794 Laertia
924 759 1059 795 limina
1078 772 1247 806 servans,

328 820 380 860 95
409 821 582 858 nondum
601 824 762 859 Troiani
779 825 903 860 vitans
925 824 1145 860 discrimina
1161 826 1279 871 belli3

411 900 587 939 quaeque
606 888 888 940 Methymnaeis
909 893 1098 941 expressit
1116 891 1238 927 cultor
1255 890 1302 926 ab
1320 890 1429 937 uvis;

413 956 549 1003 pocula
572 968 668 1006 quae
687 958 806 992 vitreo
827 957 1038 1006 flagrabant
1054 959 1168 1007 plena
1187 958 1363 995 Falerno.

410 1022 535 1070 prisca
555 1022 763 1058 Palaestini
781 1024 990 1060 miscentur
1006 1023 1105 1060 dona
1122 1025 1255 1074 Lyaei,

413 1087 498 1123 alba
522 1089 646 1124 colore
670 1090 791 1136 nivis,
819 1089 1039 1140 blandoque
1059 1091 1253 1127 levissima
1275 1097 1404 1140 gustu.

306 1154 383 1193 100
411 1154 517 1189 fusca
539 1153 681 1190 dabant
700 1156 807 1192 fulvo
829 1154 1067 1205 Chrysattica
1087 1158 1175 1192 vina
1192 1157 1363 1204 metallo,

412 1231 510 1269 quae
534 1227 670 1257 natura
689 1224 788 1271 parit
806 1222 946 1273 liquidi
964 1235 1041 1258 non
1060 1221 1192 1272 indiga
1210 1223 1359 1271 mellis3

411 1292 447 1321 et
470 1287 642 1323 Gar-isaei
662 1289 894 1337 permiscent
916 1302 1057 1325 munus
1079 1288 1220 1326 Iacchi.

410 1359 544 1388 cuncta
564 1355 648 1404 quis
669 1353 869 1404 expediet,
901 1353 1066 1391 dominis
1089 1368 1187 1406 quae
1209 1355 1370 1404 parturit
1390 1354 1492 1391 orbis

407 1420 581 1455 Romano
607 1433 781 1471 quaeque
804 1427 861 1457 est
880 1423 1076 1471 provincia
1100 1420 1251 1458 subdita
1271 1419 1417 1469 regno?

300 1485 376 1526 105
406 1484 502 1522 haec
522 1499 663 1536 magno
682 1487 779 1523 luxu
802 1499 1022 1538 quanquam
1043 1488 1234 1523 cumulata
1254 1485 1484 1535 redundent,

405 1555 591 1602 temperie
613 1554 724 1590 solita
744 1566 884 1603 parvus
906 1554 1013 1590 cibus
1033 1566 1096 1590 ore
1115 1553 1289 1590 modesto

406 1621 570 1655 sumitur
582 1648 591 1665 ‚
621 1625 659 1654 et
685 1626 871 1669 quantum
892 1622 1016 1670 capiat
1035 1633 1145 1657 mens
1165 1621 1291 1658 sobria
1308 1626 1434 1669 potus,

406 1698 564 1722 censura
584 1693 759 1722 servante
777 1686 950 1723 modum.
1009 1700 1096 1723 cura
1118 1688 1199 1736 ipsa
1217 1684 1376 1735 regendi

414 1753 690 1802 clementisque
715 1754 865 1790 animus
884 1767 1129 1803 praesumere
1151 1754 1302 1803 parcius
1322 1763 1428 1788 escas

300 1820 378 1861 110
406 1820 489 1856 iure
510 1819 620 1865 facit,
654 1826 844 1869 potusque
865 1834 1002 1870 parum
1021 1821 1207 1870 sapientia
1230 1819 1392 1869 quaerit.

409 1898 523 1922 aurea
543 1887 746 1934 purpureis
766 1893 962 1935 apponunt
980 1887 1124 1922 fercula
1145 1886 1289 1921 mensis

406 1951 578 2002 pondere
595 1964 836 2000 gemmarum
851 1953 938 2002 plus
957 1954 1101 2002 gravia.
1157 1953 1281 2000 pictus
1303 1950 1446 2000 ubique

409 2019 641 2054 lastinianus
665 2025 757 2055 erat.
816 2017 981 2055 dominis
1001 2020 1148 2068 pictura
1165 2016 1354 2067 placebat,

407 2083 702 2136 gandebantque
724 2087 784 2122 sui
803 2087 986 2134 genitoris
1004 2086 1173 2134 imagine
1193 2085 1275 2120 visa

299 2151 375 2191 115
404 2151 536 2187 felices
555 2153 688 2200 geniti.
744 2165 854 2189 veras
871 2151 926 2187 ibi
945 2164 1097 2187 cernere
1118 2163 1249 2200 posses

406 2231 531 2255 sacras
552 2218 697 2267 effigies
710 2247 719 2265 ,
748 2219 931 2269 vivasque
952 2217 1101 2254 adstare
1120 2223 1288 2266 putares.

404 2298 465 2321 ars
487 2292 523 2321 et
543 2287 723 2322 materies
741 2286 888 2321 animas
906 2285 1021 2321 simul
1039 2282 1179 2319 addere
1195 2289 1365 2333 possent,

406 2351 574 2388 addendi
595 2354 750 2388 veniam
769 2354 845 2389 nisi
864 2357 924 2397 tu,
954 2357 1088 2386 natura
1101 2378 1110 2396 ‚
1137 2362 1311 2400 negares.

403 2419 568 2468 ingeniis
589 2417 793 2455 hominum
811 2427 898 2469 post
917 2426 1082 2456 mortem
1097 2421 1226 2455 vivere
1244 2418 1348 2453 fama

297 2487 372 2526 120
403 2498 626 2521 concessum
646 2492 723 2521 est:
755 2487 900 2522 clarum
920 2493 1046 2523 servat
1064 2499 1131 2522 sua
1152 2484 1271 2534 gloria
1289 2493 1446 2518 nomen.

404 2553 486 2601 ipse
505 2550 790 2601 triumphorum
808 2565 878 2601 per
897 2553 1047 2601 singula
1069 2561 1339 2587 vasasuorum

401 2619 598 2655 barbarico
623 2617 821 2654 historiam
841 2618 921 2654 fieri
941 2617 1189 2654 mandaverat
1209 2629 1332 2663 auros

406 2692 577 2735 tempore
599 2697 674 2735 quo
694 2685 814 2734 captis
832 2685 962 2722 iniecit
982 2685 1108 2722 vincla
1128 2684 1302 2734 tyrannis
