1702 3060
229 119 258 165 8
608 146 610 149 -
701 118 796 160 FL.·
813 117 1168 160 MEROBAUDIS
1650 0 1676 190 1

124 244 161 278 p.
183 235 205 269 8
226 229 372 265 lateant
394 242 484 279 ergo
509 227 566 265 hii
591 240 688 279 quos
709 224 949 277 deprehendi
966 225 1110 277 pudet.-
1140 228 1280 263 etenim
1305 228 1311 277 Ι
1333 227 1459 265 bonae
1481 189 1678 309 conver-5

225 298 386 333 sationis
413 303 470 332 est
495 296 611 331 nimis
638 301 769 344 petere
796 307 956 344 conspec
981 294 986 344 Ι
1011 299 1109 330 tum.
1166 301 1203 331 et
1227 300 1358 330 tamen
1383 293 1479 330 mali
1503 293 1646 329 frustra
1666 309 1674 330 t

225 363 387 399 arbitros
415 362 596 411 fugiunt:
624 360 629 410 Ι
657 359 752 412 quid
780 362 885 397 enim
914 361 970 398 eis
996 359 1153 410 prodest
1181 374 1261 397 non
1286 359 1428 397 habere
1457 359 1646 403 conscios,
1662 350 1675 394 ΙΙ

226 441 314 464 cum
340 428 346 477 Ι
370 426 514 464 habent
541 426 844 465 conscientiam?
901 428 1059 465 veniant
1090 440 1183 465 sane
1211 425 1263 463 ad
1288 433 1323 463 te
1346 439 1441 476 quoe
1459 438 1506 462 νο
1530 424 1536 474 Ι
1562 425 1648 460 lunt
1658 420 1686 461 ΙΙ

224 494 370 541 arbitri,
401 494 519 545 quam
536 496 672 533 volunt
691 496 815 533 severi
834 493 980 533 iudices
997 507 1147 530 morum
1172 494 1178 544 Ι
1203 500 1319 544 atque
1337 493 1548 539 virtutumg
1576 504 1650 528 nec
1675 536 1677 538 Ι

223 567 376 597 tantum
418 561 580 600 Catones
615 563 765 607 nostri,
803 561 942 611 sedpe
967 561 973 611 Ι
998 562 1151 611 regrina
1181 558 1579 596 Lacedaemoniorum
1611 563 1650 593 et

223 625 521 665 Atheniensium
557 629 562 678 Ι
601 630 788 666 nomina:
845 629 999 664 nullum
1043 627 1216 678 profecto
1263 633 1416 676 tempus
1431 654 1441 672 ,
1495 624 1650 661 nullum

222 694 326 730 diem
334 722 350 739 ‚
386 695 392 744 Ι
425 696 576 731 nullam
631 695 799 746 denique
841 693 979 731 horam
1020 695 1062 730 in
1110 694 1258 730 actibus
1305 694 1382 729 tuis
1421 703 1538 743 quam
1572 703 1651 725 non

223 761 335 797 admi
368 762 373 810 Ι
407 768 540 797 rentur
571 762 786 798 invenient.
842 762 914 797 tibi
947 761 1052 797 enim
1081 760 1205 796 cubile
1231 771 1330 795 σανα
1357 772 1405 794 ru
1436 757 1442 808 Ι
1476 770 1546 807 pes
1583 758 1687 794 autu

223 834 339 864 tenue
364 827 545 863 velamen
572 829 613 863 in
644 828 835 876 caespite3
867 838 950 862 nox
975 827 1019 861 in
1036 826 1210 875 vigiliis,
1235 826 1242 875 Ι
1268 824 1351 862 dies
1367 826 1410 860 in
1427 822 1649 869 laboribus3

222 895 365 931 iniuria
401 894 480 929 iam
516 905 586 943 pro
621 893 818 929 voluntate
826 907 843 939 ,·
883 891 1006 928 lorica
1031 891 1036 941 Ι
1061 904 1141 928 non
1173 898 1256 927 tam
1291 892 1496 926 munimen
1532 900 1651 940 quam

223 963 523 1006 vestimentum3
570 971 686 994 coena
722 958 728 1008 Ι
762 971 842 995 non
878 957 1086 1008 adparatus
1122 955 1194 994 sed
1224 957 1489 1004 conversati03
1539 961 1651 1006 post-.-

219 1041 326 1064 remo
346 1054 427 1064 .....
458 1027 464 1077 Ι
490 1028 559 1078 qui
575 1028 661 1063 aliis
678 1027 919 1076 procinctus,
948 1025 1020 1061 tibi
1039 1037 1133 1062 usus
1153 1031 1222 1061 est.
1249 1023 1255 1072 Ι
1659 1025 1690 1061 2

221 1106 294 1131 nec
318 1095 499 1130 inmerito
525 1100 564 1130 te
592 1095 647 1129 ita
675 1105 920 1130 communem
949 1092 1144 1128 alacritati
1164 1104 1212 1127 ac
1232 1089 1273 1126 la
1299 1089 1304 1140 Ι
1327 1090 1436 1137 bori,
1463 1087 1588 1125 labori
1605 1099 1650 1123 ac

217 1163 421 1212 potestati,
453 1168 590 1197 natura
610 1160 794 1196 formavit
813 1186 894 1195 .....
926 1158 931 1208 Ι
957 1171 1022 1194 ore
1047 1159 1235 1207 ciiumgra
1248 1184 1259 1194 .
1271 1169 1385 1193 nares
1407 1156 1447 1192 la
1459 1181 1470 1191 .
1482 1166 1576 1191 oran
1587 1179 1597 1188 .
1609 1165 1651 1187 ra

222 1255 323 1265 ......
353 1228 360 1278 Ι
383 1229 615 1279 proximitas
634 1233 701 1264 tua
718 1228 733 1263 i
755 1254 782 1263 ..
805 1225 1053 1262 velocitatem
1071 1231 1179 1261 tuam
1320 1218 1342 1276 ΙΙ
1498 1229 1590 1268 ·96ῑ
1611 1217 1651 1255 ‘d

767 1342 788 1369 ψ
926 1343 947 1383 ¹⁸5
1085 1343 1106 1364 ψ

116 1448 152 1481 p.
173 1437 197 1471 9
224 1464 306 1474 .....
334 1449 357 1473 a
385 1437 551 1481 tentorio
577 1463 604 1477 ..
627 1448 673 1472 ao
694 1447 841 1487 quamq
865 1460 983 1471 .......
1013 1435 1020 1483 Ι
1049 1459 1132 1475 ..,..
1155 1434 1364 1473 tentorium
1383 1431 1503 1469 ducit.
1558 1436 1652 1466 tunc

216 1505 252 1541 si
283 1503 379 1555 quid
412 1516 434 1539 a
466 1503 581 1539 bellis
609 1502 614 1551 Ι
640 1507 760 1537 vacat
765 1529 782 1546 2
811 1508 881 1538 aut
909 1503 1006 1538 situs
1037 1500 1193 1536 urbium
1219 1506 1285 1535 aut
1311 1500 1508 1548 angustias
1534 1510 1652 1533 mon-

218 1573 318 1608 tiiun
344 1570 350 1619 Ι
375 1577 446 1605 aut
462 1569 592 1619 plana
613 1581 839 1618 camporiun
863 1574 929 1604 aut
950 1568 1156 1604 fluminum
1173 1567 1357 1602 transitus
1377 1571 1442 1602 aut
1467 1564 1476 1614 Ι
1498 1564 1685 1614 νίαηιιηῇ

218 1637 345 1686 spatia
360 1637 531 1681 metiris,
563 1641 680 1684 atque
696 1634 751 1670 ibi
770 1636 856 1684 quis
874 1633 1016 1684 pediti,
1046 1635 1131 1684 quis
1157 1632 1163 1682 Ι
1190 1633 1312 1683 equiti
1328 1628 1652 1668 acconnnodatior
1678 1616 1683 1634 η’

218 1703 348 1750 locus,
380 1703 467 1753 quis
493 1701 676 1737 excursui
703 1699 708 1750 Ι
733 1701 886 1748 aptior,
915 1702 1002 1750 quis
1022 1701 1195 1750 receptui
1215 1700 1357 1747 tutior,
1388 1697 1475 1747 quis
1493 1695 1652 1735 stationi

218 1770 330 1807 uberi
357 1769 362 1818 Ι
388 1782 458 1813 or,
487 1766 676 1816 exploras.
733 1768 788 1803 ita
808 1766 859 1803 ad
878 1767 1027 1803 bellum
1050 1768 1200 1816 proficit
1226 1768 1344 1803 etiam
1365 1766 1452 1814 ipsa
1475 1763 1518 1798 in
1543 1762 1549 1812 Ι
1575 1769 1652 1797 ter-
1674 1795 1675 1798 ,

219 1837 349 1873 missio
380 1835 589 1876 bellorum.
645 1835 726 1871 iam
754 1847 867 1881 vero,
910 1841 1065 1884 praeter
1097 1835 1182 1870 Mar
1207 1834 1212 1884 Ι
1238 1835 1310 1870 tias
1336 1830 1511 1878 labores,
1542 1831 1650 1866 cuius
1663 1834 1694 1870 1(

218 1909 326 1945 tanta
355 1903 396 1937 in
428 1902 599 1942 consiliis
630 1902 828 1948 alacritas,
860 1902 902 1936 in
927 1901 932 1950 Ι
959 1900 1114 1938 iudiciis
1134 1902 1340 1948 severitas,
1368 1901 1412 1936 in
1435 1898 1651 1948 conloquiis

219 1975 430 2006 mansuetu
455 1968 460 2017 Ι
486 1968 534 2004 clo
546 1996 562 2013 ,
600 1969 643 2004 in
672 1968 786 2006 vultu
813 1968 1048 2025 aequalitas,
1086 1969 1128 2004 in
1157 1969 1214 2007 ira
1238 1968 1429 2014 brevitas,
1469 1967 1511 2002 in
1539 1952 1650 2000 amo-

219 2048 261 2072 re
286 2035 293 2086 Ι
319 2034 583 2072 diuturnitas}
649 2049 672 2073 o
706 2023 1060 2078 fortunatissimum
1098 2036 1281 2077 orationis
1307 2035 1312 2086 Ι
1337 2046 1445 2074 meae
1477 2029 1648 2082 teinpus!

217 2223 253 2247 v.
268 2213 290 2246 6
312 2211 520 2254 agnoscimus
534 2211 730 2245 latinitatem
745 2211 831 2245 illius
847 2211 983 2247 saeculi.
1005 2228 1050 2242 -—·
1071 2223 1105 2245 v.
1123 2213 1164 2246 11
1190 2211 1263 2246 cod,
1281 2212 1403 2256 adque.
1448 2222 1483 2245 V.
1501 2211 1543 2246 12
1563 2209 1650 2244 idem

213 2258 569 2297 lacaedemoniorum,
592 2257 705 2290 eodem
720 2257 800 2290 vitio
816 2257 905 2301 quod
919 2257 953 2289 in
968 2256 1081 2290 codice
1097 2258 1246 2290 Romano
1263 2257 1305 2290 de
1320 2268 1359 2290 re
1373 2256 1506 2301 publica
1519 2262 1650 2298 regnat.

213 2313 250 2337 v.
267 2302 310 2337 15
332 2302 388 2336 ubi
412 2302 519 2336 cubile
545 2301 683 2346 scripsi,
704 2301 856 2335 librarius
884 2302 982 2335 civile
1006 2302 1178 2346 scripsisse
1192 2301 1324 2335 videtur
1347 2301 1487 2345 (ultima
1501 2301 1615 2334 littera
1630 2312 1650 2333 e

213 2352 419 2383 resectarum
436 2358 570 2380 numero
587 2348 684 2390 esth
717 2347 835 2380 deinde
848 2348 862 2380 i
876 2352 1094 2391 expunctum,
1123 2348 1141 2380 b
1157 2346 1415 2392 superscriptum
1430 2346 1505 2379 fuit.
1551 2357 1586 2379 v.
1608 2345 1649 2379 15

216 2394 310 2428 emo
332 2392 562 2436 supplementa
583 2403 668 2436 quae
685 2392 854 2426 Bluhmius
869 2392 944 2425 mihi
960 2392 1132 2436 proposuit
1146 2392 1186 2425 iis
1202 2393 1345 2435 praetuli
1360 2403 1447 2435 quae
1460 2391 1532 2435 ipse
1547 2390 1650 2423 dede-

215 2448 298 2473 ram.
343 2449 376 2474 v.
396 2438 437 2472 17
459 2437 658 2474 vocabulum
673 2437 803 2471 iniuria
819 2437 918 2472 valde
934 2437 1066 2471 dubium
1083 2449 1158 2470 esse
1174 2437 1322 2477 videtui-3
1348 2436 1547 2480 omninoque
1565 2436 1650 2468 hanc

216 2482 371 2529 paginam
385 2482 502 2519 iterum
519 2482 637 2527 inspici
653 2483 758 2527 cupio.
789 2493 887 2526 quum
902 2489 1010 2515 autem
1025 2486 1099 2515 tota
1115 2482 1288 2516 admodum
1304 2492 1404 2525 aegre
1420 2481 1565 2524 legatur,
1581 2485 1649 2513 tum

215 2539 299 2562 vero
325 2527 426 2561 multo
451 2527 590 2563 maxime
612 2527 715 2561 infimi
743 2539 879 2571 versus,
897 2526 1115 2570 membrana,
1145 2538 1231 2571 quae
1252 2537 1351 2571 quum
1375 2526 1566 2559 tenuissima
1581 2530 1649 2558 tum

216 2572 350 2617 scalpro
365 2572 479 2609 attrita
494 2577 567 2613 est,
590 2572 624 2606 vi
641 2573 829 2606 attramenti
844 2584 863 2606 a
880 2572 1068 2616 posteriore
1083 2578 1178 2617 parte
1194 2583 1313 2612 exesa,
1335 2572 1384 2605 ita
1399 2576 1436 2604 ut
1449 2576 1531 2615 quot
1545 2570 1576 2602 in
1590 2570 1650 2603 ina

219 2618 406 2652 litterarum
431 2618 569 2660 ductus,
593 2617 729 2651 totidem
753 2618 806 2651 hic
833 2623 1015 2670 appareant
1039 2617 1210 2651 foramina.
1254 2617 1356 2658 igitur
1370 2627 1404 2650 v.
1419 2617 1462 2650 21
1479 2620 1516 2649 et
1528 2616 1573 2650 22
1588 2614 1649 2647 ali*

221 2667 304 2706 quot
327 2663 459 2697 litterae
480 2674 522 2696 ex
546 2662 596 2695 his
617 2673 699 2706 quas
717 2662 862 2696 indicavi
877 2667 1025 2696 incertae
1039 2667 1128 2696 sunt.
1151 2681 1195 2687 —
1218 2673 1252 2706 p.
1265 2663 1289 2695 2
1303 2673 1336 2698 v.
1351 2662 1371 2695 5
1392 2662 1500 2706 plana
1515 2671 1650 2704 omnpo-

222 2718 295 2746 rum
309 2708 352 2746 ab
369 2707 466 2746 huius
479 2707 556 2748 aovi
567 2707 734 2755 latinitate
745 2707 925 2743 abhorrere
938 2719 1006 2742 non
1019 2708 1132 2743 credo.
1154 2726 1199 2738 -r—
1222 2719 1256 2742 v.
1271 2707 1318 2743 11⁷
1336 2705 1544 2753 Leopaedius
1566 2703 1649 2738 mal-
1679 2711 1681 2714 ⁴
