1702 3060
246 153 310 197 58
847 153 1064 197 CORIPPI

354 276 456 300 nunc
475 270 682 313 utrumque
700 267 846 299 movet.
902 263 1011 299 silvis
1026 262 1173 300 bellare
1192 262 1345 302 videtur

353 329 437 379 ipse
458 329 552 364 sibi:
581 341 674 364 nam
695 327 870 364 membra
886 335 1025 365 vacant
1041 328 1266 379 languentia
1284 343 1434 370 somno.

243 391 324 435 465
352 395 500 430 lmuina
520 406 635 444 saepe
653 392 788 430 vident
802 407 962 431 saevum
980 408 1204 432 concurrere
1221 398 1410 445 Martem;

352 459 501 496 lumina
524 460 654 496 clausa
674 459 808 505 vident
830 468 1036 498 certamen.
1093 463 1124 498 it
1142 461 1322 500 horridus
1338 465 1409 511 ira,

353 527 512 577 vultque
530 539 686 563 movere
705 539 863 564 manus:
894 528 1150 578 languescunt
1167 529 1270 566 fessa
1289 543 1426 580 sopore

351 593 528 629 membra
542 593 629 628 viri.
688 594 867 643 quotiens
889 607 1051 631 excusso
1071 593 1230 631 dextera
1247 596 1362 643 ferro,

353 657 448 695 dum
466 665 575 709 putat
595 657 821 706 adversum,
854 662 1003 697 socium
1015 661 1106 697 ferit
1121 663 1296 712 improba
1313 658 1467 713 pectus!

243 721 323 766 470
352 731 390 761 et
408 727 525 761 risere
543 726 638 772 viri,
668 726 879 762 referentes
897 728 1064 776 proelia,
1097 741 1290 765 somnum.

349 802 423 826 nec
444 803 522 826 non
542 792 583 826 in
602 789 744 827 mediis
767 792 868 827 acies
891 792 1087 829 Maurusia
1108 796 1216 832 silvis

348 857 523 905 praescia
544 858 625 893 iam
646 858 771 894 saevis
793 858 961 906 agitatur
978 859 1020 893 in
1037 860 1143 896 invia
1163 862 1270 898 fatis.

350 929 474 958 castra
497 923 581 973 rapi
598 922 724 970 videt,
760 930 798 959 et
818 936 975 961 somnos
992 926 1072 961 iam
1092 926 1232 975 proflat
1251 939 1417 965 amaros.

349 988 530 1038 languet,
562 988 809 1041 direptosque
832 997 959 1040 potest
976 1004 1050 1027 nec
1070 992 1161 1028 flere
1183 994 1351 1030 camelos

241 1052 320 1095 475
349 1068 421 1091 nec
438 1055 587 1093 vindex
605 1058 727 1106 surgit
739 1085 748 1103 ‚
778 1058 869 1094 totis
887 1056 958 1093 sed
977 1070 1127 1094 currere
1144 1061 1291 1109 campis

350 1124 508 1172 agmina
527 1124 615 1159 fusa
636 1122 743 1159 videt
764 1123 982 1175 frustraque
1006 1125 1182 1162 attollere
1206 1124 1398 1174 dextram,

351 1196 411 1226 ast
430 1190 527 1226 alios
549 1191 668 1226 sterni
686 1191 803 1226 variis
819 1203 890 1239 per
908 1189 1021 1226 devia
1041 1191 1144 1227 fatis.

352 1269 503 1292 currere
522 1258 686 1307 quisque
706 1257 831 1303 volet,
860 1257 1117 1306 languescunt
1133 1258 1308 1295 membra
1329 1259 1467 1296 timore

352 1328 390 1358 et
411 1325 538 1359 somni
559 1324 747 1372 gravitate
770 1329 899 1358 ruunt.
955 1327 1174 1372 pet-territat
1194 1324 1315 1362 hostis

240 1385 321 1430 480
349 1395 485 1424 cuncta
505 1389 611 1425 ferus
623 1417 633 1436 ,
663 1401 825 1425 saevum
841 1389 1044 1437 geminans
1063 1391 1106 1426 in
1123 1393 1270 1428 viscera
1288 1393 1448 1430 ferrum.

349 1453 444 1490 dum
462 1467 583 1490 manu
602 1461 765 1504 utraque
783 1455 1076 1504 parat‘violenti
1094 1458 1265 1495 vtheris
1282 1460 1395 1507 ictus,

345 1522 523 1570 coniugis
543 1534 707 1557 excusso
728 1523 921 1557 concussit
938 1523 1080 1558 vertice
1099 1529 1249 1572 pectus.

344 1588 508 1637 eripitur
528 1594 620 1623 tunc
640 1587 708 1623 illa
729 1589 876 1636 magis:
905 1600 997 1623 nam
1017 1587 1163 1638 praedo
1184 1590 1373 1640 superbus

346 1653 516 1689 crinibus
536 1653 770 1689 abstractam
792 1653 899 1690 silvis
918 1654 1091 1703 rapiebat
1110 1655 1157 1691 ab
1178 1657 1286 1706 ipsis.

233 1718 314 1760 485
343 1721 398 1756 sic
417 1720 491 1756 sibi
510 1720 674 1770 quisque
693 1718 830 1755 videus
853 1727 1078 1770 quassantes
1094 1727 1250 1771 pectora
1269 1735 1425 1761 solmlos

342 1785 551 1823 horrebant
564 1815 573 1833 ‚
606 1785 730 1822 diram
748 1785 959 1822 referentes
978 1794 1089 1823 nocte
1109 1789 1294 1838 quietem.

345 1859 537 1890 terrentur
552 1853 665 1899 visis,
696 1850 866 1901 gaudent
889 1851 958 1888 sed
978 1853 1077 1889 falsa
1096 1855 1230 1891 fuisse.

348 1917 507 1957 donavit
522 1919 676 1956 miseris
695 1916 896 1955 modicum
914 1931 983 1955 sua
1003 1918 1147 1969 gaudia
1165 1927 1334 1972 tempus.

525 2170 833 2226 LIBER
907 2169 1373 2227 TERTIUS.

345 2289 423 2357 At
448 2314 556 2353 ducis
580 2317 715 2353 invicti
732 2315 926 2352 iactabant
944 2322 1099 2366 pectora
1121 2327 1254 2364 curae3

345 2384 610 2434 sollicitusque
630 2384 709 2420 suis
726 2383 882 2419 nullum
899 2396 970 2432 per
986 2383 1162 2419 membra
1181 2395 1358 2433 soporem

341 2451 481 2499 accipit
496 2479 505 2497 ,
537 2457 574 2486 et
593 2448 698 2485 dulci
714 2462 793 2485 11011
814 2448 999 2486 claudens
1019 2450 1169 2485 lumina
1191 2461 1326 2486 somno

340 2518 507 2567 pervigil
525 2517 566 2552 iu
588 2515 727 2552 mediis
749 2515 919 2565 disponit
936 2516 1086 2552 lumina
1106 2516 1254 2552 castris.

230 2637 297 2671 463
312 2635 374 2670 soli
385 2636 414 2669 Ιι
502 2635 570 2671 466
584 2635 611 2669 it
622 2637 664 2677 L,
681 2638 716 2668 et
728 2635 800 2667 ΜΤ
887 2634 954 2669 468
969 2633 1033 2667 viri
1046 2635 1086 2675 L,
1101 2634 1207 2668 virum
1220 2634 1292 2668 ΜΤ
1377 2635 1444 2670 47Ξ
1457 2635 1521 2669 iam
1537 2635 1603 2669 suis
1620 2637 1659 2677 T,

231 2682 360 2726 iamque
374 2679 442 2714 suis
457 2679 497 2713 M
585 2682 649 2715 481
669 2690 765 2713 manu
778 2678 858 2712 add.
874 2679 915 2711 M
1002 2680 1068 2713 486
1082 2679 1264 2713 inferentes
1286 2680 1318 2712 Τ
1403 2681 1470 2716 487
1485 2681 1661 2714 horrentur

233 2727 331 2760 uissis
346 2727 399 2760 vel
414 2725 512 2760 iussis
532 2726 561 2761 Τ
691 2726 757 2760 488
778 2723 924 2758 domauit
941 2724 980 2758 Τ.
1025 2741 1070 2749 --
1118 2727 1136 2760 l
1159 2731 1294 2770 pectore
1311 2725 1344 2759 Τ
1466 2725 1498 2761 4·
1511 2725 1660 2772 proelia?

1663 146 1677 173 ’ἢ
