1702 3060
200 89 297 134 390
614 89 797 133 NOTAE
829 88 889 131 IN
920 88 1132 133 LIBRUM
1162 89 1203 132 11

202 252 348 289 amicus
364 257 494 288 noster
511 248 596 286 10h.
619 251 856 287 Wowerius.
912 251 1075 288 Bau-ru.

310 308 403 345 306.
461 304 631 341 censores
654 317 734 342 non
760 305 989 355 legebantur
1014 303 1120 356 apud
1134 306 1328 344 Romanos
1347 305 1424 344 nisi
1442 303 1618 345 homines

198 361 384 411 gravitate
404 360 619 410 conspicui,
658 357 762 396 unde
786 373 988 397 censuram
1006 361 1236 411 gravitatem
1253 373 1408 398 morum
1428 358 1619 398 dicebaut.

199 428 316 466 quare
339 412 401 451 his
417 415 590 451 versibus
612 415 830 465 exprimere
857 416 1001 463 voluit,
1037 428 1156 467 quam
1182 416 1326 452 summi
1350 416 1552 466 scriptores
1579 418 1624 457 iu,

199 469 381 507 heroibus
397 471 611 519 priscarum
630 477 800 507 aetatum
820 469 1059 519 desiderant,
1088 471 1309 508 serietatem
1328 468 1494 507 hilarem
1506 498 1517 518 ,
1544 472 1623 507 im-

199 531 400 575 perantem
418 537 507 561 cum
530 525 647 561 alacri
667 531 705 561 et
721 526 823 562 laeta
845 524 1012 577 quadam
1033 526 1233 576 gravitate,
1259 538 1348 564 cum
1367 526 1477 576 gravi
1493 531 1531 562 et
1551 525 1624 562 ob·-

201 578 390 617 servanda
413 581 607 617 comitate.
644 581 699 618 'sic
719 579 766 617 de
787 580 1001 618 Stilichone
1021 594 1092 618 suo
1113 580 1349 618 Claudianus
1366 587 1518 618 noster:
1548 593 1624 624 non

202 635 336 671 odium
354 642 492 672 terrore
511 648 655 680 moves,
674 648 743 672 nee
754 635 878 686 fiena
897 637 1054 672 resolvit
1072 637 1225 686 gratia;
1245 635 1447 687 diligimus
1459 636 1625 686 pariter,

197 691 422 740 pariterque
441 691 630 727 timemus.
689 692 850 728 Bima.

315 747 408 785 307.
464 746 506 782 in
527 745 727 795 plausibus
747 753 784 782 et
802 745 1165 793 acclmnationibus,
1194 757 1293 797 quae
1311 746 1353 782 in
1370 743 1532 782 theatris
1555 741 1630 787 da·-⁴

203 800 346 836 bantur
364 800 624 850 principibus,
665 802 758 837 certi
786 799 936 838 moduli
961 801 1231 849 servabantur,
1272 807 1310 837 et
1327 800 1517 837 formulae
1534 800 1627 836 illae

206 855 314 892 velut
333 854 383 890 ad
399 867 583 891 numeros
603 854 805 892 dabantur.
865 862 901 892 et
921 853 1206 905 respondebant
1225 855 1299 892 sibi
1318 855 1486 891 invicem
1503 867 1628 905 oppo-

209 910 283 946 sita
301 910 410 959 vulgi
426 911 596 960 agmina.
626 909 733 947 idem
748 911 959 961 Corippus:
991 910 1140 947 Iustino
1161 910 1282 946 vitam
1302 914 1508 946 tercentum
1523 910 1630 947 voci-

211 964 282 1001 bus
302 972 453 1014 optant,·
482 965 693 1015 Augustae
718 966 875 1001 totidem
898 964 1066 1014 Sophiae
1084 963 1199 1013 plebs
1227 970 1307 1000 tota
1333 963 1534 1001 reclamat.
1593 970 1633 1001 et

206 1020 349 1056 iterum
370 1033 408 1056 v.
427 1021 530 1059 213:
570 1020 787 1056 studiorum
811 1019 965 1070 gaudia
990 1026 1173 1068 surgunt,
1215 1019 1448 1070 alternis-que
1474 1018 1549 1055 sibi
1572 1031 1634 1055 re·-

206 1075 396 1123 spondent
414 1075 545 1110 omnia
563 1074 693 1121 dictis5
734 1074 802 1111 ubi
830 1073 1046 1111 studiorum
1075 1073 1217 1124 gaudia
1242 1072 1366 1123 dixit,
1405 1080 1449 1111 ut
1474 1073 1576 1112 infra
1594 1086 1632 1111 v.

208 1131 302 1169 336.
359 1131 519 1166 BAnTn.

323 1186 416 1225 310.
468 1184 624 1233 partes]
656 1181 872 1220 studiorum
890 1183 1077 1220 factiones
1094 1184 1304 1233 oppositae,
1324 1181 1373 1220 de
1394 1183 1534 1235 quibus
1553 1181 1636 1220 dixi

214 1235 264 1274 ad
290 1241 308 1279 1
331 1241 426 1278 320.
482 1238 584 1274 iufra
603 1238 628 1277 4
648 1240 696 1278 8:
726 1244 809 1274 tum
819 1245 954 1288 partes
976 1239 1127 1274 munire
1147 1246 1252 1274 suas.
1310 1240 1494 1276 Demrsr.

325 1291 419 1333 314.
475 1291 541 1329 hio
569 1294 709 1330 lacuna
736 1300 830 1330 erat.
887 1294 942 1331 sic
972 1294 1058 1343 lege
1081 1303 1260 1330 mecum:
1290 1295 1467 1330 emittunt
1485 1293 1640 1330 dextras

208 1348 378 1397 pariter,
401 1349 629 1399 pariterque
652 1349 862 1384 remittunt.
920 1360 1015 1384 nam
1037 1349 1115 1388 819
1143 1354 1181 1384 et
1206 1350 1231 1388 3
1252 1348 1330 1388 170
1357 1346 1495 1386 eodem
1511 1355 1639 1399 pacto.

217 1415 270 1439 ex
291 1402 497 1440 Claudian.
517 1401 690 1454 Epithal.
712 1405 813 1440 Hon.
839 1409 877 1439 et
894 1404 1064 1439 Mariae:
1094 1403 1295 1453 diligimus
1304 1405 1458 1453 pariter
1468 1404 1642 1452 pariter-
1683 1418 1689 1420 “

217 1470 292 1509 que
321 1459 509 1495 timemus.
555 1460 739 1496 Dssmrsr.
802 1458 941 1495 lacuna
971 1459 1132 1508 repetita
1159 1470 1253 1495 voce
1275 1459 1425 1507 pariter
1447 1457 1642 1509 explenda

219 1518 291 1550 est.
349 1514 404 1550 sic
431 1514 640 1563 Virgilius:
692 1512 877 1550 cedebant
900 1514 1052 1562 pariter
1074 1514 1300 1564 pariterque
1329 1512 1504 1550 ruebant.
1565 1526 1642 1565 qua

220 1568 463 1606 restitutione
488 1570 611 1606 socios
639 1575 677 1605 et
694 1569 801 1606 velut
819 1570 992 1606 conscios
1012 1566 1200 1605 habemus
1216 1570 1386 1618 primum
1403 1569 1532 1609 Eliam
1544 1571 1644 1606 Put-

220 1621 396 1671 schium,
447 1625 556 1661 cuius
583 1624 741 1660 notulae
767 1624 999 1660 variantium
1029 1630 1095 1659 aut
1121 1629 1355 1660 mutatarmn
1384 1624 1595 1661 lectionum
1621 1636 1644 1661 a

224 1677 463 1716 Gothofredo
498 1681 783 1728 Iungermanno
820 1677 870 1715 ad
907 1691 978 1715 nos
1020 1685 1229 1726 venerunt,
1276 1677 1417 1716 deinde
1446 1677 1645 1716 Thomam
1701 1667 1702 1681 ἶ

223 1734 500 1784 Dempsterum
527 1734 801 1771 commentario
833 1732 884 1770 ad
909 1731 1014 1769 hunc
1041 1734 1192 1782 locum,
1233 1732 1485 1772 Theodorum
1502 1735 1646 1771 Marci-

224 1787 323 1824 lium
343 1788 394 1825 ad
410 1790 599 1836 Persium,
630 1787 872 1825 Hadrianum
887 1786 1095 1826 Behotium
1113 1786 1350 1840 Apophoret.
1370 1792 1395 1831 8
1415 1787 1454 1830 4.
1497 1790 1647 1827 emissio

227 1849 358 1879 autem
375 1844 456 1881 sive
477 1843 664 1880 subrectio
682 1845 750 1879 illa
771 1842 1016 1890 dextrarum,
1057 1856 1174 1895 quam
1199 1857 1295 1881 mox
1321 1844 1481 1882 densam
1499 1844 1648 1882 undam

228 1899 394 1934 manicis
413 1897 632 1935 albentibus
656 1899 838 1948 appellat,
868 1899 1024 1947 siguum
1042 1899 1198 1947 favoris,
1227 1899 1382 1949 siguum
1403 1898 1483 1936 dati
1500 1906 1538 1936 et
1554 1911 1648 1950 pro·-

229 1954 312 1990 bati
339 1955 495 2004 imperii
526 1960 605 2001 est,
649 1959 692 1990 ut
718 1959 897 1990 notamus
921 1951 971 1989 ad
991 1953 1271 2001 Claudianum3
1302 1961 1340 1990 et
1357 1955 1412 1992 ita
1429 1961 1560 1992 auctor
1578 1966 1648 1991 suo

231 2020 327 2046 aevo
347 2011 515 2059 optimus
533 2006 808 2047 Witechindus
827 2008 1042 2045 corbiensis
1068 2009 1137 2045 lib.
1156 2012 1183 2049 2
1214 2007 1262 2045 de
1289 2009 1403 2046 rebus
1423 2009 1649 2047 saxonicis:
1699 2025 1702 2027 ·

232 2077 298 2108 en,
327 2064 471 2114 inquit,
509 2063 662 2100 adduco
681 2062 789 2100 vobis
808 2077 834 2099 a
852 2063 919 2100 deo
938 2063 1098 2100 electum
1116 2070 1152 2099 et
1170 2077 1196 2100 a
1214 2063 1367 2101 domino
1390 2077 1519 2100 rerum
1536 2065 1653 2100 Hen-

232 2120 312 2155 rico
327 2119 423 2155 olim
438 2119 701 2170 designatum,
738 2131 843 2155 nunc
868 2131 954 2155 vero
969 2131 996 2154 a
1016 2120 1165 2155 cunctis
1185 2118 1430 2168 principibus
1443 2132 1570 2170 regem
1574 2119 1652 2169 sa-

234 2180 340 2210 ctum
363 2174 578 2211 Oddonem.
638 2175 675 2212 si
700 2172 808 2211 vobis
835 2175 913 2210 ista
939 2173 1068 2210 electio
1092 2174 1239 2223 placet,
1267 2174 1410 2212 dextri-5·
1433 2175 1475 2211 iu
1502 2173 1654 2211 caelum

232 2228 371 2266 levatis
394 2230 626 2280 significate.
686 2229 743 2265 ad
763 2228 859 2266 haee
882 2230 1006 2266 omnis
1026 2229 1199 2279 populus·
1223 2229 1377 2266 dextras
1398 2230 1441 2266 in
1466 2228 1654 2265 excelsum

234 2283 370 2320 levans·
399 2298 487 2320 cum
519 2285 686 2321 clamore
709 2284 840 2322 valido
865 2285 1068 2334 imprecati
1100 2291 1192 2321 sunt
1210 2298 1398 2335 prospera
1422 2297 1519 2320 novo
1545 2283 1650 2321 duci.

235 2339 523 2388 elegantissime
550 2346 681 2376 autem
704 2340 951 2376 iactationem
976 2352 1163 2377 manumn
1190 2341 1300 2376 illam
1326 2353 1396 2390 per
1424 2351 1567 2376 cuneos
1583 2337 1656 2375 ad-

236 2392 488 2431 scendentem
524 2395 703 2432 fluctibus
744 2396 980 2445 comparavit
995 2423 1006 2443 ‚
1062 2402 1105 2432 ut
1141 2396 1221 2431 iam
1252 2393 1437 2432 diximus.
1492 2395 1655 2430 BAn'ru.

236 2448 426 2498 significat
451 2462 516 2486 eas
551 2462 646 2500 quas
682 2451 819 2487 Graeci
848 2449 1086 2503 χειροτονίας
1113 2455 1263 2486 vocant.
1319 2449 1517 2486 mutilaret
1543 2448 1658 2485 nobis

238 2503 342 2541 hunc
359 2517 515 2541 versum
531 2505 712 2542 librarius
732 2504 868 2542 eadem
888 2506 1086 2542 occasione
1105 2517 1180 2555 qua
1202 2511 1240 2542 et
1257 2505 1368 2553 alios,
1397 2516 1520 2556 quum
1540 2509 1658 2554 puta-

240 2566 298 2596 ret
325 2571 528 2610 perperam
554 2561 685 2596 iterari
708 2559 872 2596 eandem
897 2573 1046 2598 vocem.
1102 2560 1156 2596 sic
1182 2571 1297 2610 supra
1316 2573 1355 2597 v.
1378 2562 1454 2600 201
1478 2559 1660 2597 omiserat

240 2614 418 2652 librarius
437 2611 479 2654 τὸ
494 2614 597 2662 sede5
624 2615 683 2667 *sic
702 2628 740 2652 v.
758 2614 838 2655 359
865 2612 908 2655 τὰ
927 2616 1063 2665 ingen-s·
1082 2615 1203 2651 semel
1222 2621 1373 2653 tantum
1387 2615 1557 2666 positum
1577 2619 1659 2650 erat

241 2682 330 2707 cum
348 2669 578 2708 detrimento
602 2683 749 2709 versus.
778 2671 898 2707 err.
957 2669 1110 2720 supplet
1126 2668 1306 2709 Barthius
1322 2670 1476 2721 pariter
1487 2669 1661 2720 pariter·-
