1702 3060
450 109 802 156 IOHANNIDOS
836 110 942 155 LIB.
976 110 1055 154 IV.
1417 107 1484 156 79

139 224 337 266 immitem
352 230 526 263 mactare
544 223 688 262 virum.
746 230 899 262 tentare
918 222 1079 275 periclis

137 307 221 333 non
239 294 372 331 timuit
391 294 547 344 genitor
564 306 636 345 pro
657 291 838 329 libertate
861 293 991 330 senili.

27 361 112 407 ‘240
141 360 359 400 Guntarich
379 361 544 410 infelix,
576 361 737 412 cupiens
759 359 845 396 fera
865 372 986 410 regna
1003 365 1152 408 tenere,

141 431 354 470 Armenios
378 442 491 468 enses
509 442 628 467 saeva
644 430 748 466 inter
766 429 910 480 pocula
929 428 1064 475 sensit,

142 506 184 538 et
203 498 309 536 male
331 510 531 536 consessas
546 497 762 534 maculavit
781 496 973 547 sauguine
990 506 1167 531 mensas.

197 566 352 614 Africa,
382 578 455 616 per
471 571 600 603 tantas
618 566 776 616 periens
794 577 876 602 non
894 564 978 601 ulta
991 564 1167 614 «rapinas,

141 633 199 672 sic
219 645 353 671 mersa
371 640 445 671 est.
501 639 540 670 te
562 639 763 685 exspectat
781 633 910 683 inops.
968 644 1150 669 succurre
1171 632 1370 681 gementi:

29 698 111 745 245
136 713 311 754 namque
329 706 442 752 potes
453 730 463 750 ,
494 700 700 754 virtusque
716 701 790 738 tibi
807 702 890 737 iam
908 706 1002 738 nota
1020 714 1091 751 per
1106 699 1243 737 orbem
1261 705 1335 748 est,

140 776 181 808 et
198 768 367 820 vigilant
386 781 546 817 sensus,
583 775 622 806 et
640 769 756 809 claris
776 767 940 806 dextera
957 762 1112 805 factis.”

194 836 315 875 Talia
336 849 651 875 commemorans
673 836 871 874 referebat
887 836 995 874 bella
1014 836 1210 885 tribunus,

136 903 291 943 lumina
310 904 547 942 conturbans
566 904 763 955 lacrimis3
793 905 1044 956 Libycasque
1065 905 1199 942 ruinas

138 972 301 1025 fataque
323 978 462 1010 cuncta
481 970 627 1010 ducum
644 973 756 1010 luctu
778 971 948 1009 deflebat
965 984 1116 1009 amaro.

23 1037 111 1082 ‘250
138 1040 334 1091 ingemuit
352 1038 488 1076 ductor
507 1052 696 1077 concussa
716 1045 850 1077 mente
867 1039 1079 1090 benignus.

140 1120 402 1160 congemuere
420 1105 561 1144 duces:
591 1108 735 1146 animis
754 1109 798 1144 in
814 1108 965 1159 proelia
985 1113 1154 1158 surgunt

141 1175 359 1227 indomitis.
417 1171 529 1212 dolor
547 1181 667 1228 atque
690 1174 820 1227 pudor
838 1176 922 1213 fera
943 1174 1061 1213 corda
1082 1175 1239 1227 fatigat.

138 1248 232 1280 tunc
250 1242 418 1280 maculis
442 1243 598 1280 finxere
618 1257 762 1295 genas,
793 1245 1024 1296 pallentque
1045 1244 1292 1295 rubentque3

138 1323 214 1349 nec
233 1311 331 1348 latet
352 1323 419 1348 ore
438 1310 563 1349 furor.
622 1319 873 1349 cunctantem
895 1324 1056 1360 surgere
1078 1312 1210 1347 lucem

11 1377 110 1424 2255
137 1379 219 1417 iam
242 1380 424 1430 cupiunt,
454 1378 692 1431 tardumque
710 1379 826 1416 iubar
843 1385 1082 1430 noctemque
1100 1379 1322 1430 requirunt.

193 1448 361 1485 Caerula
380 1447 558 1486 sulcabat
577 1446 807 1498 dirumpens
826 1446 916 1484 luce
938 1459 1097 1483 corusca

136 1513 323 1554 Phoebus
335 1544 347 1563 ,
378 1521 417 1551 et
439 1521 613 1553 errantes
632 1514 764 1553 radios
783 1528 856 1566 per
873 1514 1011 1551 nubila
1032 1514 1193 1552 vibrans

136 1583 291 1621 lumina
311 1582 382 1620 sub
402 1584 580 1623 tremulis
600 1583 810 1635 spargebat
827 1580 1022 1632 lampadis
1041 1580 1184 1630 undis3

139 1651 403 1703 surgebatque
422 1650 506 1688 dies
526 1652 682 1689 miseris
702 1651 948 1702 gratissimus
965 1649 1088 1686 Afris.

11 1721 111 1763 ῐ260
137 1719 297 1771 iamque
315 1717 457 1767 duces,
486 1721 606 1757 variis
623 1719 826 1756 turbantes
842 1717 1005 1755 vocibus
1023 1728 1182 1766 agmen,

138 1787 332 1838 urgebant
349 1787 550 1839 fortesque
569 1787 674 1825 viros
693 1786 898 1837 clarosque
913 1784 1108 1821 tribunos.

139 1856 308 1909 quisque
329 1868 421 1898 suos
438 1853 618 1892 hortatur
635 1865 780 1905 agens:
808 1851 873 1890 his
895 1859 1021 1890 castra
1036 1865 1210 1901 movere,

138 1937 248 1962 arma
266 1936 405 1975 parare
421 1923 559 1961 iubent
571 1952 581 1972 ‚
612 1923 720 1960 iussa
743 1927 921 1974 spectare
938 1921 1134 1971 magistri.

137 1993 251 2044 signa
267 1993 401 2030 ferunt
419 1998 637 2044 ornantque
659 1992 735 2029 viri
747 2021 757 2040 ‚
788 1988 1042 2041 gaudentque
1062 1995 1219 2026 tuentes

27 2059 111 2105 265
138 2073 324 2112 prospera
344 2059 529 2101 discussis
544 2058 723 2097 ludentia
738 2059 900 2097 flamina
917 2058 1031 2096 velis.

140 2135 181 2166 at
199 2134 312 2181 pater
330 2141 548 2180 exsurgens
570 2134 804 2181 compuncta
818 2134 952 2165 mente
969 2123 1183 2173 Iohannes,

139 2196 256 2236 corde
271 2199 362 2249 pio,
391 2198 559 2249 genibus
574 2198 682 2235 nixis
700 2203 739 2234 et
755 2197 906 2248 poplite
924 2195 1044 2242 flexo,

139 2267 371 2319 suppliciter
392 2266 572 2317 geminas
590 2264 756 2303 tendens
776 2277 868 2303 cum
884 2263 1037 2300 lumine
1054 2260 1222 2311 pahnas‚

140 2349 208 2374 ore
227 2348 372 2373 canens
390 2333 490 2372 haec
508 2333 630 2372 verba
648 2334 781 2371 refert.
825 2326 925 2369 “tibi
945 2329 1091 2381 gloria,
1122 2327 1288 2379 Christe,

29 2405 112 2448 270
139 2417 294 2443 summe
310 2415 453 2455 parens
471 2400 699 2450 hominum,
727 2401 876 2452 linguis
895 2405 934 2436 et
950 2404 1106 2450 pectore
1123 2410 1222 2448 puro

141 2474 214 2511 rite
235 2471 366 2522 datur,
396 2469 615 2524 laudesque
631 2470 761 2507 libens
779 2474 988 2520 gratesque
1005 2467 1173 2514 resolvo,

141 2552 222 2578 non
244 2541 368 2578 alium
383 2538 548 2578 laudare
566 2539 672 2578 volo.
729 2544 794 2588 tu,
824 2535 1004 2575 conditor
1024 2535 1143 2583 orbis,

30 2659 102 2696 240
122 2661 293 2705 guntarith
309 2662 343 2695 Τ
464 2662 534 2698 242
555 2661 728 2696 confessas
747 2660 780 2694 Τ
902 2659 972 2694 246
995 2671 1042 2693 an
1057 2655 1191 2693 claret?
1223 2667 1226 2670 ⁴
1322 2653 1391 2689 263
1414 2650 1484 2685 ius-

29 2708 176 2789 gog-blus
177 2707 283 2790 4555
300 2707 380 2750 582,
400 2709 423 2743 7
439 2708 486 2744 46
498 2712 535 2743 et
548 2708 626 2744 605.
671 2717 871 2753 quanquam
885 2706 1063 2742 contraria
1079 2713 1209 2750 quoque
1225 2703 1305 2736 sunt
1319 2699 1484 2776 exempla,

130 2764 149 2788 e

96 2817 227 2852 Merob.
257 2820 291 2851 et
319 2815 398 2850 Cor.
1155 2808 1211 2848 ’10
