1702 3060
440 107 516 150 DE
549 106 821 151 LAUDIBUS
854 105 1077 150 IUSTINI.
1385 100 1482 148 413

49 217 187 256 {elicii-s·
209 216 342 254 osculo
370 231 421 254 ac
446 219 531 254 risu
561 218 787 268 excipimus.
848 217 948 254 Stat.
980 216 1078 254 Silv.
1107 213 1132 256 5
1158 214 1260 251 ult.:
1303 227 1383 251 non
1413 227 1484 264 ego

39 281 227 312 ner-catus
244 273 401 311 Pharia
421 273 469 310 de
481 287 621 324 puppe
637 274 820 325 loquaces
837 273 1017 318 delicias,
1046 272 1251 309 doctumve
1268 272 1334 307 sui
1347 272 1484 308 convi-

47 331 98 368 §a
116 330 212 366 Nili
225 330 420 381 infantem
421 358 438 375 ‚
467 329 686 381 linguaque
701 329 824 366 simul
841 329 1068 379 salibusque
1083 335 1326 378 protervum.
1388 341 1484 364 con-

27 387 140 423 'wicia
162 387 284 436 igitur
303 393 398 437 puto
423 399 507 423 esse
525 386 628 423 sales
649 387 877 435 compositos
909 391 947 422 et
971 384 1091 422 verba
1114 385 1344 421 meditatam
1363 383 1485 421 lasci-

29 443 143 479 mam
171 443 383 488 sonantia,
427 454 527 493 quae
565 444 754 479 interesse
794 442 983 478 conviviis
1014 442 1203 478 Romanis
1244 441 1359 477 solita
1394 441 1483 492 quis

40 496 188 536 nescit?
228 511 280 535 ex
304 498 419 550 Syria
450 499 596 549 quippe
621 505 659 535 et
681 500 862 549 Aegypto
893 498 1028 548 pueri,
1077 511 1098 533 e
1128 495 1304 534 Gadibus
1324 497 1484 548 puellae

34 555 191 602 accitae,
221 567 324 604 quae
343 553 539 591 molliores
559 568 682 604 supra
703 561 891 591 naturam
913 566 1059 590 canora
1080 553 1287 590 dulcedine
1303 560 1340 589 et
1357 553 1486 590 salla-

27 611 152 648 raonis
169 609 320 646 lubrico
340 609 532 662 (Macrob.
553 612 579 650 2
605 609 646 659 1)
671 616 885 647 exercerent
897 609 1235 660 philosophantes.
1299 608 1384 646 dixi
1412 610 1484 646 ab-

26 665 160 714 unde,
199 671 243 702 ut
269 679 383 716 spero
406 665 458 702 ad
478 664 684 703 Claudian.
715 665 765 703 ad
790 664 892 702 illud
919 665 968 703 de
997 665 1106 703 laud.
1134 663 1289 703 Stilich.
1314 668 1365 706 2:
1404 679 1484 702 non

22 723 146 772 „pueri
161 720 314 759 lasciva
330 728 486 759 sonant.
518 722 706 760 DEMPST.
765 723 948 759 convivia
972 722 1101 773 mille]
1143 723 1198 758 ita
1216 720 1340 759 edidit
1359 723 1484 759 Assa-

24 779 154 830 rgrius.
213 784 253 814 at
268 779 310 815 in
331 780 474 828 scripto
497 777 631 815 codice
650 779 727 815 fuit
743 780 922 815 convicia
946 778 1072 825 mille.-
1104 777 1211 830 quod
1227 779 1484 829 Dempsterus

22 835 132 872 ³bene
163 832 355 871 defendit.
414 835 678 871 conviciorum
708 836 815 871 enim
840 847 922 871 vox
949 835 1068 871 latius
1089 841 1198 884 patet
1220 847 1341 886 quam
1361 835 1482 885 vulgo

22 891 194 939 domm,
225 892 345 927 etiam
364 888 415 926 ad
431 903 492 927 res
514 903 595 927 non
613 891 862 928 illaetabiles.
918 891 1128 927 manifeste
1147 893 1268 928 etiam
1291 892 1481 928 iocularia

22 953 246 984 scommata
264 945 340 983 hac
356 953 565 983 censentur
579 975 588 993 ,
635 959 734 997 quae
752 947 945 983 libertatis
968 945 1173 983 cuiusdam
1191 959 1318 984 novae
1339 946 1480 984 hilari-

22 1009 110 1040 <tate
129 1003 205 1040 sibi
222 1002 336 1053 plebs
352 1001 597 1052 indulgebat,
627 1003 776 1038 Iustino
796 1000 872 1038 hoc
892 1000 942 1038 ad
965 1003 1231 1052 principatum
1251 1010 1400 1040 evecto.
1444 1011 1482 1040 et

0 1057 84 1096 Uita
111 1060 317 1109 perspicue
345 1059 596 1109 proprietatis
620 1059 785 1094 Latinae
812 1059 979 1108 scriptor
1007 1059 1180 1108 optimus
1207 1059 1400 1109 Apuleius
1432 1059 1480 1099 4:

18 1113 90 1159 -hi,
124 1114 248 1151 simili
275 1114 436 1151 lavacro
464 1113 618 1164 resecti,
666 1115 767 1150 inter
790 1114 908 1164 soros
934 1115 1128 1150 sociorum
1159 1128 1238 1151 sese
1267 1123 1479 1165 reponunt;

28 1183 136 1208 nunc
157 1177 257 1207 sorte
278 1170 390 1207 ducti
408 1170 668 1206 ministerium
674 1169 856 1220 saccant
905 1176 1010 1206 estur
1022 1183 1072 1205 ac
1083 1177 1267 1220 potatur,
1288 1173 1480 1221 pulmen—

27 1227 79 1263 tis
95 1227 329 1271 acervatim,
362 1225 544 1276 panibus
574 1227 816 1276 aggeratim,
847 1225 1009 1275 poculis
1035 1227 1275 1276 agminatim
1300 1229 1476 1279 ingestis.

28 1281 198 1321 clamore
219 1282 382 1328 ludunt,
400 1283 566 1332 strepltu
584 1281 814 1327 cantillam,
836 1283 1021 1319 conviciis
1038 1283 1232 1319 iocantur.
1283 1285 1338 1320 ita
1360 1285 1482 1322 hone-

25 1339 242 1376 dissimum
260 1338 481 1375 convicium
501 1336 604 1374 dixit
625 1339 760 1375 Cicero
786 1341 838 1379 12
859 1338 1149 1386 Fmfflliarium,
1179 1346 1223 1375 ut
1239 1347 1350 1377 notat
1368 1343 1481 1379 Iaco-

25 1393 102 1432 bus
118 1393 345 1445 Raevardus
375 1394 589 1432 Variorum
619 1396 639 1433 1
674 1397 712 1434 3.
772 1392 916 1430 deinde
943 1400 981 1430 et
1005 1391 1049 1434 τὰ
1078 1368 1188 1431 mille
1214 1407 1309 1432 sane
1336 1399 1480 1435 melius

25 1451 214 1488 conviciis
234 1463 356 1502 quam
372 1450 562 1487 conviviis
583 1449 778 1497 convenit,
810 1463 901 1487 cum
918 1450 1052 1500 plures
1073 1463 1200 1487 unum
1220 1452 1369 1490 faciant
1387 1467 1483 1491 con-

25 1507 199 1554 vivium,
227 1519 331 1544 unus
347 1512 480 1542 autem
494 1506 609 1556 plura
627 1506 816 1543 convicia.
846 1507 1011 1543 ΒΑΜἯ.
1071 1508 1290 1558 quemlibet
1305 1509 1482 1559 plurium

25 1569 264 1600 concentum
288 1562 508 1600 convicium
534 1560 697 1599 indicat.
720 1562 824 1600 conf.
849 1569 1102 1601 commentat.
1128 1562 1179 1601 ad
1198 1562 1370 1604 Phaedr.
1394 1568 1416 1606 1
1439 1569 1479 1607 6.

21 1617 185 1658 Venox.

133 1674 203 1718 74.
260 1673 480 1726 discursus]
511 1675 621 1725 prius
641 1674 859 1720 discussus,
886 1675 1007 1712 male.

135 1733 205 1772 76.
263 1731 463 1781 ignaviam
478 1731 709 1778 ultimorum
724 1733 933 1768 Iustiniani
950 1738 1175 1782 temporum
1195 1731 1356 1781 indicat,
1388 1746 1479 1771 cum

15 1785 82 1835 3ait
100 1787 295 1837 populum
314 1788 512 1824 censuisse
529 1800 616 1824 sese
634 1794 723 1838 post
741 1789 898 1825 senium
916 1795 1003 1825 tum
1021 1789 1289 1826 iuvenescere.
1332 1802 1479 1840 magna

13 1843 310 1895 {tranquillitate
335 1843 474 1894 populi
500 1845 713 1894 imperium
737 1845 952 1894 sumpsisse
974 1845 1169 1882 Iustinum
1189 1846 1323 1882 scribit
1345 1847 1479 1884 Victor

9 1896 320 1938 ‘s'l’unnunensiffi
376 1900 542 1937 BAn‘rn.

134 1957 204 1996 77.
245 1955 424 2006 fhrmae.
485 1956 663 1993 imitatur
689 1953 894 1992 Claudian.
929 1955 971 1991 in
997 1956 1145 1993 Ruffin.
1171 1959 1221 1998 2:
1259 1971 1398 1994 rursus
1419 1959 1478 1995 ad

15 2007 223 2048 humanae
242 2018 400 2048 revocat
411 2012 635 2061 primordia
643 2011 820 2062 jbrmae.
852 2013 1039 2049 Demsi·-

135 2068 204 2108 79.
260 2067 400 2105 urbem
429 2074 468 2104 et
496 2069 633 2105 orbem
650 2070 828 2105 Romana
845 2069 1058 2105 ambitione
1078 2068 1229 2118 iungit,
1269 2068 1379 2106 velut
1396 2067 1474 2107 ho-

0 2128 115 2170 ·Jrum
131 2122 259 2159 fatum
276 2123 539 2174 inseparabile
564 2131 602 2161 et
626 2122 764 2161 idem
754 2126 967 2174 imperium
985 2124 1099 2161 foret.
1160 2123 1346 2162 Ovidius:
1371 2139 1473 2176 gen-

6 2164 130 2236 {tibus
147 2185 205 2215 est
220 2177 313 2215 aliis
329 2178 446 2216 tellus
463 2179 559 2216 data
580 2180 704 2216 limite
722 2187 839 2216 certo.-
870 2180 1081 2217 Romanae
1098 2183 1271 2230 spatium
1293 2188 1350 2217 est
1366 2181 1476 2218 urbis

0 2219 64 2270 ..iet
81 2233 186 2271 orbis
203 2234 320 2272 idem.
379 2236 550 2272 Rutilius
579 2234 631 2273 ad
658 2237 849 2272 Romam:
896 2235 1032 2273 urbem
1051 2237 1192 2287 jecisti
1223 2237 1332 2287 quod
1355 2239 1475 2288 prius

4 2287 127 2326 orbis
148 2297 245 2327 erat.
288 2303 367 2343 quo
388 2289 491 2328 nihil
514 2292 760 2329 ambitiosius
779 2298 818 2329 et
836 2290 1024 2330 eruditius
1045 2294 1193 2343 pariter
1214 2292 1292 2330 dici
1305 2300 1473 2344 poterat.

0 2338 187 2385 Bam-11.

0 2444 4 2448 ,
133 2403 202 2443 80
257 2415 328 2454 pro
357 2402 499 2440 addita
525 2402 660 2441 addite
689 2401 940 2441 scribendum
969 2416 1188 2442 censemus.
1246 2405 1367 2456 vulgo
1398 2418 1473 2442 nec

6 2458 213 2509 &scriptura
240 2471 316 2496 uec
356 2458 553 2497 distinctio
584 2472 679 2497 sana
710 2465 788 2497 est:
841 2465 1050 2511 utramque
1088 2461 1274 2498 vitiosam
1313 2462 1472 2512 reliquit

0 2510 290 2573 Difempsterus.
346 2514 450 2553 illud
464 2515 581 2553 decus
601 2516 753 2561 addite,
783 2516 892 2553 velut
909 2515 1161 2565 difficilioris,
1199 2524 1244 2554 ut
1266 2530 1470 2567 gramma-

20 2569 90 2607 tici
110 2570 345 2622 loquuntur,
388 2573 710 2621 constructionis,
747 2572 936 2624 imposuit
956 2573 1278 2624 exscriptoribus.
1336 2580 1395 2611 est
1417 2585 1469 2609 ex

0 2578 91 2675 {illo
115 2626 272 2677 Virgilii
294 2629 344 2668 8:
392 2628 528 2675 salve,
568 2642 664 2666 vera
694 2629 801 2666 Iovis
827 2629 984 2680 proles,
1026 2629 1145 2667 decus
1174 2629 1310 2666 addite
1345 2629 1462 2666 diris.

0 2669 182 2772 {mm-11.

129 2739 199 2780 81.
253 2744 354 2776 retro
374 2741 579 2791 principes
599 2748 691 2779 sunt
707 2739 1053 2792 praedecessores,
1090 2746 1134 2778 ut
1154 2740 1244 2779 aliis
1262 2744 1464 2778 vocantur.
