1702 3060
271 143 367 190 168

292 254 347 292 60

287 579 342 620 65

287 915 341 952 70

286 1245 339 1286 75

282 1581 335 1620 80

274 2249 328 2286 90

662 147 880 192 CORIPPI
911 146 988 191 DE
1020 149 1289 192 LAUDIBUS

376 253 552 304 quisquis
572 253 643 290 erit
662 259 812 290 vestrae
826 282 836 301 ‚
865 267 936 305 per
950 268 992 292 se
1012 255 1144 304 cadet,
1174 256 1331 296 invidus
1350 260 1475 308 aulae,

375 320 594 368 afficietque
611 320 713 356 viros
735 320 868 369 legum
886 323 972 371 pius
993 325 1095 359 ensis
1115 324 1284 373 iniquos.

372 385 532 422 barbara
553 387 746 422 Romanos
766 387 963 436 augebunt
983 389 1086 424 bella
1107 387 1336 438 triumphos,

371 462 568 500 regnaque
590 451 660 487 sub
683 454 820 489 vestris
839 455 994 490 venient
1014 455 1223 490 fortissima
1242 455 1402 504 plantis.

373 528 462 550 ecce
482 521 570 552 tuae
587 530 765 567 proceres
782 521 981 569 pulsantes
998 522 1134 557 limina
1154 527 1287 570 portae

370 583 563 619 lustinum
583 583 849 636 Sophiamque
868 594 1003 636 rogant
1024 586 1228 623 succedere
1247 589 1360 638 patri.
1372 584 1394 603 ’'

423 648 585 685 Dixerat
602 648 699 687 haec
720 653 848 701 virgo,
878 652 1053 702 placidus
1073 667 1160 690 cum
1179 655 1329 692 lumina
1348 667 1507 693 somnus

372 711 562 763 deseruit,
591 719 776 768 purisque
799 720 934 756 volans
958 733 999 756 se
1018 722 1173 758 miscuit
1191 723 1309 760 auris.

372 786 411 815 et
431 781 510 817 iam
529 783 659 820 crebra
677 797 817 822 manus
839 786 965 822 veloci
987 788 1134 822 concita
1151 789 1269 837 pulsu

370 846 507 884 limina
526 850 734 899 quassabat
755 849 880 887 ductis
896 853 1047 888 munita
1069 854 1229 890 catenis.

370 912 420 949 ad
441 917 645 964 strepitum
669 923 814 963 custos,
843 929 933 953 cura
952 924 1009 953 est
1033 918 1094 953 cui
1119 919 1284 955 claustra
1304 920 1418 968 tueri,

371 980 426 1016 sic
449 982 502 1016 ait
521 980 746 1031 indignans.
796 977 1005 1034 “quisnam
1023 986 1251 1022 temerarius
1269 983 1335 1022 hic
1351 993 1409 1023 est

374 1047 442 1096 qui
462 1047 636 1096 placidos
658 1047 774 1085 audet
795 1048 1042 1086 dominorum
1058 1063 1236 1101 rumpere
1256 1065 1428 1101 somnos,

370 1119 544 1162 tempore
567 1126 643 1164 quo
663 1113 818 1154 dulcem
837 1129 919 1152 nox
943 1117 1174 1166 intempesta
1193 1119 1365 1168 quietem

371 1180 513 1229 ingerit
534 1188 571 1218 et
592 1183 768 1219 membro
792 1196 908 1232 sopor
930 1190 987 1219 est
1006 1186 1247 1233 gratissimus
1267 1181 1436 1222 omni‘3’²

363 1240 424 1283 “si
439 1254 477 1283 te
496 1246 572 1283 fida
590 1255 722 1286 manet
742 1247 987 1286 dominorum
1006 1263 1095 1288 cura
1113 1258 1281 1299 tuorum,

369 1325 483 1362 surge
506 1312 701 1364 [agedum]
716 1310 754 1362 ,’'
782 1315 974 1352 Calinicus
993 1318 1059 1352 ait.
1115 1330 1211 1354 mox
1233 1319 1364 1368 agnita
1382 1331 1461 1356 vox
1479 1326 1558 1356 est:

368 1386 459 1415 ante
475 1380 578 1416 fores
597 1379 765 1417 dominis
786 1382 1004 1418 Calinicum
1022 1385 1176 1420 nuntiat
1195 1397 1292 1422 esse.

367 1448 586 1496 auspicium
602 1447 703 1483 felix
720 1447 790 1483 illo
812 1446 859 1482 de
877 1449 1034 1484 nomine
1053 1450 1168 1498 cepit.

366 1515 601 1563 prosperitas
625 1526 669 1549 ea
692 1515 818 1563 prima
834 1513 908 1549 fuit
929 1514 1161 1565 fortunaque
1178 1528 1307 1553 rerum

365 1586 540 1630 tempora
561 1579 713 1619 defesso
732 1592 922 1616 renovans
939 1580 1068 1616 felicia
1086 1581 1248 1630 mundo,

365 1646 471 1698 quod
487 1649 659 1696 primum
677 1646 726 1683 ad
743 1648 866 1683 limen
886 1646 987 1683 bona
1007 1654 1098 1684 tunc
1115 1650 1274 1685 victoria
1295 1650 1414 1697 venit,

363 1713 467 1750 orbis
489 1715 530 1749 in
545 1716 763 1764 Augustam
784 1713 962 1750 dominos
980 1720 1022 1749 ut
1040 1713 1197 1752 duceret
1215 1717 1359 1754 aulam.

362 1777 437 1815 hoc
457 1793 602 1816 nomen
619 1794 700 1818 sors
719 1782 821 1817 laeta
839 1780 931 1827 tibi,
963 1781 1152 1830 Calinice‚
1184 1782 1327 1820 dicavit

361 1859 432 1895 pro
450 1849 597 1884 meritis
609 1877 619 1895 ‚
649 1850 709 1885 vir
726 1848 827 1884 clare
839 1875 848 1893 ,
879 1848 977 1893 tuis-‚3
1017 1848 1221 1900 factusque
1237 1851 1416 1887 minister

364 1915 460 1949 tanti
484 1915 656 1961 consilii,
686 1914 777 1950 licet
794 1912 892 1950 haec
908 1913 1003 1950 deus
1020 1917 1149 1951 omnia
1169 1917 1273 1964 fecit,

362 1986 405 2016 tu
423 1993 577 2031 quoque
600 1993 688 2016 cum
710 1979 878 2018 dominis
891 2009 902 2027 ‚
933 1982 1119 2031 quoniam
1138 1984 1193 2019 sic
1211 1990 1343 2020 mente
1363 1982 1469 2020 fideli

363 2048 499 2084 vixisti
520 2049 728 2096 vivesque,
758 2049 835 2084 tuis
854 2046 1033 2083 mercede
1050 2048 1228 2086 laborum

361 2120 563 2150 aeternam
580 2114 727 2149 famam
746 2113 982 2164 laudemque
1005 2120 1042 2150 et
1059 2128 1203 2151 nomen
1221 2114 1398 2154 habebis.

360 2181 402 2216 fit
420 2182 535 2217 iussis
554 2194 663 2217 mora
680 2181 788 2216 nulla
810 2179 893 2217 dei:
922 2194 1018 2218 mox
1039 2182 1203 2218 claustra
1225 2183 1422 2221 resolvens

355 2248 496 2283 ianitor
515 2248 712 2285 excelsam
730 2247 909 2285 stridenti
929 2247 1084 2284 cardine
1104 2255 1256 2299 portam

357 2314 521 2363 imperio
541 2316 727 2352 reseravit
748 2313 848 2351 heri.
904 2316 986 2351 iam
1007 2317 1104 2352 visio
1123 2322 1271 2351 certum

355 2382 500 2417 fecerat
518 2382 586 2417 illa
606 2383 734 2418 virum
755 2381 965 2433 dulcesque
983 2395 1005 2418 a
1023 2388 1178 2432 pectore
1199 2394 1354 2418 somnos

357 2449 583 2498 expulerat,
616 2461 807 2498 curaeque
827 2449 927 2484 altae
947 2449 1011 2498 pia
1033 2447 1149 2484 corda
1166 2447 1390 2484 movebant.

358 2521 399 2551 ut
418 2515 519 2550 latae
542 2521 702 2564 patuere
720 2515 843 2561 fores,
876 2514 978 2551 subit
998 2514 1127 2564 ampla
1149 2519 1307 2550 senatus

358 2581 474 2626 atria,
506 2587 543 2616 et
560 2582 684 2616 aurati
706 2581 837 2617 subter
859 2580 1015 2629 fastigia
1036 2580 1128 2616 tecti

360 2648 541 2696 corripuit
563 2647 724 2684 festinus
743 2648 836 2694 iter,
866 2653 1102 2683 monstrante
1121 2646 1313 2682 ministro.

412 2715 482 2753 Est
501 2712 638 2753 domus
658 2714 816 2751 interior
835 2719 1024 2751 tectorum
1042 2714 1082 2749 in
1098 2719 1207 2764 parte
1228 2725 1408 2764 superna,
