1702 3060
262 153 353 200 146
859 153 1078 196 CORIPPI

281 263 334 304 75
364 265 498 313 erigit,
531 268 568 298 et
589 259 728 297 densos
751 258 871 297 edunt
891 260 994 297 mala
1015 261 1169 298 {lamina
1193 260 1324 298 colles.

365 331 420 365 sic
443 333 572 376 captas
595 333 746 363 mentes
766 328 957 377 paulatim
978 339 1114 364 acuere
1138 328 1280 374 furore,

365 396 419 431 sic
441 405 577 443 rupere
597 393 735 428 minas.
789 388 1005 446 “quonam‚
1035 392 1256 430 miseranda
1275 394 1468 441 iuventus,

361 457 465 495 hunc
489 459 660 510 sequeris
681 471 752 508 per
771 458 875 497 bella
895 459 1065 498 ducem?
1096 472 1172 512 quo
1192 459 1295 496 fessa
1313 458 1519 496 trahuntur

363 523 550 575 agmina?
581 538 657 575 qua
676 518 806 562 rursus
825 529 978 564 miseris
998 540 1102 563 mors
1122 538 1238 562 saeva
1255 525 1440 576 paratur?
1458 524 1461 528 ’

280 595 333 634 80
362 591 459 640 heu,
489 592 586 628 viles
608 592 758 628 animas
782 595 888 630 vario
912 593 960 630 de
984 595 1132 631 semine
1153 591 1295 640 fundit,

364 666 402 696 et
418 671 566 695 merces
582 670 662 693 non
680 658 760 694 ulla
780 657 912 697 datur!
943 673 1014 697 nos
1031 662 1155 697 Marte
1175 665 1332 696 cruento

363 725 554 762 mortibus
577 722 724 759 affecit:
754 726 951 764 Romanus
973 728 1130 777 sanguis
1151 738 1287 763 arenas

362 791 526 840 proluit,
554 795 592 825 et
611 791 726 826 misto
749 793 973 841 nigrescunt
991 804 1157 844 aequora
1177 792 1282 828 tab'o.

360 870 431 894 nos
453 857 536 893 sitis
558 862 674 906 atque
695 856 841 905 fames,
871 858 1037 895 flammis
1058 870 1128 894 nos
1146 858 1299 894 Africus
1318 858 1436 907 ussit3

277 920 329 961 85
360 929 397 958 et
415 923 576 959 meritus
595 935 673 959 non
695 923 798 960 ullus
821 922 958 961 honor.
1017 924 1252 971 concurrite,
1286 926 1403 959 cives.

361 1001 479 1035 saxa,
513 988 638 1036 faces,
666 989 836 1038 gladios,
868 998 1057 1042 quotquot
1077 991 1184 1026 furor
1200 1002 1306 1026 arma
1321 990 1525 1035 ministrat,

362 1053 539 1104 diripite:
572 1053 734 1091 infando
755 1063 883 1093 careat
899 1069 989 1107 pars
1009 1063 1140 1093 nostra
1161 1056 1305 1102 labore,

358 1127 483 1157 morte
504 1120 612 1157 ducis
631 1123 773 1158 meriti.
783 1118 804 1134 ''
861 1122 945 1159 diro
967 1124 1022 1159 sic
1045 1130 1167 1159 castra
1185 1123 1356 1158 tumultu

360 1189 558 1236 exagitata
581 1187 751 1224 fremunt
764 1218 773 1236 ,
804 1195 919 1241 atque
942 1189 1061 1239 impia
1078 1189 1277 1225 murmura
1297 1194 1486 1225 crescunt.

278 1255 331 1292 90
361 1252 600 1289 contrahitur
619 1254 828 1292 furibunda
847 1268 1009 1302 manus3
1041 1261 1229 1306 coetuque
1249 1261 1380 1291 coacto

359 1327 554 1356 exacuunt
573 1319 710 1358 dubias
730 1322 945 1359 fervoribus
964 1324 1054 1369 iras,

357 1384 646 1438 decernuntque
666 1389 790 1425 nefas.
849 1389 994 1424 clamor
1012 1388 1176 1424 tentoria
1196 1388 1333 1424 miscet

355 1450 577 1501 horrificus,
608 1455 733 1491 saevis
754 1461 907 1490 resonat
929 1454 1172 1503 clangoribus
1193 1453 1339 1500 aether,

353 1531 431 1554 non
455 1520 567 1555 aliter
584 1518 710 1557 dubiis
730 1533 848 1572 quam
868 1520 986 1556 ferret
1003 1521 1148 1570 proelia
1169 1519 1282 1557 fessis

272 1583 324 1624 95
354 1587 482 1621 omnia
507 1587 737 1624 conturbans
756 1590 966 1624 Nasamon.
1025 1581 1254 1624 ductoris'ut
1272 1600 1382 1624 aures

356 1652 515 1700 contigit
536 1653 604 1690 ille
622 1666 760 1700 sonus,
782 1648 994 1704 “quisnam
1017 1654 1227 1703 crepitante
1248 1656 1418 1691 tumultu

357 1720 530 1766 exagitat
551 1732 638 1755 mea
659 1727 780 1757 castra
800 1718 935 1757 furor?
966 1716 1225 1772 perquirite‚”
1255 1720 1367 1768 dixit,

351 1780 412 1819 “et
433 1785 599 1821 celerem
618 1793 811 1823 removete
834 1782 1041 1836 gradum.”
1097 1785 1179 1823 dux
1197 1788 1355 1825 Tarasis
1375 1781 1464 1824 ante

355 1850 551 1900 egreditur
569 1851 741 1901 trepidus
764 1865 892 1888 rerum
910 1852 1129 1889 condiscere
1151 1866 1299 1891 causas.

247 1918 324 1957 100
354 1923 394 1952 ut
415 1919 596 1968 strepitus
616 1920 735 1954 sensit
753 1917 890 1955 dubios
907 1932 1159 1970 murmurque
1177 1921 1359 1968 virorum,

349 1985 506 2020 accessit
531 1983 694 2034 placidis
715 1985 878 2034 populos
899 1983 1034 2021 sedare
1055 1985 1235 2036 loquelis.

349 2063 422 2086 nec
443 2050 551 2087 ducis
571 2049 641 2087 hos
659 2051 777 2088 facies
797 2063 869 2087 nec
886 2051 1001 2087 verba
1017 2053 1214 2100 precantia
1233 2053 1391 2090 flectunt

349 2129 422 2152 nec
441 2118 638 2153 Romanus
658 2115 803 2154 honos:
834 2118 974 2154 animis
994 2121 1209 2156 reverentia
1230 2121 1360 2158 cessit.

350 2184 434 2219 ansi
459 2185 551 2234 quin
574 2185 691 2220 etiam
711 2182 860 2233 lapides
880 2190 1030 2220 tentare
1048 2186 1234 2223 minaces.

243 2247 318 2286 105
349 2249 509 2298 urgebat
529 2263 610 2286 sors
630 2263 745 2286 saeva
764 2252 867 2287 viros
887 2251 1089 2302 fatumque
1112 2253 1242 2289 futura

350 2322 472 2351 morte
494 2329 694 2365 premens,
725 2319 963 2368 miserosque
988 2317 1071 2355 dies
1093 2331 1273 2370 suprema
1296 2316 1487 2356 trahebas.

350 2382 512 2416 vertitur
530 2381 578 2418 ad
597 2382 759 2419 dubium
779 2383 943 2434 pedibus
964 2386 1065 2422 celer
1078 2385 1170 2422 inde
1188 2386 1416 2435 magistrum

350 2449 528 2495 nuntius,
559 2455 595 2484 et
617 2462 752 2487 saevas
770 2451 897 2488 insani
918 2452 1054 2488 militis
1071 2453 1148 2489 iras

241 2590 285 2624 76
306 2589 419 2634 coepit
444 2590 525 2623 MT.
571 2601 616 2623 απ
643 2591 786 2624 caecas?
921 2592 1001 2625 ibid.
1025 2591 1208 2627 accendere
1228 2593 1342 2628 feruor
1361 2593 1403 2628 M
1532 2593 1576 2628 79
1599 2604 1663 2638 quo

239 2635 332 2678 apud
355 2636 396 2668 M
528 2635 574 2670 86
597 2647 640 2680 qu
654 2635 751 2680 cquid
776 2637 869 2669 furor
888 2636 938 2670 ira
965 2637 1131 2671 ministrat
1161 2639 1192 2671 Τ
1320 2640 1365 2674 87
1385 2637 1510 2683 diripe:
1535 2643 1570 2671 et.
1594 2639 1667 2671 M'l'

239 2680 297 2712 88*
317 2680 434 2712 merita
459 2680 498 2714 M
629 2681 671 2715 91
700 2686 775 2726 post
803 2681 920 2716 dubias
949 2682 988 2717 M
1016 2683 1098 2717 add.
1128 2683 1254 2719 mediis.
1387 2684 1431 2718 98
1465 2683 1600 2717 mrsesi»
1634 2683 1666 2716 '1'

239 2725 305 2758 106
325 2729 431 2759 marte
448 2727 489 2760 T.
