1702 3060
467 84 543 127 DE
575 84 848 129 LAUDIBUS
883 82 1106 129 IUSTINI.
1412 83 1510 131 309

68 189 227 246 quidem
245 190 366 234 habet
384 192 483 232 Silv.
506 194 529 234 1
552 192 601 242 4,
632 207 732 247 quae
748 192 815 233 1110
835 201 988 234 noster:
1018 208 1089 233 nec
1110 195 1264 233 conscia
1287 195 1401 233 detur
1421 195 1507 247 Py-

67 260 171 296 tene,
199 248 340 301 largus
356 251 495 300 potius
523 250 624 287 mihi
643 265 794 303 gurges
820 251 1030 289 inhaustus
1054 252 1126 303 qui
1150 252 1304 302 rapitur
1324 252 1372 289 de
1385 251 1506 303 sonte

64 311 143 353 tuo.
199 318 276 345 1100
304 312 364 344 est
386 319 460 344 cur
487 306 638 345 laboret
667 309 727 346 vir
754 306 890 346 doctus
919 309 1168 357 Bernartius,
1199 309 1348 346 cumin
1369 307 1503 347 codice

63 362 396 412 Argentoratensi,
426 363 495 414 qui
511 376 634 414 penes
654 377 720 401 me
740 371 811 412 est,
840 365 896 402 ita
916 365 1083 415 legatur,
1111 377 1201 403 meo
1219 363 1365 403 iudicio
1385 371 1505 404 recte.

48 415 182 455 >fidem
201 417 351 456 faciunt
368 416 546 456 eiusdem
571 419 752 458 lectionis
775 418 965 458 editiones
984 422 1156 459 Venetae
1177 427 1216 458 et
1233 421 1502 459 Florentinae:

65 501 75 510 .
85 501 112 511 ..
127 473 262 526 larg-os·
272 481 395 527 potus·
412 474 512 514 mihi
523 489 690 528 gurges,
717 478 760 514 in
776 476 944 515 haustus
959 478 1031 529 qui
1045 477 1202 528 rapitur
1218 476 1266 514 de
1275 477 1396 529 jbnte
1419 485 1498 516 tuo.

58 530 244 569 Dum-sr-

171 585 241 628 47.
299 585 495 639 quomodo
511 589 584 627 sub
604 588 765 626 nomine
792 589 916 627 rivuli
937 595 1063 640 gestat
1082 588 1269 640 principis
1291 589 1466 627 officium
1480 587 1502 627 ‘l

59 641 206 680 vellem
226 643 489 694 explicassent
514 647 591 683 ista
614 646 858 712 interpretes.
915 645 987 684 sed
1006 644 1124 683 nihili
1144 658 1206 682 res
1227 651 1305 683 est:
1336 647 1370 684 si
1395 646 1503 683 enim

58 699 245 750 principis
260 699 435 737 officium
451 708 592 752 gestat,
620 703 809 753 principis
828 702 899 740 sub
919 704 1080 740 nomine
1100 708 1246 768 gestat,
1276 714 1356 740 non
1377 714 1502 755 quae-

59 755 188 793 stol-is.
245 762 286 792 at
306 755 481 794 officium
497 759 686 809 principis
704 757 770 795 hic
786 758 1021 797 beneficium
1039 760 1127 809 capi
1145 757 1279 806 debet,
1320 757 1372 795 ad
1395 756 1503 810 quod

58 811 213 877 penitus
230 809 529 864 adipiscendum
553 816 780 852 auctoritate
802 817 1018 868 quaestoris
1037 828 1135 866 opus
1154 813 1338 851 habebat.
1368 816 1502 866 itaque

57 867 139 905 iam
167 867 239 906 sub
271 870 431 905 nomine
456 868 575 907 huius
604 884 645 908 se
675 877 831 921 gustare
859 873 1093 909 suavitatem
1117 872 1248 921 regiae
1278 871 1363 922 opis
1392 869 1502 908 dicit.

57 921 161 960 1111111
177 924 319 962 certius
341 936 461 976 quam
481 925 754 964 scribendum:
785 926 858 964 sub
877 929 991 965 cuius
1011 927 1167 964 nomine
1180 934 1312 978 gusto.
1373 927 1504 977 impe-

58 985 178 1018 trarat
197 981 304 1018 enim
320 981 402 1018 iam
420 983 547 1033 regias
564 983 737 1031 litteras,
771 995 869 1034 quas
891 982 958 1020 hic
978 982 1093 1020 offert
1111 983 1333 1031 Anastasio,
1365 989 1410 1020 ut
1430 981 1505 1020 do-

59 1042 148 1073 cent
163 1035 450 1088 praecedentia.
509 1038 710 1090 eleganter
725 1051 818 1076 vero
839 1051 892 1076 ex
909 1052 979 1077 suo
995 1051 1105 1076 more
1123 1037 1225 1075 dixit
1237 1045 1356 1089 gusto
1367 1066 1384 1084 ,
1416 1051 1506 1075 cum

56 1092 198 1143 plenus
221 1093 371 1131 fructus
404 1094 586 1132 beneficii
612 1093 792 1132 nondum
815 1093 1052 1132 advenisset.
1111 1101 1151 1131 et
1170 1095 1224 1131 ita
1246 1096 1502 1145 imperatores

57 1148 174 1186 aliive
197 1149 394 1200 principes
423 1156 600 1201 gustasse
627 1152 840 1203 imperium
861 1149 1066 1198 dicuntur,
1104 1150 1173 1201 qui
1194 1149 1306 1187 brevi
1325 1157 1502 1202 tempore

56 1202 328 1256 possederunt.
356 1207 521 1245 But-ru.
579 1207 756 1244 rivulum
772 1205 875 1244 mihi
893 1205 1051 1245 videtur
1069 1203 1197 1242 dicere
1217 1218 1308 1243 suos
1327 1207 1434 1257 ipsos
1452 1206 1502 1244 de

57 1259 241 1299 laudibus
259 1262 507 1312 imperatoris
527 1264 668 1302 Iustini
688 1264 824 1301 libros.
882 1262 955 1300 sub
984 1262 1097 1299 cuias
1128 1261 1301 1307 nomine,
1328 1260 1404 1300 11οο
1429 1270 1501 1312 est,

58 1317 168 1355 (1111115
187 1319 416 1356 auctoritate
435 1332 507 1356 seu
523 1320 685 1357 consilio
699 1348 709 1368 ,
749 1325 817 1356 aut
836 1319 871 1356 si
889 1319 1015 1356 mavis
1027 1347 1038 1366 ,
1080 1330 1157 1368 quo
1176 1324 1354 1368 patrono.
1411 1317 1503 1356 vide

57 1373 162 1411 infra
181 1374 205 1414 1
230 1372 295 1415 15.
325 1375 455 1412 FOGG.
509 1377 633 1426 gesto]
663 1375 801 1425 Virgil.
821 1376 923 1412 Aen.
951 1377 971 1414 1
994 1374 1098 1414 319:
1128 1374 1294 1424 virginis
1317 1387 1360 1410 os
1385 1373 1503 1411 habi-

58 1435 219 1480 tumque
231 1442 386 1480 gerens.
447 1437 486 1468 et
507 1434 534 1473 2
554 1433 631 1473 89:
675 1438 710 1468 et
738 1444 807 1468 nos
835 1430 1055 1482 aliquando
1079 1443 1295 1481 nomenque
1312 1429 1505 1482 decusque

53 1486 261 1538 gessimm.
320 1487 451 1525 Foco.

166 1541 236 1584 48.
272 1554 413 1593 gerens
428 1543 618 1582 nimirum
635 1556 845 1595 personam
854 1542 996 1594 poe'tae
1015 1556 1086 1582 seu
1100 1542 1375 1595 panegyristae
1394 1543 1505 1594 prin-

57 1598 155 1649 cipis
177 1599 343 1649 Augusti
361 1601 607 1651 imperatoris
626 1602 780 1639 Iustini.
835 1602 878 1637 111
899 1599 1002 1637 hanc
1020 1601 1257 1638 sententiam
1278 1599 1394 1636 facile
1414 1612 1503 1636 me-

58 1667 150 1691 cum
173 1654 271 1703 ibis,
310 1656 346 1693 si
372 1658 548 1694 conferas
579 1659 599 1697 1
628 1660 668 1698 7.
725 1655 965 1694 Claudianus
994 1657 1037 1694 111
1059 1656 1224 1707 praefat.
1246 1654 1503 1707 Epithalamii

56 1709 228 1748 Palladii
250 1717 288 1748 et
308 1712 534 1750 Celerinae:
565 1726 723 1750 carmen
742 1727 854 1750 amor
866 1714 1030 1764 generi,
1060 1713 1182 1749 soceri
1198 1713 1413 1750 reverentia
1424 1725 1503 1762 po-

58 1767 150 1813 scit,
178 1767 304 1817 officio
326 1770 448 1815 vatis,
477 1769 615 1807 militis
634 1768 829 1820 obsequio.
862 1771 993 1806 Focc.
1052 1767 1102 1806 de
1128 1768 1257 1806 officio
1274 1764 1324 1804 'in
1353 1769 1501 1819 palatio

56 1821 203 1861 isthinc
232 1825 447 1871 coniectato
484 1839 566 1863 non
592 1824 813 1863 accedimus
844 1823 1068 1863 doctissimo
1092 1825 1339 1875 Dempstero.
1397 1824 1502 1861 bona

55 1891 149 1917 vero
168 1879 399 1930 simplicitas
418 1883 461 1919 in
481 1880 598 1919 huius
617 1885 757 1932 poetae
777 1882 866 1919 stilo
884 1879 986 1918 mihi
1002 1882 1131 1932 potior
1149 1887 1207 1918 est
1227 1881 1397 1918 aliorum
1418 1881 1503 1918 eius

43 1935 144 1973 ..aevi
162 1936 439 1976 semibarbaris
457 1936 783 1976 adfectationibus
803 1936 1033 1989 granditatis
1056 1944 1094 1975 et
1113 1935 1355 1974 eruditarum
1372 1943 1503 1974 trans-

41 1991 266 2041 ]afionum,
316 2005 417 2045 quae
452 2007 532 2032 uno
559 2007 677 2045 saepe
705 1995 825 2032 verbo
858 2000 1112 2046 corrumpunt
1139 1995 1366 2031 universam
1394 1993 1503 2031 velut

56 2046 227 2086 studiose
241 2052 519 2089 narrationem.
552 2070 554 2072 v
574 2052 737 2088 BAnTu.

166 2105 465 2144 Aneuussnum
502 2119 647 2145 ornms
676 2118 951 2146 msa-omnum.
1027 2106 1200 2143 Iustinus
1236 2104 1388 2153 minor,
1433 2104 1502 2156 qui

57 2166 96 2198 et
124 2159 339 2211 secundus,
386 2163 613 2201 Dulcissimi
639 2163 743 2200 filius
773 2162 818 2214 (3
843 2162 964 2212 132),
1012 2162 1219 2199 Iustiniani
1246 2161 1415 2212 Augusti
1450 2173 1503 2197 ex

56 2229 186 2256 sorore
194 2218 407 2268 Vigilantia
424 2232 561 2270 nepos,
582 2219 630 2256 ab
650 2219 843 2257 avunculo
860 2219 950 2256 vivo
968 2219 1010 2254 in
1026 2218 1116 2254 aula
1130 2190 1334 2255 educatu?
1337 2216 1382 2268 (4
1403 2214 1501 2267 190)

37 2279 98 2318 et
113 2273 303 2312 Palatinis
320 2274 458 2313 officiis
473 2276 704 2327 impositus,
735 2275 862 2313 dictus
884 2281 942 2311 est
960 2273 1053 2311 inde
1072 2274 1327 2325 curopalates.
1383 2273 1498 2309 Paul.

57 2329 220 2367 Diacon.
246 2330 318 2368 lib.
346 2333 395 2371 16
433 2333 476 2368 111
503 2331 581 2368 fine
609 2332 829 2369 Iustiniani.
889 2329 1004 2367 duxit
1035 2331 1078 2367 in
1108 2342 1276 2367 uxorem
1308 2327 1500 2380 Sophiam

56 2383 292 2424 Theodorae
315 2388 516 2438 Augustae
536 2394 722 2439 neptem,
762 2399 882 2439 quam
906 2393 1125 2425 consortem
1147 2387 1306 2437 imperii
1335 2397 1498 2422 corona-

58 2446 141 2479 tam
155 2440 331 2492 adscivit,
352 2443 402 2480 ab
420 2444 518 2481 urbe
540 2442 695 2482 condita
719 2445 839 2492 1318,
861 2456 884 2479 a
899 2450 1015 2494 partu
1033 2442 1235 2481 salutifero
1256 2442 1351 2483 558.
1370 2441 1499 2491 placet

59 2498 166 2535 enim
179 2498 344 2537 Diaconi
368 2501 591 2552 supputatio
604 2529 614 2549 ,
657 2513 681 2537 a
705 2512 784 2552 qua
810 2498 997 2537 recedunt
1015 2501 1090 2537 viri
1114 2499 1284 2536 maximi
1306 2504 1344 2534 et
1359 2496 1498 2534 Iustini

60 2552 398 2604 inaugurationem
420 2564 572 2608 ponunt
597 2558 640 2594 in
667 2569 770 2594 anno
800 2557 939 2594 salutis
967 2554 1064 2598 566.
1120 2556 1233 2593 initio
1259 2554 1498 2605 principatus

61 2609 151 2659 pius
173 2608 344 2649 edictum
365 2614 567 2664 proposuit
586 2611 796 2650 Catholicis
817 2613 889 2650 sub
909 2613 1101 2651 avunculo
1122 2610 1376 2650 vehementer
1388 2637 1398 2656 ,
1423 2619 1498 2643 na-

2 2695 6 2698 ·
62 2666 258 2707 scentibus
274 2665 521 2719 haeresibus,
551 2669 739 2718 turbatis3
768 2669 942 2707 liberalis
963 2676 1001 2706 et
1017 2670 1060 2705 111
1077 2680 1207 2706 sacros
1226 2664 1382 2703 ordines
1405 2674 1498 2712 pro-

60 2719 186 2769 fusus.
242 2730 376 2774 postea
401 2737 480 2764 non
507 2727 630 2764 caruit
649 2726 870 2777 suspicione
886 2723 1096 2763 haereseos
1111 2723 1347 2773 Pelagianae
1370 2730 1497 2756 asser-
