1702 3060
437 127 512 171 DE
545 125 822 172 LAUDIBUS
856 126 1080 172 IUSTINI.
1391 126 1490 173 367

32 232 219 282 Mutat.
241 238 428 291 Curopal.
446 239 604 290 tzangia
620 246 758 287 vocat,
788 235 830 276 in
842 235 1004 292 quibus
1021 224 1150 289 lapilli
1173 242 1212 274 et
1234 237 1484 288 margaritae,

31 283 169 335 *ff‘alio
201 293 307 334 loco
312 292 404 349 τζαγ
405 310 481 335 now
503 303 680 348 usurpat.
739 295 953 333 dictionem
975 308 1061 333 esse
1081 295 1294 332 Turcicam
1313 294 1398 331 vult
1414 295 1484 330 Iu-

35 343 134 401 aas,
164 357 284 404 atque
311 350 376 390 his
382 312 478 390 ysoli
506 354 762 404 imperatores
781 352 1004 402 utebantur.
1035 353 1221 391 Dmurs'r.
1279 351 1340 388 Fl.
1359 351 1484 402 Vopi-

38 407 112 446 'cus
141 409 187 445 in
214 409 297 447 vita
321 408 526 447 Aureliani
555 409 689 447 scribit
714 422 807 446 eum
832 399 972 446 tulisse
997 408 1091 446 viris
1121 406 1306 445 omnibus
1333 406 1484 444 calceos

19 463 206 511 nullm,
235 477 290 502 ex
311 478 390 518 quo
407 465 627 503 Salmasius
647 465 797 516 colligit
813 477 896 503 non
914 471 1005 502 ante
1023 465 1284 502 Aurelian-um
1302 465 1483 514 proprios

39 526 178 559 autum
206 521 330 560 fuisse
358 523 642 573 imperatorum
669 522 822 559 calceos
855 521 1016 569 rubros,
1059 533 1158 573 quos
1191 526 1324 557 censet
1354 518 1481 558 dictos

36 589 108 616 esse
129 576 295 615 mulleos
313 591 336 616 a
353 579 461 630 pisce
483 577 603 616 huius
619 579 806 616 nominis.
866 579 1065 615 enimvero
1085 578 1287 628 Oppianus
1305 577 1479 614 Halieut.

38 670 43 674 .
75 634 159 675 180
186 635 290 672 rosei
317 635 458 672 coloris
480 632 588 672 hunc
607 636 759 686 piscem
779 635 896 683 facit3
930 642 969 671 et
992 635 1143 672 Seneca
1163 635 1253 670 Nat.
1274 634 1433 680 Quaest.
1456 637 1482 674 3

35 690 95 736 83
122 689 229 727 nihil
254 697 328 737 est,
356 691 509 744 inquit,
540 691 665 728 mullo
695 693 918 742 exspirante
931 691 1167 742 sbrmosiuS.
1229 691 1319 740 ipsa
1351 689 1482 726 collu-

24 746 187 784 -rtan'one
202 748 383 784 animam
399 749 538 800 agenti
553 747 673 786 rubor
680 750 879 799 primum,
909 748 1049 785 deinde
1058 746 1197 798 pallor
1214 745 1476 798 szffmclitur.

35 807 240 853 materen,
279 805 314 842 si
347 805 510 842 Festum
543 804 678 852 audis,
719 805 877 842 mulleis
909 804 1053 842 calceis
1084 817 1195 854 reges
1223 801 1481 839 Albanorum

34 859 138 897 ›n’mi
165 861 230 897 usi
258 867 369 908 sunt,-
399 868 439 898 et
458 862 534 898 Dio
553 860 608 901 43
639 862 715 910 43,
746 860 906 899 tradens
928 861 1076 898 Iulium
1094 861 1305 897 Caesarem
1326 859 1480 896 calcea-

26 916 161 954 ·nentis
184 917 246 953 uti
273 915 475 954 interdum
504 919 754 955 consuevisse
785 931 895 954 more
921 907 1062 967 regum
1090 917 1159 968 qui
1185 915 1311 953 Albae
1333 928 1479 966 regna-

19 977 120 1021 mnt,
151 970 260 1025 quod
278 974 387 1024 ipsos
409 985 554 1024 genere
575 974 820 1023 contingeret
839 979 1001 1024 propter
1021 973 1182 1020 Iulium,
1212 971 1348 1008 scribit
1370 971 1477 1023 quod

28 1027 293 1067 :alceamentis
314 1029 518 1067 altioribus
536 1035 575 1066 et
591 1029 700 1066 rubri
716 1029 857 1066 coloris
876 1028 1072 1065 utebatur.
1133 1029 1264 1064 Βοῦς.

129 1086 223 1127 113.
279 1086 528 1137 mysterium]
559 1084 668 1137 quod
695 1086 738 1122 in
767 1085 966 1137 syllabam
993 1091 1151 1136 peccat,
1182 1097 1262 1121 non
1292 1083 1377 1121 sine
1404 1097 1475 1122 sua

27 1140 164 1178 ‘atione
195 1140 312 1179 facit:
341 1138 444 1180 nam⁷
468 1155 548 1180 vox
577 1142 648 1179 illa
678 1138 831 1180 dudum
858 1142 1053 1178 latinitate
1082 1146 1239 1191 recepta
1267 1147 1370 1188 erat,
1401 1155 1476 1178 nec

22 1209 96 1234 mm
123 1197 319 1249 originem
345 1211 460 1237 suam
486 1199 708 1250 spectabat,
736 1212 812 1236 usu
838 1197 1085 1235 Christianae
1113 1201 1278 1248 poeseos
1301 1197 1380 1234 alio
1403 1198 1474 1235 sse-

20 1259 157 1292 ·wente.
213 1266 286 1305 per
303 1268 366 1292 res
383 1251 516 1292 rerum
538 1262 770 1306 argumenta
792 1254 1031 1292 indicantur.
1090 1254 1268 1290 Iulianus
1290 1254 1340 1290 IC
1362 1266 1396 1290 c.
1424 1257 1472 1295 11

19 1307 67 1348 ›td
83 1310 132 1348 Ia.
146 1311 375 1363 Aquiliam:
406 1312 536 1349 multa
558 1319 692 1349 autem
720 1313 806 1349 iure
834 1311 948 1348 civili
964 1317 1102 1347 contra
1123 1311 1315 1346 rationem
1334 1309 1475 1359 dispu-

14 1365 130 1404 ἰαηᾶἱ
149 1381 227 1418 pro
257 1367 430 1405 utilitate
455 1370 656 1406 communi
679 1375 835 1418 rec-epta
866 1381 945 1405 esse
973 1365 1332 1404 innumerabilibus
1360 1365 1476 1403 rebus

29 1422 328 1475 ›robaripotest.
376 1423 639 1462 Claudianus:
671 1438 904 1476 quanquam
922 1423 1048 1461 nulli-s·
1063 1423 1165 1460 mila·
1179 1423 1341 1474 cognita
1358 1421 1474 1459 rebus

21 1477 246 1518 rabula‘vix
260 1486 370 1517 tanto
387 1482 477 1518 risit
493 1481 542 1519 de
559 1482 723 1518 crimine
738 1494 887 1519 rumor.
947 1482 1117 1518 BARTffi

43 1544 47 1548 ⁴
122 1535 178 1574 ib.
230 1538 488 1589 mysterium]
520 1539 577 1576 sic
607 1538 710 1574 infra
739 1537 766 1579 4
794 1537 899 1578 274:
929 1550 980 1574 ne
1009 1549 1129 1589 quem
1156 1533 1334 1574 offendat
1356 1533 1474 1573 huius

27 1591 126 1630 erbi·
151 1593 306 1645 syllaba
333 1600 468 1631 contra
489 1593 719 1645 prosodiam
739 1595 932 1631 Graecam
951 1599 1151 1644 correpta,
1182 1589 1387 1629 sciendum
1408 1604 1474 1629 sa-

16 1660 98 1686 ros
115 1653 254 1700 poetas
271 1649 355 1687 fere
373 1663 512 1688 omnes
533 1649 583 1688 de
600 1649 795 1688 industria
813 1651 940 1689 solere
958 1649 1036 1687 hoc
1055 1649 1254 1696 factitare,
1284 1655 1328 1685 ut
1348 1649 1474 1699 sylla-

18 1702 102 1754 ms,
133 1718 236 1758 quae
262 1704 370 1757 apud
397 1707 568 1745 Graecos
594 1707 738 1758 longae
761 1714 874 1755 sunt,
905 1707 983 1758 ipsi
1000 1707 1140 1743 breves
1162 1705 1342 1742 faciant'
1332 1718 1372 1740 111
1394 1703 1472 1742 hu-

19 1761 184 1800 asmodi
203 1763 434 1800 nominibus
449 1775 551 1815 quae
570 1776 593 1800 a
613 1764 774 1801 Graecis
794 1764 966 1800 mutuati
982 1769 1087 1800 sunt.
1138 1761 1324 1812 exempla
1344 1762 1472 1798 multa

29 1830 98 1854 um
125 1817 233 1870 apud
256 1819 356 1857 alios
375 1821 526 1871 passim
547 1820 663 1858 obvia
685 1827 777 1858 sunt
795 1826 881 1857 tum
902 1818 1009 1870 apud
1030 1817 1312 1866 Prudentium,
1343 1817 1411 1854 ubi
1433 1824 1471 1854 et

25 1874 177 1912 Victoris
196 1875 364 1913 Giselini
381 1874 649 1915 eruditissima
669 1874 821 1914 scholia
839 1874 916 1913 hoc
934 1877 1068 1927 ipsum
1084 1873 1314 1912 admonent.
1345 1875 1470 1911 RrrT.

123 1931 219 1972 1¹14-
277 1945 328 1970 an
346 1933 491 1970 melius
510 1933 632 1971 forte:
658 1940 695 1969 et
711 1939 817 1970 cocto
836 1932 996 1970 lucidus
1017 1931 1148 1969 ostro?
1206 1937 1250 1968 ut
1267 1931 1470 1980 Virgilius,

16 1992 130 2044 qliem
155 1988 333 2026 imitatur
360 1990 539 2041 saepius,
570 1996 607 2026 et
624 1997 731 2027 cocto
750 1990 899 2026 murice
919 1990 1100 2026 tinctum.
1163 1986 1235 2025 sed
1255 1999 1337 2024 non
1357 1999 1470 2037 opus,

11 2041 56 2080 *ff
63 2042 192 2098 magis
210 2051 270 2083 est
291 2051 336 2083 ut
353 2046 559 2097 vulgatam
574 2047 818 2098 praeferam,
848 2046 1029 2098 quamvis
1052 2042 1210 2081 luc-idus
1230 2050 1334 2080 recte
1351 2056 1470 2089 voce-

19 2107 74 2137 tur
92 2101 128 2139 is
150 2102 219 2154 qui
237 2114 411 2153 purpura
430 2109 490 2140 est
509 2101 695 2152 indutus,
726 2115 804 2155 quo
829 2101 950 2139 modo
977 2108 1016 2138 et
1042 2101 1177 2137 lumen
1198 2098 1248 2136 de
1271 2112 1470 2150 purpureo

22 2155 155 2197 :olore-
170 2170 217 2196 ac
241 2170 416 2209 purpura
445 2157 602 2197 dicitur.
659 2157 753 2197 vide
783 2159 954 2196 Sahnas.
981 2155 1033 2194 ad
1057 2157 1230 2194 Tertull.
1258 2156 1361 2195 Pall.
1389 2168 1422 2192 c.
1446 2158 1467 2197 1

18 2214 142 2277 9896*-
194 2215 387 2255 Ramires,
406 2214 734 2253 Pentecontarch.
754 2228 787 2252 c.
805 2214 914 2255 2fin.
974 2215 1135 2252 VONCK.

41 2260 77 2293 '¹
119 2269 175 2308 ib.
238 2272 366 2322 cocto]
407 2271 547 2309 malim
563 2272 702 2323 sacto,
739 2269 816 2309 hoc
842 2277 901 2308 est
928 2270 1142 2307 elaborato.
1202 2268 1341 2318 Virgil.
1367 2268 1469 2304 Aen.

15 2320 77 2370 '102
87 2323 198 2369 ’627.·
237 2334 334 2364 sunt
355 2329 450 2365 ami
467 2330 651 2378 pondera
668 2327 809 2379 facti,
847 2327 1063 2378 infectique
1090 2324 1202 2362 πιίΙιι.
1265 2331 1324 2362 est
1348 2325 1471 2375 igitur

14 2380 157 2420 Qffi'um
175 2383 327 2422 factum
352 2396 494 2422 aurum
518 2398 601 2424 non
627 2383 750 2433 rude,
785 2382 856 2421 sed
878 2383 1144 2431 elaboratum,
1175 2394 1228 2419 ex
1249 2394 1326 2433 quo
1347 2381 1470 2416 nimi-

11 2436 101 2476 rum
119 2439 269 2493 aliquid
285 2441 439 2478 factum
459 2442 524 2479 sit.
581 2442 741 2492 Ulpian.
761 2441 791 2477 l.
850 2441 951 2478 Cum
974 2452 1128 2477 aurum.
1186 2439 1236 2474 D.
1257 2437 1305 2474 de
1326 2450 1409 2474 aur.
1432 2443 1470 2473 et

15 2487 106 2560 aQ.
113 2495 269 2548 legat..
256 2508 278 2518 ··
313 2511 407 2535 cum
436 2511 583 2536 aurum
613 2497 680 2535 vel
705 2504 916 2548 argentum
948 2496 1125 2548 legatum
1153 2502 1234 2540 est,
1275 2492 1474 2545 quidquid

19 2548 106 2588 111ΐί
129 2554 361 2606 argentique
383 2554 565 2593 relictum
583 2562 640 2592 εει
657 2554 787 2606 legato
809 2555 1045 2599 continetur,
1073 2567 1108 2590 ει
1103 2552 1285 2604 'sactum
1302 2552 1383 2587 sive
1406 2550 1470 2585 in-

9 2604 239 2648 &enuncia
298 2611 430 2650 Foco.

55 2673 78 2697 Γ
127 2661 221 2706 115.
275 2666 474 2718 fulgorem
502 2668 625 2706 baltei
655 2667 796 2706 sumsit
826 2679 848 2704 a
877 2667 1040 2704 Marone
1069 2671 1278 2702 mutuum:
1328 2659 1470 2710 inselcx

18 2717 174 2761 humero
210 2727 301 2760 cum
331 2726 532 2775 apparuit
558 2724 639 2762 alto
670 2724 851 2769 balteus,
883 2731 919 2760 et
950 2723 1052 2759 notis
1066 2721 1279 2772 fulserunt
1307 2715 1474 2766 cingula

17 2773 150 2814 bouis.
211 2785 271 2816 est
295 2790 388 2818 vero
409 2779 560 2819 balteus
578 2788 660 2820 tam
675 2781 871 2818 muliebre
897 2791 1020 2831 quam
1036 2778 1151 2815 virile
1176 2781 1400 2826 gestamen,
1433 2777 1474 2808 ut

77 2847 208 2884 Merob.
237 2854 270 2886 et
300 2850 376 2885 Gor.
1142 2838 1196 2876 28
