1702 3060
257 201 319 250 34
861 197 1078 242 CORIPPI

366 311 500 349 ductor
521 311 588 348 ait.
644 307 739 346 iussi
758 307 901 346 celeres
920 321 1037 358 super
1057 306 1187 346 omnia
1206 312 1348 345 nautae
1438 330 1439 334 =
1463 310 1485 343 ζ’
1617 315 1668 335 ⁴¹²¹

363 382 602 415 armamenta
623 375 780 411 volant:
811 387 965 412 currens
984 373 1048 410 hic
1068 375 1156 412 vela
1176 374 1347 423 resolvit,
1388 394 1409 422 „a
1690 359 1691 362 Ἰ

254 446 333 487 225
363 445 509 493 colligit
529 442 596 477 ille
617 442 747 489 sinus3
776 443 899 479 socios
919 440 1094 478 hortatur
1109 447 1270 478 ovantes

363 509 626 548 dulcibusille
643 509 771 556 sonis,
800 515 839 544 et
855 514 969 563 cantu
991 508 1135 544 mulcet
1155 514 1282 544 acuto.

364 575 456 613 dant
472 577 622 612 animos
640 575 807 612 clamore
826 566 920 614 viris}
948 587 1027 612 vox
1045 576 1130 624 ipsa
1146 574 1299 611 labores
1353 594 1373 607 -4

361 641 520 679 adiuvat
538 648 575 678 et
592 643 693 679 vires
711 642 840 678 nautis
859 648 897 678 et
913 641 1059 690 gaudia
1078 647 1260 691 praestat.

416 707 593 748 Caucana
615 708 747 746 Sicani
768 709 879 744 iuxta
898 708 998 744 iacet
1017 721 1108 745 arva
1123 705 1310 757 Pachyni,

254 778 333 816 230
361 775 481 811 litor&
494 773 610 810 cui-va
624 779 778 821 tenens,
810 775 916 810 cuius
939 781 1030 811 tunc
1049 786 1187 810 ancora
1208 779 1342 823 portus
1362 801 1363 805 ,
1404 779 1407 781 ’

363 843 560 878 Romanae
580 840 715 876 classis
734 851 867 876 morsu
884 841 1109 890 perstrinxit
1129 841 1302 886 obunco-3

364 915 402 944 et
419 908 498 943 iam
517 905 722 942 stelliferas
741 907 861 943 maris
884 912 1036 956 asperat
1054 908 1250 954 Hesperus
1267 900 1406 948 unda&

362 972 549 1010 inducens
563 972 674 1008 terris
690 978 831 1008 tetram
848 973 1012 1022 caligine
1027 979 1197 1009 noctem.

365 1039 430 1076 hic
448 1037 532 1081 dux
549 1038 824 1087 magnanimus
843 1051 1000 1076 securus
1020 1051 1151 1088 puppe
1171 1034 1365 1073 Iohannes

255 1109 333 1150 235
365 1106 544 1156 carpebat
562 1117 739 1151 somnos,
771 1111 905 1142 cautus
929 1118 1018 1142 cum
1037 1105 1136 1141 forte
1154 1103 1342 1152 magister

364 1176 449 1224 ipse
470 1173 562 1209 ratis
583 1169 757 1222 placidos
777 1173 968 1222 persensit
986 1184 1142 1221 surgere
1160 1175 1313 1207 ventos.

365 1239 544 1277 discurrit
560 1251 711 1289 puppes
729 1239 852 1288 pubes
868 1238 1009 1275 festina
1022 1251 1092 1288 per
1105 1248 1254 1283 omnes,

366 1311 605 1343 armamenta
621 1316 783 1354 parans3
812 1305 1044 1356 solvuntque
1066 1317 1088 1340 a
1108 1303 1220 1340 litore
1239 1301 1368 1347 funes,

364 1386 443 1409 nou
464 1377 686 1421 exspectato
706 1371 815 1407 iussu
836 1369 966 1407 ducis:
996 1371 1126 1408 omnia
1143 1374 1285 1406 nautae

254 1441 334 1483 240
362 1440 451 1478 vela
468 1439 621 1484 levant,
650 1438 741 1474 totis
761 1435 975 1486 pandentes
991 1437 1111 1473 lintea
1128 1435 1273 1472 flabris.

418 1507 502 1541 Iam
518 1502 693 1541 medium
710 1503 874 1552 pelagus
891 1504 1017 1540 ventis
1034 1502 1203 1552 impulsa
1219 1499 1376 1536 tenebat

365 1572 498 1608 classis
510 1599 520 1617 ‚
551 1576 591 1606 et
609 1574 786 1607 extremo
806 1568 987 1618 surgebat
1006 1567 1155 1605 roscida
1177 1567 1285 1604 caelo

364 1636 579 1688 producens
597 1636 746 1672 Aurora
766 1633 871 1670 diem
884 1662 894 1681 ,
925 1646 1014 1669 cum
1033 1635 1151 1671 tristis
1170 1635 1302 1682 imago

367 1703 535 1740 ductoris
554 1703 659 1739 stetit
675 1707 764 1738 ante
784 1699 924 1750 pedes,
955 1706 1117 1749 cognata
1134 1699 1318 1737 tenebris.

258 1770 337 1814 245
366 1773 501 1807 Maura
519 1768 723 1806 videbatur
740 1768 859 1804 facies
879 1770 1069 1817 nigroque
1087 1767 1213 1803 colore

365 1834 541 1883 horrida,
571 1841 608 1871 et
627 1831 803 1871 obductis
825 1839 1081 1884 contorquens
1099 1834 1249 1871 lumina
1267 1832 1450 1869 flammis.

368 1910 460 1940 tuuc
477 1903 532 1939 sic
551 1913 636 1938 orsa
653 1900 782 1951 loqui.-
826 1894 950 1950 “quas
971 1901 1083 1937 classi
1100 1899 1227 1938 tendis
1246 1900 1288 1936 in
1305 1898 1418 1950 oras?

366 1972 407 2007 in
426 1970 592 2020 Libyam
611 1967 772 2004 transire
788 1961 959 2015 putas'l''
1016 1967 1078 2003 cui
1097 1967 1215 2004 verba
1238 1967 1438 2003 remittens

369 2035 503 2072 ductor
521 2036 574 2071 ait
595 2028 746 2069 “cernis
759 2039 909 2070 nostras
927 2034 1089 2071 transire
1113 2034 1271 2080 carinas,

259 2102 339 2143 250
366 2115 507 2153 meque
527 2111 638 2149 rogas
649 2093 700 2135 ‘l'’
756 2098 867 2136 vultu
883 2100 1067 2136 minitans
1085 2106 1177 2136 tunc
1194 2099 1313 2136 tristis
1331 2098 1476 2149 imago,

366 2166 524 2205 horrida
542 2165 724 2203 sulfureis
745 2171 1000 2216 contorquens
1017 2166 1165 2202 lumina
1184 2166 1380 2214 monstris,
1410 2203 1420 2215 .

362 2229 466 2271 “non
483 2233 664 2270 transibis
672 2227 694 2245 ’²
724 2233 790 2269 ait.
846 2232 964 2268 sensit
983 2231 1087 2282 quod
1103 2239 1233 2269 mente
1251 2232 1446 2282 malignus

370 2301 531 2350 angelus
547 2300 614 2336 ille
633 2299 726 2346 fuit,
758 2298 858 2336 claro
878 2297 1046 2335 deiectus
1066 2300 1246 2349 Olympo.

369 2380 441 2403 nec
457 2367 586 2402 timuit
602 2372 733 2402 tamen
752 2366 835 2415 ipse
852 2365 955 2402 feras
975 2366 1166 2402 imitantia
1186 2366 1329 2402 formas

260 2432 340 2475 255
369 2446 436 2470 ora
455 2433 542 2470 viri.
598 2434 772 2484 sequitur
789 2432 1022 2482 fugientem,
1052 2438 1090 2467 et
1107 2431 1296 2482 prendere
1316 2435 1448 2467 certat.

370 2501 436 2537 ille
451 2512 571 2536 manu
590 2498 728 2536 densas
750 2510 957 2549 aspergens
975 2503 1062 2533 ante
1079 2499 1271 2546 tenebras,

369 2567 528 2617 pulvere
545 2566 744 2604 commisto
756 2594 766 2613 ,
794 2571 914 2602 tetrae
935 2564 1109 2613 caliginis
1126 2565 1263 2601 umbra

372 2633 538 2672 ductoris
558 2633 737 2670 turbabat
756 2631 841 2668 iter.
898 2629 968 2668 sed
986 2643 1116 2667 rursus
1137 2631 1183 2667 ab
1203 2631 1281 2668 alto

264 2734 330 2766 232
366 2732 542 2766 stelliferus
571 2731 611 2766 M
771 2728 838 2766 233
873 2729 1017 2772 tetram]
1054 2731 1175 2762 terram
1209 2728 1241 2762 '1'
1391 2726 1458 2762 217
1494 2727 1616 2760 classes
1649 2727 1680 2760 Τ

265 2779 330 2811 953
366 2778 461 2812 oculo
475 2778 615 2812 deiettas
629 2775 769 2822 olimpho
789 2776 821 2809 Τ
949 2774 1016 2808 254
1038 2773 1216 2808 minitantia
1235 2774 1267 2807 Τ
1395 2773 1460 2809 257
1482 2778 1572 2807 terre
1594 2773 1632 2806 Τ.
