1702 3060
247 114 272 159 1
283 114 300 159 1
310 113 338 160 8
844 111 1062 155 CORIPPI

244 220 326 264 425
351 234 422 273 per
440 226 596 272 gentem
611 218 774 257 transire
791 225 902 270 parat
914 248 924 267 ,
962 217 1033 257 sed
1050 224 1181 257 nostra
1198 225 1368 272 potestas

353 300 509 339 parcere
528 286 708 323 subiectis
728 289 883 336 seinper
902 285 1050 323 studet:
1081 298 1186 322 arma
1203 293 1380 325 tenentes

355 353 587 390 conterimus
604 352 789 401 populos,
829 350 998 388 humiles
1022 353 1188 390 ascimus
1209 355 1368 392 amioes.

355 419 408 455 ite
420 446 430 465 ‚
460 418 555 454 viri:
585 419 618 454 si
637 425 739 455 certa
753 417 849 455 fides
865 431 953 454 mea
970 416 1125 455 foedera
1142 420 1289 469 poscit,

356 483 496 521 tradite
513 490 640 520 vestra
659 486 757 522 meis
776 492 956 522 natorum
975 486 1138 535 pig-nora
1158 486 1291 522 castris
1303 512 1314 532 ‚

247 547 328 589 430
356 555 394 586 et
412 561 550 600 pacem
568 550 728 587 retinete
745 564 888 588 meam.
945 564 1067 601 genus
1092 563 1207 586 olmie
1225 549 1396 587 manebit

356 629 535 653 securum
552 617 746 657 Astricum
760 624 890 655 nostro
907 618 979 655 sub
996 618 1171 668 principe
1187 612 1374 666 pollens.”

357 672 456 719 ilaec
474 682 576 719 satus
598 682 708 721 donis
728 690 875 721 onerat.
931 685 1073 721 servire
1093 684 1262 719 fatentur

358 748 533 784 Romano
549 749 735 798 imperio,
763 757 873 788 natos
888 763 958 800 pro
976 751 1137 800 pignore
1157 749 1264 798 pacis

356 814 520 864 polliciti
538 822 732 864 praestare
753 828 856 853 suos.
912 816 1053 852 virtute
1071 816 1231 851 Latinos

250 877 330 920 435
359 887 398 917 et
411 881 601 931 probitate
618 882 804 931 probant3
833 881 993 919 laudant
1010 883 1188 931 viresque
1207 878 1404 932 fidemque

359 948 544 997 principis
563 953 679 998 atque
698 946 827 995 ducisr,
859 955 1055 998 composta
1073 959 1168 997 pace
1188 945 1386 983 recedunt.

416 1014 467 1050 At
482 1014 616 1063 procul
635 1016 676 1050 in
695 1027 850 1064 campos
870 1014 1092 1065 squalentes
1114 1013 1240 1050 fessus
1256 1014 1432 1064 Ilasguas

363 1079 513 1116 errabat
535 1080 668 1117 sitiens
681 1110 691 1128 ‚
720 1094 793 1117 nec
809 1087 936 1117 tantos
954 1080 1054 1116 ferre
1075 1079 1230 1116 labores

360 1145 439 1181 iam
457 1152 606 1196 poterat
627 1145 841 1198 duramque
861 1147 1021 1182 famem.
1063 1147 1126 1183 via
1142 1146 1251 1181 nulla
1271 1145 1407 1183 salutis

254 1207 336 1251 440
365 1216 402 1246 et
420 1212 573 1248 nullum
589 1219 823 1250 monstratur
842 1214 934 1250 iter:
963 1218 1051 1263 post
1072 1219 1180 1261 terga
1200 1209 1406 1260 Iohannes,

361 1277 403 1313 in
422 1277 563 1315 faciem
584 1281 727 1316 nimius
749 1280 841 1316 solis
863 1280 978 1316 calor.
1035 1277 1208 1332 undique
1229 1280 1336 1328 genti

365 1355 471 1381 mors
491 1352 571 1382 erat
592 1352 680 1382 ante
699 1347 851 1393 oculos3
884 1357 957 1381 nec
973 1343 1131 1381 tendere
1151 1351 1299 1382 rectum

366 1420 439 1445 nec
456 1413 557 1460 potis
576 1417 633 1448 est
652 1425 830 1448 revocare
852 1410 1030 1461 gradum.
1087 1411 1245 1447 confusa
1262 1411 1419 1461 pericIIS

367 1477 484 1513 auxia
502 1478 615 1514 turba
635 1479 776 1528 gemit:
804 1484 971 1515 mortem
990 1483 1113 1513 orant.
1170 1478 1226 1513 ire
1246 1484 1463 1516 retrorsum

258 1536 337 1580 445
364 1545 556 1591 persuasit
577 1544 731 1581 fortuna
748 1557 913 1592 nocens,
944 1545 1147 1594 gentisque
1164 1543 1356 1581 nefandae

367 1607 582 1646 iufaustum
601 1610 755 1648 divertit
775 1612 862 1648 iter.
917 1610 1018 1647 redit
1039 1610 1215 1659 improba
1234 1611 1371 1648 Martis

367 1673 518 1724 Syrtica
534 1684 636 1714 sorte
654 1691 816 1726 manus,
849 1677 936 1714 telis
955 1689 1034 1714 non
1053 1677 1201 1726 proelia
1221 1690 1384 1726 poscens

368 1739 439 1775 sed
460 1740 617 1779 dubiam
636 1751 783 1780 tentare
802 1745 951 1793 fugam.
1009 1744 1230 1793 explorator
1250 1744 1398 1796 ubique

368 1806 566 1845 Romanus
585 1811 760 1847 currebat
778 1823 896 1861 eques
908 1838 917 1856 ,
947 1810 1163 1860 mistusque
1183 1811 1330 1848 Latinis

261 1866 342 1911 450
370 1871 469 1910 fidus
488 1882 568 1912 erat
583 1878 742 1923 Mazax,
771 1877 915 1926 pariter
931 1876 1093 1924 vestigia
1113 1876 1239 1924 gentis

369 1939 567 1990 inquirens
581 1971 591 1990 ,
622 1955 698 1993 qua
714 1948 822 1992 parte
841 1942 983 1979 forent.
1039 1953 1112 1976 nec
1129 1941 1234 1977 fama
1250 1954 1322 1978 nec
1339 1943 1446 1980 ullus

370 2006 715 2054 proximus-hostis
736 2015 836 2055 erat,
866 2014 969 2044 tecta
990 2020 1079 2043 cum
1096 2015 1207 2044 nocte
1229 2016 1387 2059 repente

372 2070 552 2110 ardentes
568 2072 700 2110 videre
722 2073 850 2121 focos3
881 2073 1066 2124 dubiique
1084 2074 1261 2110 volutant

373 2139 592 2176 Astricesne
620 2139 747 2176 forent
767 2152 814 2175 an
833 2146 932 2176 retro
953 2152 1085 2176 versus
1108 2141 1296 2189 Ilasguas.

264 2199 346 2243 455
428 2206 627 2243 Fluctibus
643 2207 784 2243 Oceani
800 2207 932 2255 nigros
947 2207 1095 2242 Aurora
1112 2207 1262 2254 iugales

376 2271 520 2308 tristior
541 2272 733 2308 extollens
755 2270 884 2308 radios
900 2270 1082 2308 tendebat
1099 2273 1139 2307 in
1162 2268 1302 2320 axem',

377 2336 590 2373 luctificum
609 2339 752 2374 Titana
772 2336 928 2374 trahens
946 2343 983 2373 et
1002 2338 1081 2373 fata
1098 2339 1266 2375 ferentes

375 2402 498 2453 impia
514 2404 606 2440 solis
626 2416 769 2455 equos:
800 2403 1037 2441 abscondunt
1054 2404 1186 2440 nubila
1206 2417 1359 2452 cursus,

377 2469 632 2522 obscuratque
655 2470 760 2507 diem
779 2471 972 2522 squalenti
990 2470 1136 2506 lumine
1155 2468 1350 2506 Phoebus.

269 2588 334 2622 431
359 2598 469 2622 secum
488 2551 540 2621 Τ)
664 2589 731 2623 432
754 2600 816 2622 nec
833 2589 866 2622 Τ
1006 2588 1071 2623 435
1095 2587 1300 2633 proprietate
1317 2589 1349 2622 Τ
1498 2588 1562 2623 441
1587 2588 1695 2632 gentis

270 2634 363 2676 apud
378 2633 416 2666 M
509 2631 576 2667 442
595 2639 670 2678 post
685 2645 747 2667 nec
763 2635 802 2666 M
815 2644 949 2677 usquam
1045 2635 1114 2668 446
1136 2633 1251 2667 mortis
1266 2634 1298 2668 Τ
1394 2632 1460 2669 447
1482 2636 1562 2678 non]
1577 2634 1610 2667 in
1625 2634 1699 2668 ΜΤ

269 2681 335 2713 457
358 2677 515 2712 lutificum
533 2679 565 2712 Τ
695 2678 761 2713 459
782 2679 921 2713 scatenti
941 2679 980 2712 Τ.
