1702 3060
476 83 826 129 IOHANNIDOS
860 83 966 128 LIB.
999 84 1058 127 V.

162 197 332 236 obnixus
351 193 489 234 ductor
507 203 640 234 contra
661 196 794 234 omnia
815 197 894 234 tela
917 194 1085 243 resistit,

160 273 311 304 vertere
332 272 441 315 terga
459 270 610 303 vetans.
667 277 813 315 magno
832 262 1088 316 impendente
1110 262 1281 300 tumultu

35 334 131 380 ὲ670
157 334 341 386 armigeri
364 331 540 370 cecidere
561 331 664 370 duo:
694 331 799 370 cadit
815 330 991 370 Ariarith
1011 333 1153 381 ingens

19 390 22 391 ⁷
159 402 310 439 missile
328 414 407 439 non
426 414 505 438 uuo
518 429 530 449 ‚
571 407 609 437 et
630 406 789 437 centum
808 412 880 451 per
898 399 1061 436 vulnera
1080 400 1199 450 Ziper

158 471 448 520 magnanimus.
506 467 604 506 duro
627 467 821 505 venientis
840 467 1059 504 comminus
1079 467 1159 504 ictu

160 535 330 575 ductoris
346 537 543 575 transfixit
561 547 730 588 equum3
761 533 868 587 quod
886 535 1038 572 missile
1059 533 1199 572 dextra

159 605 259 642 acris
281 605 373 656 equi
392 605 549 655 rapiens
570 604 686 640 fortis
705 601 754 640 de
778 615 940 654 corpore
961 600 1099 639 ductor

48 669 129 714 675
157 671 275 722 fregit
298 678 336 709 et
355 672 397 709 in
415 672 560 709 faciem
578 669 817 709 furibundus
838 670 972 722 dirigit
990 668 1129 708 hostis.

213 740 288 776 Hic
308 740 416 778 fusos
435 740 560 778 socios
579 746 618 777 et
637 740 719 776 iam
738 752 809 777 sua
825 740 990 776 vuhiera
1008 752 1170 776 cernens

157 807 361 845 infremuit
381 806 543 845 ductor:
579 814 674 845 tunc
692 821 735 845 se
754 821 873 859 super
889 805 1012 844 ardua
1031 813 1141 858 terga

157 876 376 927 composuit
392 876 569 913 sublatus
591 888 713 928 equo,
743 876 935 927 vultuque
952 876 1098 912 minaci

157 943 341 982 terribilis
359 942 527 982 densum
546 941 693 994 dirupit
711 943 883 980 concitus
903 954 1062 993 agmen.

44 1010 128 1052 680
157 1011 277 1048 efficit
296 1025 390 1050 ense
409 1012 493 1049 vias
511 1011 670 1047 inimica
688 1022 761 1061 per
777 1011 936 1061 agmina
959 1009 1099 1048 ductor

157 1093 248 1117 cum
265 1079 380 1117 sociis
392 1089 405 1116 ε
444 1079 548 1115 acies
563 1078 702 1129 pulsae
716 1084 863 1116 terrore
881 1080 1061 1130 magistri

155 1153 244 1199 post
258 1153 412 1198 tergum
431 1144 611 1184 redeunt.
668 1147 840 1198 spatium
860 1147 936 1184 sibi
955 1145 1130 1184 vindicat
1148 1145 1280 1196 heros,

155 1221 273 1268 atque
292 1215 374 1253 suis
391 1215 468 1251 iter
484 1214 527 1250 in
548 1211 702 1251 med10s
718 1220 813 1251 tunc
830 1212 964 1265 dirigit
981 1213 1114 1253 hostes
1125 1245 1136 1264 ‚

153 1284 376 1334 Disponens
394 1295 468 1334 per
485 1282 599 1332 signa
617 1282 748 1330 vii-083
778 1289 962 1334 arcetque
984 1284 1136 1334 sagittis

40 1348 126 1394 685
152 1351 346 1402 Massylas
371 1350 491 1387 acies.
545 1350 647 1386 nulli
669 1356 820 1387 tentare
841 1350 1039 1388 furentem

153 1419 234 1456 iam
251 1425 412 1470 potuere
429 1417 519 1455 viri.
575 1418 752 1470 sequitur
774 1419 999 1470 quicunque
1019 1419 1250 1469 magistrum
1263 1449 1274 1467 ‚

153 1487 315 1525 vulnera
333 1498 521 1523 converso
541 1484 746 1523 redeuntia
766 1487 929 1537 suscipit
952 1500 1059 1524 arcu.

153 1553 342 1592 adversus
362 1555 450 1606 quis
469 1553 570 1591 forte
589 1555 707 1605 petit:
737 1567 809 1605 per
822 1563 959 1606 pectus
981 1553 1172 1592 anhehun

153 1622 311 1673 longius
334 1629 462 1661 erecta
483 1621 695 1660 transfixus
713 1621 893 1659 funditur
914 1621 1041 1660 hasta.

40 1692 123 1733 690
151 1692 220 1743 qui
239 1691 353 1727 lateri
370 1691 558 1742 iungunt,
587 1690 726 1727 iaculis
745 1690 1000 1728 volitantibus
1022 1703 1131 1728 acres

152 1757 248 1795 dant
265 1759 438 1807 animas,
469 1758 535 1795 vel
549 1764 760 1810 utrumque
778 1759 881 1796 latus
901 1757 1074 1795 diffindit
1094 1757 1260 1796 arundo.

207 1826 325 1864 Tunc
338 1832 518 1863 metuens
536 1827 735 1863 Nasamon
754 1824 924 1864 ductoris
944 1828 1108 1877 iungere
1129 1829 1254 1879 signis

149 1895 287 1943 cessit,
317 1894 414 1931 etin
431 1893 532 1931 latos
551 1893 659 1932 ferus
681 1907 733 1932 ex
754 1893 943 1946 indagine
964 1906 1123 1946 campos

149 1964 297 2014 spargit
316 1974 458 2014 equosr,
488 1962 657 2014 illosque
674 1969 790 2000 necat
807 1964 875 2015 qui
892 1965 1004 2015 sigua
1022 1964 1184 2015 fugaces

37 2029 120 2074 695
149 2018 502 2079 dewmerefiros,
533 2037 572 2068 et
590 2031 708 2082 primi
727 2033 862 2069 Martis
884 2033 1044 2070 acerbas

149 2100 367 2136 extimuere
381 2099 510 2137 minas
521 2127 532 2147 ‚
563 2111 608 2136 ac
623 2100 726 2137 versi
741 2106 852 2150 terga
872 2098 1030 2137 dedere.

203 2167 298 2203 Dux
318 2172 402 2204 erat
421 2167 602 2217 egregius
616 2197 627 2215 ‚
656 2166 828 2205 ductoris
845 2168 1007 2205 nomine
1025 2166 1184 2217 fulgens

148 2247 223 2272 nec
241 2236 383 2272 virtute
401 2234 551 2282 minor,
581 2236 768 2273 Romanis
789 2236 917 2273 clarus
933 2236 975 2271 in
994 2235 1128 2271 armis.

147 2299 254 2339 hunc
273 2302 412 2353 procul
431 2308 475 2339 ut
496 2300 635 2339 ductor
651 2304 871 2355 fugientem
891 2303 1040 2353 proelia
1062 2302 1152 2340 latis

37 2370 120 2411 700
145 2371 348 2421 prospexit
370 2370 540 2421 campis,
571 2371 642 2408 tali
661 2372 717 2408 sic
736 2385 832 2408 voce
854 2377 1024 2408 secutus.

139 2431 272 2475 “haec
293 2445 352 2476 est
371 2444 501 2476 vestra
519 2435 644 2475 fides?
676 2439 731 2475 sic
750 2438 898 2489 proelia
918 2433 1143 2478 movimus”
1163 2438 1292 2491 inquit

39 2535 108 2570 669
128 2537 263 2581 magno]
285 2534 320 2571 in
333 2549 415 2582 agro
432 2537 508 2572 ΜΤ
619 2539 687 2573 670
708 2537 836 2572 ariarth
854 2538 887 2571 'I'
997 2539 1061 2574 671
1086 2537 1180 2584 riper
1199 2539 1232 2574 Τ

38 2582 267 2626 magnanimus
287 2584 365 2618 Ιιὶαι
384 2586 506 2619 oratio.
647 2585 713 2619 677
736 2595 796 2630 per
812 2585 906 2628 apud
921 2584 964 2618 M
969 2596 978 2618 τ
1003 2585 1045 2619 cf>
1065 2585 1087 2619 4
1106 2586 1186 2620 457.

1408 85 1503 131 125

1326 2539 1395 2573 672
1414 2542 1489 2584 post

1323 2587 1387 2620 681
1414 2585 1490 2629 pul-

38 2632 92 2661 set
109 2627 161 2666 T,
183 2627 292 2672 pulsat
307 2629 346 2662 M
478 2630 565 2664 ibid.
589 2630 749 2674 magister
776 2631 845 2665 ΤΜ
980 2632 1048 2666 690
1070 2631 1208 2664 ueniunt
1230 2631 1271 2665 M
1277 2643 1288 2665 .-
1312 2632 1348 2663 cf
1374 2633 1389 2664 1
1409 2631 1487 2672 221,

37 2674 61 2708 5
75 2673 145 2708 692
158 2678 192 2706 et
207 2673 364 2709 [caucum
379 2674 541 2719 giungere
555 2676 578 2710 ί.
601 2688 630 2710 e.
647 2676 810 2712 arrivnre.
913 2677 979 2713 691
1003 2677 1059 2711 vel
1074 2689 1128 2712 om
1143 2678 1218 2712 MT

36 2719 148 2754 fundit
166 2719 198 2753 '1'
329 2720 398 2756 693
415 2721 547 2756 feruens
561 2727 597 2757 et
613 2723 654 2757 Τ.

1318 2677 1400 2710 ibid.
1424 2677 1487 2710 de·
