1702 3060
601 154 926 200 PRAEFATIO.
1400 165 1486 198 va

29 269 162 310 'minus
177 265 354 320 triginta.
409 266 514 306 hanc
528 280 722 306 allnortun
739 267 1059 320 supputationem
1073 262 1174 303 mihi
1189 271 1363 318 praestat
1378 271 1485 304 tem-

31 335 106 390 pus
127 349 204 388 quo
225 335 345 374 hosce
366 336 488 374 libros
509 335 625 374 edere
641 337 789 388 potuit,
821 342 860 374 et
876 343 1034 386 tempus
1061 347 1137 387 quo
1159 335 1293 387 scripti
1315 347 1400 373 esse
1420 335 1484 373 vi-

31 400 174 442 dentur
200 405 292 442 libri
319 404 368 443 de
395 403 579 443 laudibus
609 405 762 442 Iustini.
821 404 937 441 bellis
965 404 1074 440 enim
1100 403 1259 454 Libycis
1285 401 1484 442 Iohannes

27 472 221 510 Patricius
239 473 361 511 finem
376 474 584 525 imposuit,
619 474 686 525 qui
706 476 857 509 creatus
877 478 935 509 est
953 471 1129 508 militum
1143 472 1186 508 in
1203 472 1337 510 Africa
1351 473 1484 523 magi-

27 545 110 578 ster
128 541 213 579 sine
236 539 414 579 consorte
436 554 539 579 anno
563 542 588 581 8
614 541 773 592 imperii
792 538 1021 586 Iustiniani3
1054 550 1131 591 qua
1155 537 1204 575 de
1228 553 1270 578 re
1293 547 1384 577 ante
1405 539 1483 578 hoc

26 613 185 660 tempus
209 607 320 646 haud
346 609 464 660 plane
490 609 619 660 potuit
649 607 765 646 edere
790 609 983 659 Cor-ippus
1007 595 1129 644 libros
1156 619 1247 645 suos
1270 605 1318 644 de
1338 606 1483 645 iisdem

26 675 143 714 bellis
164 675 258 714 huic
277 675 445 715 Iohanni
463 683 730 728 nuncupatos3
759 689 889 728 neque
911 682 969 713 est
986 675 1201 713 verisimile
1221 688 1288 713 eos
1310 673 1482 712 edidisse

24 750 116 795 post
141 744 308 796 longum
331 752 503 797 tempus.
560 758 676 797 porro
696 757 787 782 cum
805 744 1045 782 Iustinianus
1062 745 1117 780 M.
1137 743 1391 794 imperaverit
1408 756 1483 779 an-

22 812 86 849 xiis
104 815 182 862 89,
213 819 365 850 constat
389 812 555 865 proinde
586 811 695 865 quod
718 813 845 850 multo
874 818 965 864 post
995 813 1129 864 scripti
1149 811 1298 849 fuerint
1315 811 1407 848 libri
1431 809 1481 848 de

11 876 207 918 'laudibus
237 882 378 918 Iustini
405 882 597 933 Augusti3
628 881 847 932 quinetiam
874 881 993 929 plane
1024 880 1152 931 liquet
1171 882 1336 929 scriptos
1357 879 1480 916 fuisse

23 943 177 986 dhobus
205 948 350 987 saltem
375 950 489 987 annis
517 955 731 1000 postquam
756 948 928 985 Iustinus
960 946 1193 997 imperabat.
1254 958 1346 983 cum
1373 946 1481 984 enim

10 1014 216 1067 corippus
235 1016 265 1053 l.
292 1019 312 1057 1
338 1024 376 1054 et
399 1017 428 1054 1.
449 1015 476 1057 4
498 1016 760 1054 Iustinianum
783 1016 827 1052 iu
856 1021 1034 1051 extremo
1056 1013 1161 1051 vitae
1183 1013 1480 1065 praedicentem

21 1073 204 1133 inducat,
228 1084 411 1122 >futurum
437 1084 522 1121 fore
549 1090 595 1120 nt
625 1084 695 1136 qui
726 1084 763 1120 ei
785 1094 926 1120 nocere
947 1081 1129 1120 meditati
1148 1083 1307 1120 fuerant
1327 1084 1478 1122 Iustino

21 1151 142 1189 etiam
170 1150 333 1189 insidias
361 1152 615 1200 molirentur,
645 1157 689 1188 ut
720 1153 872 1189 meritis
901 1153 1041 1203 poenis
1070 1149 1122 1187 ad
1149 1150 1318 1188 aliorum
1338 1164 1479 1189 exem-

8 1217 134 1270 plum
148 1219 429 1268 multarentur,
459 1218 669 1271 fingendae
689 1217 807 1257 huius
824 1219 984 1257 fabulae
1005 1221 1251 1257 occasionem
1270 1231 1322 1256 ex
1338 1233 1385 1257 eo
1404 1233 1478 1258 au-

19 1292 208 1338 eupatum
235 1300 320 1325 esse
347 1288 464 1326 facile
497 1295 556 1326 est
580 1289 826 1339 intelligere,
859 1286 966 1341 quod
984 1288 1125 1327 Iustini
1141 1289 1253 1326 iussu
1274 1301 1378 1326 anno
1397 1289 1478 1326 im—

6 1356 119 1406 ssper’ii
146 1357 229 1394 eius
259 1356 454 1406 secundo,
486 1356 550 1395 die
575 1359 692 1395 tertia
717 1357 915 1406 Octobris,
949 1357 1109 1409 capitali
1128 1357 1321 1408 supplicio
1345 1356 1475 1397 affecti

18 1423 178 1462 fuerunt
197 1425 310 1477 Cpoli
327 1423 538 1463 Aetherius
558 1433 597 1462 et
616 1424 804 1463 Addaeus
822 1438 994 1476 magnae
1020 1425 1260 1463 auctoritatis
1282 1424 1390 1477 apud
1402 1415 1476 1463 *Iu-

17 1493 234 1531 stinianum
263 1493 440 1546 patricii,
472 1498 571 1544 quos
598 1493 776 1543 plurium
794 1493 1005 1528 criminum
1024 1504 1068 1528 ac
1085 1495 1296 1543 praecipue
1315 1495 1474 1545 conspi-

3 1562 178 1599 rationis
205 1563 248 1598 in
277 1563 411 1611 ipsum
430 1561 627 1597 Iustinum
650 1566 756 1596 actos
777 1559 900 1596 fuisse
921 1571 1007 1596 reos
1023 1566 1185 1596 narrant
1209 1573 1347 1598 omnes
1364 1562 1472 1599 illius

2 1631 204 1680 ‘temporis
225 1627 414 1666 historici.
473 1614 703 1664 Eu‘stathius
724 1640 839 1675 vero,
868 1639 938 1664 seu
955 1628 1082 1664 mavis
1102 1629 1345 1677 Eustratius,
1376 1631 1475 1667 scri-

2 1702 106 1747 :ptor
133 1709 319 1743 coaevus,
360 1696 403 1732 111
432 1696 512 1733 vita
541 1695 585 1733 S.
617 1693 805 1746 Eutychii
833 1693 1081 1746 patriarchae
1116 1695 1313 1746 Cpolitani
1357 1696 1474 1750 (vide

2 1764 113 1801 ⁴Acta
132 1763 206 1802 SS.
231 1762 283 1800 ad
303 1762 411 1800 diem
426 1767 453 1805 2
469 1762 644 1815 Aprilis)
673 1764 824 1801 factum
850 1761 927 1801 hoc
953 1777 1039 1801 esse
1070 1762 1204 1802 adiicit
1234 1765 1385 1802 ultione
1408 1765 1471 1803 di-

2 1833 128 1880 vina,
158 1831 267 1884 quod
296 1845 433 1869 eorum
459 1832 711 1883 potissimum
733 1833 896 1870 consilio
919 1839 957 1870 et
977 1846 1094 1884 opera
1114 1847 1134 1870 e
1153 1832 1246 1871 sede
1265 1834 1470 1885 Cpolitana

0 1898 195 1942 detrusus
223 1901 271 1939 ab
306 1901 404 1952 imp.
429 1900 646 1938 Iustiniano
675 1901 805 1937 fuerat
832 1898 874 1937 S.
901 1899 1120 1952 Eutychius
1149 1909 1187 1939 et
1216 1903 1259 1939 in
1284 1904 1471 1941 exsilium

0 1971 181 2019 ’πῄ-«13118,
213 1971 270 2019 ei,
299 1970 411 2007 nullo
428 1970 546 2021 plane
567 1969 675 2018 iure,
706 1968 869 2007 suffecto
890 1968 1068 2007 Iohanne
1086 1969 1346 2010 scholastico.
1391 1974 1469 2010 co-

0 2038 149 2089 ÷rippus
190 2051 348 2090 quoque
381 2038 576 2076 ultionem
611 2037 789 2076 divinam
817 2050 935 2089 super
961 2051 1027 2076 eos
1055 2039 1202 2085 factam
1230 2053 1315 2078 esse
1341 2040 1468 2091 fingit,

13 2106 104 2158 quia
121 2105 198 2157 ipsi
215 2107 432 2144 Iustiniano
449 2121 590 2144 nocere
608 2108 826 2156 voluerint,
855 2119 985 2159 neque
1006 2108 1179 2158 explicat
1199 2120 1276 2160 qua
1296 2110 1467 2146 ratione:

13 2180 54 2212 at
72 2176 159 2227 quis
178 2175 348 2226 principi
366 2181 482 2212 nocet
499 2177 628 2226 magis
648 2189 769 2228 quam
784 2176 914 2212 malus
933 2176 1196 2224 consiliarius,
1230 2183 1268 2212 et
1287 2177 1355 2228 qui
1372 2191 1467 2228 per—

14 2254 124 2280 versa
149 2243 311 2280 consilia
332 2256 413 2280 non
438 2242 557 2282 modo
580 2245 773 2294 suggerit,
805 2241 877 2280 sed
897 2256 1059 2293 operam
1083 2244 1202 2279 etiam
1229 2251 1402 2294 praestat
1422 2251 1466 2282 ut

0 2310 236 2348 executioni
272 2310 538 2349 mandentur?
608 2318 812 2363 praeterea
847 2324 938 2348 cum
971 2311 999 2346 l.
1025 2309 1074 2358 4,
1114 2324 1234 2362 quem
1262 2312 1465 2364 aliquanto

13 2384 102 2429 post
130 2378 227 2416 alios
255 2385 334 2417 tres
361 2378 487 2417 editos
508 2393 593 2418 esse
616 2379 783 2417 suadent
804 2392 940 2416 versus
964 2379 1106 2430 quibus
1128 2381 1265 2416 tertius
1287 2381 1463 2431 explicit,

13 2445 159 2496 palatia
176 2444 377 2497 Sophiaua
399 2447 590 2498 Corippus
615 2454 916 2495 commemoret,
946 2445 1047 2484 hinc'
1065 2448 1186 2484 etiam
1208 2448 1465 2485 manifestum

13 2511 58 2549 fit
73 2510 146 2550 hos
161 2513 280 2552 libros
297 2527 377 2551 non
395 2513 566 2552 edidisse
587 2518 720 2553 statim
740 2530 785 2553 ac
805 2516 976 2553 Iustinus
995 2513 1047 2551 ad
1064 2516 1278 2566 imperium
1306 2523 1464 2553 evectus

12 2579 111 2634 fuit,
141 2593 230 2618 cum
255 2579 354 2619 haec
381 2582 529 2633 palatia
551 2582 745 2621 condendi
767 2591 885 2636 atque
907 2581 1006 2620 adeo
1027 2583 1243 2620 renovandi
1266 2585 1463 2636 amplian-

14 2644 135 2699 dique
161 2654 200 2685 et
226 2649 443 2687 exornandi
473 2651 719 2690 occasionem
739 2658 893 2689 enarret
911 2635 1181 2702 Theophanes
1207 2650 1258 2688 ad
1278 2665 1314 2688 a.
1338 2651 1365 2691 4
1384 2653 1463 2687 im-

13 2715 115 2766 perii
143 2713 319 2754 eiusdem
346 2719 500 2756 Iustini.
558 2717 635 2756 hae
660 2732 773 2756 meae
793 2722 1040 2758 coniecturae
1056 2719 1241 2758 videntur
1255 2717 1357 2756 mihi
1379 2732 1465 2755 esse

15 2781 372 2834 probabilissimae,
416 2792 456 2823 et
495 2787 673 2824 fortassis
709 2787 1036 2826 luculentioribus
1072 2789 1193 2825 etiam
1221 2778 1463 2837 argumentis

77 2854 207 2890 Merob.
236 2860 269 2890 et
298 2856 377 2891 Cor.
1166 2855 1192 2896 5
