1702 3060
466 92 542 134 DE
576 93 848 138 LAUDIBUS
881 93 1103 138 IUSTINI.
1411 91 1508 137 325

58 201 249 263 Virgilius
267 201 370 240 Ciri:
390 215 607 240 marmoreo
626 211 786 241 aeratus
801 203 1001 241 stridens
985 218 1027 240 ιη
1044 204 1179 240 limine
1195 203 1328 241 cardo.
1359 204 1508 240 Lucre-
1542 215 1549 221 ·“

61 258 141 311 lpus
159 262 211 300 2:
240 272 412 310 aeraque
431 273 533 310 quae
553 259 736 297 claustris
753 262 942 298 restantuz
963 261 1439 311 toeiferantur.BAR'r11.

74 356 75 360 Ἰ
173 317 241 356 91.
299 316 420 367 visio]
451 317 650 353 somnium
668 316 769 354 illud
790 317 839 354 de
859 329 937 369 quo
958 330 1089 368 supra.
1121 329 1220 354 mox
1234 329 1274 354 v.
1299 314 1378 358 114
1395 322 1510 353 vocat

24 380 27 382 “
60 377 224 410 ostensa.
285 373 410 410 Rrr’r.

171 427 240 468 94-
297 429 361 479 ut]
391 428 594 478 legebatur
618 435 667 466 el.
727 430 851 466 RrrT.

171 484 242 524 95.
297 485 456 522 luxuria
483 485 621 521 insana
647 485 816 522 bracteis
840 485 967 521 aureis
997 484 1158 522 aedium
1173 486 1330 537 fastigia
1353 488 1509 538 intege-

59 539 140 577 δαΐ.
197 541 375 592 Propert.
398 542 423 580 3
448 541 494 580 1:
542 540 650 591 quod
678 555 757 577 non
798 541 1001 577 Taenariis
1030 541 1169 578 domus
1197 550 1252 579 est
1276 544 1376 580 milu'
1392 545 1510 594 sulla

60 595 270 641 mlumnis,
303 609 374 633 nec
394 609 551 633 camera
571 604 737 633 auratas
758 598 859 633 iuter
880 596 1028 634 eburna
1050 597 1193 635 trabes.
1254 600 1412 636 Petron.
1432 602 1511 637 Ar-

58 651 162 690 biter
199 654 242 689 in
281 653 417 690 civili:
474 652 690 701 aedficant
724 667 847 699 auro,
893 654 1076 706 sedesque
1099 655 1157 692 ad
1175 654 1306 692 sidera
1331 658 1506 702 mittunt.

53 707 245 747 Dmsr.

124 787 126 790 ν
168 767 235 807 97.
290 766 403 803 nulla
425 772 507 802 erat
526 763 605 803 huc
622 779 747 818 usque
765 779 1021 804 numerorum
1039 765 1221 804 discretio
1237 796 1247 816 ,
1278 774 1511 818 argumento

57 819 210 872 liquido
226 823 353 859 multa
371 821 632 860 intercidisse.
690 825 877 861 Danu-ST.

169 880 236 919 98.
293 878 382 915 luce
401 892 476 915 sua
497 879 686 930 radians]
717 881 920 917 Manasses
938 879 980 915 in
999 879 1144 916 Aunal.
1193 893 1316 930 quam
1334 879 1512 930 splendi-

57 932 134 970 dus
151 947 200 970 ac
217 935 610 986 magnficusjuerit,
638 936 784 972 indicio
806 943 863 972 est
880 948 1003 972 aurea
1020 935 1159 972 domus
1176 937 1219 971 in
1238 937 1367 985 regia,
1404 937 1513 973 Gra-

56 990 206 1028 tiarum
227 990 424 1042 elegantia
432 991 632 1042 fidgoriss,
662 999 698 1028 et
719 993 828 1028 omni
844 1006 890 1028 ex
903 998 1024 1041 parte
1044 992 1162 1042 quasi
1174 991 1353 1028 radians.
1386 994 1510 1029 Rrr'r.

169 1045 224 1084 ib.
283 1054 432 1098 aperto.
478 1051 535 1084 sic
553 1050 580 1086 2
602 1046 679 1088 84:
705 1048 858 1083 divalia
879 1054 981 1083 tecta
1000 1046 1171 1084 subibat.
1205 1049 1368 1084 interior
1387 1060 1512 1099 quae-

57 1099 151 1139 dam
170 1102 437 1141 aedificiorum
456 1116 548 1154 pars
568 1103 784 1140 subdivalis
806 1109 909 1139 erat:
950 1102 1022 1138 sed
1051 1117 1145 1138 cave
1175 1116 1265 1139 cum
1293 1106 1394 1139 atrio
1417 1117 1512 1140 con-

55 1157 200 1196 fundas
223 1166 289 1196 aut
310 1173 401 1196 cum
420 1159 631 1209 impluvio,
669 1173 758 1197 cum
775 1161 896 1197 Varro
919 1157 945 1197 4
973 1156 1022 1194 de
1049 1158 1148 1208 ling.
1165 1159 1254 1195 Lat.
1279 1157 1508 1210 distinguat.

57 1213 158 1252 adde
174 1214 282 1266 quod
296 1217 444 1252 atrium
460 1216 581 1262 (Gell.
599 1218 649 1255 16
670 1218 711 1263 5)
734 1217 862 1266 prim‘a
882 1214 1022 1251 domus
1039 1227 1142 1264 pars,
1167 1214 1406 1263 impluvium
1415 1230 1508 1253 vero

56 1277 124 1308 aut
141 1269 357 1309 subdivalis
373 1272 442 1308 ille
459 1272 600 1308 locus
590 1285 631 1307 in
650 1271 873 1308 meditullio
891 1269 1064 1307 aedium.
1096 1271 1144 1306 cl
1146 1284 1199 1306 tre
1211 1271 1334 1307 Maro.
1347 1273 1448 1308 Aen.
1461 1275 1486 1312 6
1498 1284 1507 1308 :

53 1326 251 1364 aedibus
235 1342 278 1364 m
299 1327 437 1364 medii-s·
458 1327 640 1377 nudoque
657 1326 730 1363 sub
748 1327 918 1364 aetham
933 1339 1005 1362 axe
1024 1327 1088 1376 ιήὸ
1074 1340 1164 1362 “ms
1180 1340 1254 1363 ara
1269 1327 1372 1377 ficit.
1433 1329 1510 1364 Fe-

55 1389 163 1422 stus:
208 1397 338 1435 genu-9
365 1382 455 1420 aed
444 1383 488 1431 s
471 1397 539 1419 eu
565 1390 658 1419 ante
681 1383 815 1420 aedem
841 1383 1042 1419 continens
1074 1383 1244 1420 mediam
1270 1397 1310 1419 αι
1312 1397 1425 1429 eam,
1466 1385 1510 1420 in

55 1453 179 1491 quam
214 1439 378 1476 collecta
417 1453 462 1476 ex
488 1440 596 1476 omni
622 1447 717 1476 tecto
741 1439 889 1489 pluvia
917 1438 1126 1475 descendit.
1188 1438 1295 1490 quod
1328 1441 1509 1490 intellige

55 1497 206 1533 ratione
221 1497 467 1547 porticuum:
488 1502 568 1532 tres
590 1497 698 1532 enim
714 1498 886 1546 porticus
906 1497 1149 1532 extrinsecus
1170 1498 1205 1532 ei
1227 1494 1507 1543 adhaerebant,

53 1553 157 1590 inter
185 1565 282 1604 quas
306 1553 569 1604 impluvium,
608 1551 748 1589 Isidor.
784 1552 833 1592 15
865 1554 914 1600 3,
953 1558 997 1588 ut
1025 1554 1205 1588 omittam
1228 1554 1270 1588 in
1296 1554 1393 1590 atrio
1424 1554 1508 1589 lieri

53 1609 190 1659 ignem
208 1609 382 1656 solitum,
399 1607 506 1646 unde
511 1608 701 1659 fumosas
720 1609 914 1659 imagines
932 1609 1210 1658 interpretatur
1226 1615 1329 1644 recte
1349 1610 1507 1645 Britan-

53 1667 166 1702 nicus
192 1663 263 1712 (ad
283 1672 356 1702 sat.
378 1666 402 1705 8
423 1667 581 1712 Iuven.)
614 1664 792 1703 sordidas
820 1665 953 1711 fumo,
992 1665 1084 1714 igne
1110 1666 1152 1700 iu
1184 1666 1281 1701 atrio
1314 1666 1506 1702 extincto.

55 1722 144 1772 quis
165 1728 299 1758 autem
318 1720 419 1758 vidit
438 1723 573 1772 ignem
591 1722 663 1758 sub
685 1721 750 1759 dio
773 1720 948 1772 quotidie
970 1720 1053 1756 fieri
1066 1750 1076 1768 ,
1106 1722 1183 1757 nisi
1202 1727 1244 1757 ut
1263 1721 1399 1758 leones
1424 1728 1506 1758 ter—

53 1776 241 1815 reantur?
301 1777 396 1829 quid
429 1777 538 1830 quod
559 1780 599 1814 in
632 1780 729 1815 atrio
757 1778 927 1827 expres-311
954 1790 1043 1812 cera
1064 1779 1259 1813 maiorum
1281 1777 1433 1822 vultus,
1463 1784 1507 1814 ut

51 1833 229 1886 loquitur
254 1835 428 1881 Plinius,
484 1847 583 1885 quos
610 1835 723 1870 liberi
757 1841 796 1870 et
820 1834 946 1883 aperti
977 1834 1074 1869 caeli
1108 1835 1277 1870 iniuriae
1305 1847 1505 1884 exponere

51 1902 175 1942 quam
194 1889 427 1927 ridiculum!
472 1892 622 1927 Auson.
642 1893 684 1926 in
704 1890 890 1926 Mosella:
933 1890 950 1925 i
971 1903 1096 1933 nunc,
1138 1896 1175 1925 et
1199 1889 1391 1940 Plzqvgiis
1421 1889 1507 1925 sola

51 1959 205 1983 oon-sere
232 1946 365 1984 laevia
394 1947 533 1983 crustis
536 1974 550 1991 ,
599 1946 758 1982 tendens
796 1959 1058 1982 marmoreum
1087 1945 1276 1995 laqueata
1299 1960 1377 1995 per
1400 1947 1506 1982 atria

51 2011 250 2053 campum.
311 2003 431 2053 Apul.
449 2004 610 2039 Metam.
640 2003 689 2042 5:
728 2015 884 2038 szmzma
904 2001 1112 2052 laquearia
1132 2003 1228 2038 citro
1250 2009 1285 2038 et
1304 2002 1414 2039 ebore
1434 2015 1507 2037 cu-

49 2060 149 2096 riose
168 2065 311 2096 cavata
329 2058 497 2096 subeunt
524 2072 668 2095 aureae
697 2059 916 2095 columnae.
977 2070 1108 2109 neque
1136 2057 1242 2094 dicas
1269 2059 1351 2095 alas
1382 2065 1504 2094 tectas

49 2129 122 2167 per
138 2115 322 2166 laqueata
339 2117 435 2152 atria
455 2116 645 2165 intelligi:
666 2128 759 2151 nam
777 2121 1054 2174 praeterquam
1074 2113 1180 2164 quod
1194 2114 1351 2150 nullum
1371 2112 1505 2149 adfer—

49 2178 114 2209 tur
134 2171 378 2222 exemplum,
412 2172 546 2209 Cicero
571 2178 647 2208 stat
665 2178 820 2218 contra,
852 2169 900 2207 de
922 2164 1104 2220 praetura
1126 2169 1505 2206 u1baua:consicle-

25 2251 39 2272 χ
50 2234 116 2267 rat
135 2227 343 2278 templum,
359 2227 464 2264 videt
483 2227 658 2277 undique
677 2234 820 2263 teclam
833 2226 1099 2276 pulcherrime
1117 2225 1373 2276 laqueatum.
1389 2226 1503 2275 plura

50 2283 260 2336 disquisivi
287 2282 339 2320 ad
363 2282 464 2321 illud
484 2283 691 2320 Claudiani
721 2286 763 2320 in
780 2284 927 2320 Ruffin.
954 2286 1003 2323 2:
1035 2283 1252 2331 purpureis
1273 2281 1414 2334 effulta
1437 2295 1503 2318 co—

0 2360 5 2363 ·
50 2340 198 2378 lamnis
217 2342 337 2377 atria.
397 2338 499 2377 adde
521 2346 559 2376 et
581 2340 680 2377 velis
703 2340 785 2390 tegi
809 2340 924 2376 solita
949 2339 1046 2375 atria
1066 2340 1108 2374 in
1129 2339 1291 2375 laetitia.
1349 2338 1452 2375 infra
1477 2341 1502 2376 ὃ

50 2397 387 2438 206.I)1:1m›s1·.

161 2451 216 2491 ib.
275 2452 467 2491 mendum
486 2459 683 2504 superest,
715 2451 822 2504 quod
840 2465 921 2489 non
939 2451 1124 2490 animadv
1127 2465 1259 2489 ersum
1279 2451 1415 2487 mirari
1432 2461 1502 2484 ve-

51 2509 117 2546 lis.
173 2510 289 2546 unica
322 2510 496 2547 litterula
530 2516 682 2546 mutata
707 2510 817 2559 legas
849 2516 894 2545 ut
922 2516 1055 2558 aperto
1085 2508 1210 2545 libera
1239 2507 1359 2544 caelo.
1420 2516 1501 2540 non

52 2565 183 2602 minus
200 2566 254 2602 ait
273 2566 360 2603 luce
381 2567 536 2603 metalli
562 2565 714 2603 radiare
735 2578 855 2617 quam
877 2567 911 2603 si
933 2566 1088 2616 fulgore
1110 2566 1204 2602 solis
1226 2565 1499 2600 illustraretur.

0 2643 2 2646 -
53 2621 111 2658 sio
130 2621 326 2658 aemulam
343 2623 503 2659 caelesti
522 2624 654 2660 lucem
669 2622 823 2659 metalli
840 2621 934 2658 dicit
950 2621 1205 2668 Claudianus,
1236 2621 1303 2670 qui
1323 2617 1501 2654 omnium

53 2677 195 2714 talium
211 2681 417 2727 poetarum
431 2680 542 2716 Maro
563 2685 633 2726 est,
655 2677 705 2715 de
723 2680 862 2725 Roma,
893 2681 918 2717 2
939 2676 1285 2715 Stilichoniarum:
1310 2674 1397 2709 luce
1415 2683 1495 2705 me-

55 2733 148 2770 tulli
169 2732 329 2770 aemula
357 2735 498 2771 vicinis
524 2735 702 2785 justigia
729 2734 894 2778 conseri!
916 2735 1048 2770 astris.
1108 2732 1231 2782 possit
1257 2738 1388 2766 tamen
1419 2728 1497 2763 alia
