1702 3060
234 141 292 171 x»
725 124 1162 170 lvmzzoccHELLn
1652 104 1671 179 g

235 233 474 287 peditionem
504 241 635 273 contra
661 233 856 273 vandalos
883 235 1096 285 pertinent,
1126 231 1241 271 facile
1267 233 1432 286 quisque
1452 197 1677 436 videbit}

236 301 312 339 hoc
330 307 508 353 poemate
527 302 683 351 Corippi
697 313 768 338 nos
786 301 899 351 plura
918 303 1086 352 reperire
1099 330 1109 349 ,
1140 313 1192 338 ex
1222 301 1362 352 quibus
1389 312 1576 350 magnam
1595 297 1639 336 hi

236 369 377 406 storiae
402 368 607 405 Africanae
635 367 780 404 saeculi
798 370 822 408 6
843 369 1024 405 lacunam
1045 369 1202 418 explere
1222 368 1430 419 possimus.
1489 366 1638 417 quinim

238 435 370 484 aliqua
399 446 451 470 ex
477 434 696 471 Iohannide
721 435 907 471 rescimus
936 448 987 472 ex
1015 435 1128 472 rebus
1145 436 1187 471 in
1207 435 1340 471 Persia
1356 430 1495 470 eodem
1509 431 1678 470 saeculus·

237 501 355 547 actis,
390 513 479 537 cum
508 514 559 537 ex
589 500 727 538 eadem
752 501 908 550 regione
936 507 1094 538 vocatus
1122 502 1240 538 fuerit
1268 499 1462 538 Iohannes
1487 504 1618 535 noster
1643 502 1677 548 ²¹3⁴

236 566 472 613 Iustiniano,
512 574 556 603 ut
575 568 617 604 in
640 568 812 604 Africam
836 567 916 603 iam
933 569 1046 604 tertio
1071 568 1375 617 proficisceretur
1396 563 1447 602 ad
1465 557 1678 610 debellan-lg

238 630 307 669 dos
332 634 487 670 Mauros
508 633 686 670 rebelles.
742 633 870 670 fuerat
891 635 924 671 is
945 636 1049 671 enim
1068 636 1192 685 primo
1211 636 1253 670 111
1271 634 1403 671 Africa
1423 631 1494 669 sub
1513 630 1681 667 Belisa--·

236 701 294 736 rio
328 712 363 736 a.
387 701 467 742 533
501 707 632 736 contra
657 698 874 746 Vandalos‚
904 707 947 736 ut
975 708 1084 751 patet
1110 714 1162 738 ex
1179 701 1278 737 libro
1299 703 1318 740 1
1338 698 1461 737 nostri
1476 696 1679 747 poematis¹

235 779 274 803 v.
298 768 399 812 380,
431 773 468 801 et
490 764 631 800 deinde
649 765 719 801 sub
739 766 931 802 Germano
953 779 988 803 a.
1012 767 1113 814 537,
1152 773 1197 803 ut
1224 772 1371 803 constat
1401 777 1454 801 ex
1480 762 1668 812 Procopio

237 830 285 866 de
309 829 407 866 hello
435 830 480 867 V
471 831 566 866 and.
589 831 617 866 l.
640 833 666 870 2
685 843 717 866 0.
743 833 791 871 17
808 844 849 881 p.
872 834 966 872 278.
1023 831 1163 883 quodsi
1185 832 1308 882 aliqui
1325 830 1425 867 mihi
1444 832 1486 866 in
1506 828 1671 865 dubium

237 902 420 932 revocent
442 895 561 934 fidem
586 897 743 947 CorIppi
762 910 814 933 ex
832 897 1049 935 Alemanno
1071 898 1154 934 viro
1173 898 1319 934 Graeco
1340 895 1508 947 ideoque
1530 906 1672 945 parum.

237 973 362 1011 aequo
390 973 481 1010 erga
502 961 685 1007 Latinos,
717 961 784 1010 qui
809 964 850 994 in
870 965 1119 1008 praefatione
1147 962 1204 998 ml
1229 963 1451 999 Historiam
1481 973 1672 998 arcanam

236 1028 416 1076 Procopii
434 1028 547 1064 illum
566 1025 666 1063 dixit
681 1032 763 1061 tam
782 1025 1043 1074 improvidum
1059 1025 1274 1061 Iustiniani
1290 1028 1533 1064 adulatorem
1552 1038 1674 1077 quam

238 1091 360 1128 levem
370 1091 531 1142 poe'ta'm
541 1122 557 1139 ‚
587 1092 715 1130 eidem
737 1103 932 1142 opponam
951 1103 1031 1127 non
1049 1104 1253 1128 censuram
1271 1091 1314 1128 in
1330 1092 1593 1129 Alemannum
1608 1092 1674 1129 ni-

238 1160 315 1196 mis
333 1172 462 1196 acrem
479 1159 562 1197 Ioh.
573 1158 742 1196 Eichelii
758 1160 798 1195 in
810 1157 1059 1207 praefatione
1076 1157 1127 1194 ad
1142 1154 1357 1198 Ἀνέκδοτα
1374 1158 1553 1207 Procopii
1571 1156 1675 1195 edita.

238 1226 474 1264 Helmstadii
495 1240 530 1264 a.
554 1224 659 1267 1654
676 1239 716 1261 n.
733 1224 787 1265 40
800 1253 810 1271 ,
841 1222 911 1261 sed
930 1225 1059 1274 potius
1079 1223 1292 1261 doctissimi
1310 1222 1516 1261 cardinalis
1532 1224 1675 1261 Norisii

238 1294 388 1329 nemini
409 1300 629 1344 suspectam
649 1293 916 1329 auctoritatem
929 1320 939 1338 ‚
971 1292 1039 1342 qui
1056 1298 1145 1341 post
1164 1291 1252 1328 illos
1270 1292 1312 1327 111
1329 1291 1612 1328 Dissertatione
1627 1291 1676 1327 de

245 1359 400 1410 Synodo
418 1360 443 1401 5
471 1374 502 1397 c.
526 1362 550 1400 8
577 1356 598 1410 §
619 1362 646 1399 2
672 1358 939 1407 irrefragabile
965 1357 1123 1407 Corippi
1143 1358 1411 1395 testimonimn
1431 1371 1511 1395 non
1530 1359 1676 1396 veritus

241 1432 299 1462 est
314 1438 467 1462 vocare.
523 1424 616 1461 hinc
632 1438 711 1461 non
730 1423 863 1460 dubito
882 1423 978 1472 quin
997 1435 1069 1471 ego
1088 1420 1196 1458 haud
1213 1425 1401 1474 exiguam
1417 1426 1582 1462 initurus
1600 1426 1677 1462 sim

238 1492 406 1541 gratiam
419 1489 524 1542 apud
538 1491 628 1528 illos
646 1503 780 1528 omnes
798 1489 866 1540 qui
882 1486 1054 1524 historiis
1073 1487 1326 1526 delectantur.
1384 1493 1558 1542 quinimo
1580 1493 1677 1528 alter

243 1556 448 1594 cardinalis
461 1587 471 1606 ‚
499 1556 759 1595 bibliothecae
778 1555 1058 1592 Ambrosianae
1077 1555 1144 1590 ille
1165 1554 1370 1604 fundator,
1399 1563 1531 1594 noster
1549 1556 1678 1594 Fede-

243 1624 344 1660 ricus
381 1625 639 1671 Borromeus‚
681 1624 792 1660 initio
823 1620 916 1657 libri
941 1620 1103 1657 secundi
1131 1621 1179 1657 de
1204 1635 1335 1658 amore
1358 1624 1513 1660 virtutis
1539 1637 1580 1674 p.
1609 1627 1676 1672 82,

243 1687 342 1727 haec
373 1690 548 1740 reliquit:
591 1691 723 1739 itaque
742 1701 890 1738 semper
912 1687 1219 1723 commendanda
1240 1689 1312 1723 erit
1331 1701 1461 1726 eorum
1482 1690 1679 1727 industria

247 1757 318 1807 qui
342 1757 496 1806 scriptis
520 1755 685 1800 alienis,
706 1762 920 1805 postquam
948 1755 1145 1798 interiere,
1179 1767 1322 1791 novam
1343 1755 1532 1792 redonare
1555 1758 1678 1794 vitam

244 1821 426 1867 student,
457 1822 572 1873 quire
599 1819 743 1856 laboris
768 1820 926 1872 aliquid
953 1821 996 1857 in
1025 1834 1066 1856 eo
1080 1827 1239 1870 ponunt
1262 1834 1311 1857 ne
1335 1828 1485 1872 tempas}
1509 1823 1608 1860 edax
1632 1837 1679 1861 ea

245 1887 441 1925 absumat.
510 1888 664 1925 Africae
698 1899 854 1938 quoque
889 1885 1127 1937 geographia
1153 1888 1245 1924 satis
1278 1890 1426 1926 auctior
1455 1888 1593 1927 evadet
1627 1903 1679 1927 ex

245 1962 376 1992 nostro
396 1958 597 2005 poemate,
628 1955 781 1991 etiamsi
800 1967 851 1991 ex
875 1960 1051 2004 corrupto
1069 1959 1200 1990 nostro
1221 1953 1352 1991 codice
1373 1963 1549 2006 corrupta
1565 1957 1679 2007 plura

249 2034 334 2059 esse
364 2022 524 2059 nomina
551 2022 708 2071 propria
734 2034 814 2058 non
841 2019 1089 2057 infitiandum
1117 2022 1180 2058 sit.
1239 2028 1444 2072 propterea
1477 2024 1520 2060 in
1549 2022 1680 2061 indice

249 2089 381 2125 omnia
411 2087 462 2124 ad
491 2086 771 2139 geographiam
795 2089 1008 2138 spectantia
1037 2094 1212 2125 accurate
1242 2090 1372 2126 retuli.
1427 2102 1556 2127 mores
1582 2091 1680 2127 item

248 2155 422 2207 ritusque
444 2155 646 2192 Africanos
666 2156 772 2194 illius
794 2155 880 2191 aevi
900 2153 992 2190 111110
1013 2152 1196 2191 discimus
1213 2157 1420 2206 praecipue
1441 2154 1547 2206 apud
1564 2157 1681 2193 Mau-

246 2235 310 2259 ros
333 2220 460 2259 adhuc
477 2221 716 2260 idololatras.
772 2222 919 2258 Punica
941 2233 1096 2272 quoque
1113 2223 1271 2258 nomina
1287 2223 1446 2259 illorum
1459 2223 1679 2271 nmninum,

244 2295 290 2328 ut
318 2289 463 2327 Gurza
476 2303 546 2340 pro
565 2291 656 2326 Iove
674 2290 867 2325 Ammone
888 2294 926 2324 et
944 2288 1166 2324 Mastiman
1184 2301 1255 2339 pro
1275 2289 1366 2326 Iove
1395 2290 1610 2334 Taenario,
1637 2287 1682 2326 id

211 2398 215 2402 ⁵
245 2361 306 2392 est
332 2356 497 2394 Plutone
511 2385 521 2405 ,
557 2355 622 2393 hic
647 2356 883 2393 invenimus.
940 2355 1091 2391 utinam
1119 2357 1324 2393 meliorem
1353 2362 1488 2392 nactus
1518 2356 1681 2392 fuissem

239 2413 442 2460 ‘codiceml
501 2421 574 2460 sed
590 2422 631 2459 id
650 2424 683 2460 si
702 2421 837 2459 datum
855 2419 955 2459 mihi
971 2434 1052 2458 non
1069 2422 1165 2470 fuit,
1195 2435 1275 2459 non
1292 2428 1373 2458 erat
1392 2435 1460 2458 cur
1474 2434 1554 2459 non
1571 2435 1681 2458 com-

246 2490 487 2527 municarem
520 2491 606 2529 aliis
636 2502 755 2542 quem
782 2489 937 2537 iuveni,
968 2487 1099 2540 quoad
1119 2488 1217 2526 alter
1236 2495 1275 2525 et
1288 2489 1475 2538 integrior
1495 2494 1534 2525 et
1551 2501 1680 2525 corre—

246 2556 342 2593 ctior
365 2555 581 2607 detegatur.

353 2624 533 2670 Quinimo
562 2638 674 2675 spero
707 2622 792 2660 sore
821 2629 864 2659 ut
893 2622 1084 2659 Iohannis
1108 2621 1227 2658 etiam
1254 2620 1362 2658 velut
1383 2625 1526 2671 poema
1545 2621 1683 2658 libenti

244 2690 375 2728 animo
403 2692 631 2743 excipiatur.
690 2696 823 2728 auctor
851 2690 957 2726 enim
984 2700 1008 2725 a
1035 2689 1226 2739 Fogginio
1254 2688 1296 2724 in
1320 2688 1468 2738 pluries
1483 2690 1598 2727 citata
1613 2700 1683 2726 sua
