1702 3060
265 135 368 184 144
653 122 655 124 ’
876 132 1094 177 comper

325 245 352 288 5
380 258 449 296 per
470 251 597 294 partes
617 241 761 287 varias,
791 252 889 290 quae
906 241 985 277 sint
1003 238 1225 291 peragenda
1245 240 1465 292 requirens:
1491 243 1493 247 '

384 313 537 348 vincere
558 309 702 359 quippe
723 307 850 355 gravis
871 307 1011 345 melius
1031 307 1220 358 sapientia
1237 314 1372 356 gentes

383 388 502 426 quam
523 375 644 410 virtus
665 379 808 409 armata
831 379 971 422 potest.
1027 372 1293 410 moderamine
1310 373 1412 411 iusto

383 446 582 491 percenset
601 440 747 486 varias,
777 439 954 488 relegens
974 439 1076 476 celer
1094 438 1250 487 ordine,
1281 452 1406 484 curas,

384 515 500 558 atque
521 505 650 541 animo
675 517 744 555 per
763 511 898 541 cuncta
916 505 1035 542 volat.
1092 506 1149 542 sio
1166 518 1330 556 praepes
1349 503 1516 542 hirundo

305 575 356 613 10
383 573 579 623 inquirens
600 577 752 607 teneras
771 571 890 620 pullis
908 573 1160 608 circumvolat
1181 582 1312 608 escas:

385 639 599 689 proximior
615 637 727 673 terris
745 634 888 673 virides
905 635 1022 673 modo
1041 639 1227 688 conspicit
1241 636 1396 685 herbas,

383 691 492 754 itque
509 701 685 753 reditque
702 702 815 748 locis3
845 714 972 739 ramos
989 715 1092 739 nunc
1109 704 1254 741 arboris
1271 705 1373 740 altae

386 770 562 820 explorat
573 797 583 816 ‚
611 769 737 805 tacitis
755 767 1042 819 proscinditque
1062 773 1150 806 aera
1168 771 1322 820 pennis.

382 835 542 873 tandem
557 835 762 872 consilium
779 840 915 884 pacata
930 840 1062 871 mente
1081 835 1236 884 resedit,

306 903 357 944 15
385 909 423 939 et
442 902 556 938 sociis
577 902 632 937 sic
652 899 787 937 ductor
803 901 869 937 ait.
919 895 1023 937 “non
1046 901 1192 939 viribus
1211 900 1328 939 audet

384 971 575 1006 Carcasan
590 968 732 1003 nostris
752 967 873 1003 fretus
889 979 1113 1003 concurrere
1129 969 1230 1016 telis,

383 1042 464 1071 arte
483 1033 553 1071 sed
572 1046 684 1082 asper
703 1033 782 1082 agit
794 1060 804 1080 ‚
833 1033 965 1068 Latias
983 1045 1126 1070 vexare
1147 1034 1322 1073 cohortes

387 1107 426 1138 et
446 1101 619 1150 fugiente
636 1111 790 1149 parans.
847 1097 972 1146 fugiat
993 1098 1084 1135 licet
1105 1101 1303 1151 improbus
1321 1107 1420 1148 astu,

384 1181 464 1204 non
482 1173 613 1203 tamen
633 1164 814 1214 effugiet:
844 1170 951 1200 tanta
971 1166 1214 1214 superabitur
1234 1174 1328 1204 arte.

303 1236 358 1274 20
386 1240 508 1270 castra
527 1230 689 1268 locanda
708 1229 807 1268 mihi
823 1228 964 1268 mediis
986 1232 1239 1270 Vincensibus
1262 1234 1376 1281 arvis,

388 1311 487 1349 quae
509 1296 626 1334 modo
646 1304 776 1347 raptor
794 1295 925 1333 habet.
981 1297 1014 1332 si
1033 1297 1112 1334 fors
1132 1300 1370 1336 committere
1389 1309 1559 1350 pugnam

386 1376 503 1401 ausus
527 1364 598 1400 erit
617 1376 793 1411 mecum,
822 1364 948 1414 planis
967 1362 1150 1401 fundetur
1171 1366 1211 1400 in
1236 1367 1355 1402 arvis:

385 1442 478 1465 nam
502 1430 642 1466 melius
662 1431 775 1466 miles
797 1431 941 1480 campis
959 1437 1157 1467 concurret
1177 1432 1332 1480 apertis,

387 1496 486 1533 liber
507 1509 605 1546 equo
618 1525 627 1543 ,
658 1497 738 1546 pilo
757 1496 900 1534 feriens
915 1497 979 1534 vel
995 1494 1194 1534 arundinis
1212 1498 1305 1534 ictu.

302 1563 357 1605 25
385 1564 445 1599 sin
466 1563 627 1612 fugitiva
645 1563 741 1598 locis
759 1574 854 1611 gens
871 1563 991 1613 impia
1007 1565 1149 1600 texerit
1166 1564 1244 1600 illis

386 1630 499 1666 litora
516 1629 778 1678 praecipiens,
807 1629 1012 1680 nullasque
1030 1630 1137 1666 exire
1155 1630 1335 1666 iubemus

386 1696 582 1744 impensas
601 1696 726 1732 terris.
782 1696 932 1745 perient
951 1693 1206 1733 nihilominus
1230 1694 1374 1743 hostes,

386 1774 458 1798 nec
476 1767 655 1810 poterunt
672 1760 831 1798 sufferre
852 1760 938 1808 diu,
968 1768 1180 1813 gentesque
1197 1761 1387 1799 nefandas

386 1828 608 1864 concutiens
629 1826 794 1864 obscena
814 1828 938 1864 fames
960 1829 1043 1864 sine
1063 1830 1185 1864 Marte
1205 1828 1374 1865 necabit.

303 1897 357 1936 30
385 1900 425 1931 at
442 1907 511 1930 nos
531 1905 675 1943 aequor
694 1894 761 1929 alit
773 1921 783 1941 ‚
811 1894 964 1930 venalia
979 1901 1152 1943 tempore
1170 1901 1272 1931 certo

387 1967 524 1996 cuncta
547 1959 695 2007 ferens,
729 1960 983 2010 Cereremque
1007 1961 1123 1996 simul
1143 1958 1416 2011 Bacchumque
1434 1959 1641 1997 ministrat.

384 2032 508 2063 castra
530 2031 681 2062 movete
693 2054 703 2073 ,
731 2027 824 2073 viri,
855 2026 1077 2077 cunctisque
1095 2025 1264 2062 incedite
1281 2019 1446 2076 signis.”

442 2092 520 2129 Vix
541 2104 587 2127 ea
605 2091 709 2128 fatus
727 2098 828 2128 erat:
859 2105 1014 2142 campos
1035 2099 1257 2130 contexerat
1275 2105 1410 2129 omnes

386 2158 486 2194 altus
509 2169 626 2207 eques
644 2157 850 2209 lentusque
870 2157 1011 2208 pedes;
1044 2166 1304 2210 rumpuntque
1322 2171 1393 2209 per
1410 2170 1522 2207 agros

303 2223 357 2266 35
386 2225 542 2273 agmina
560 2222 678 2260 densa
697 2225 844 2272 virum,
877 2226 1129 2277 fremitusque
1145 2226 1302 2262 incessit
1321 2237 1523 2276 equorum.

439 2289 621 2325 Senserat
639 2287 713 2325 hoc
731 2291 850 2327 cautis
873 2291 1060 2328 Carcasan
1082 2294 1251 2328 monitus
1268 2292 1339 2328 alis

385 2355 621 2405 Antalasque
638 2355 764 2392 ferox.
821 2357 948 2394 subito
969 2359 1176 2408 crepitante
1193 2358 1362 2394 tumultu

384 2427 506 2457 castra
524 2428 701 2458 movent:
730 2422 859 2459 timidi
876 2424 1003 2474 planis
1023 2425 1228 2461 consistere
1250 2423 1395 2472 campis

384 2485 587 2524 deseruere
606 2486 711 2524 locos
724 2515 735 2535 ‚
764 2488 963 2540 fossasque
986 2491 1026 2526 iu
1048 2490 1244 2526 montibus
1262 2489 1351 2524 altis

275 2607 318 2642 10
339 2605 445 2650 puluis
464 2607 496 2640 Τ
635 2606 679 2640 12
701 2606 799 2651 idque
814 2607 898 2640 redit
915 2607 948 2640 '1'
1086 2607 1127 2642 13
1150 2617 1214 2650 que
1229 2607 1308 2640 add.
1325 2607 1366 2642 M
1508 2605 1551 2640 21
1574 2614 1647 2638 sors
1665 2603 1696 2635 Τ

270 2652 315 2686 23
337 2662 532 2685 concurrere
549 2652 580 2685 Τ
711 2653 753 2686 25
777 2652 882 2686 exerit
898 2652 931 2687 Τ
1053 2652 1100 2686 30
1121 2652 1239 2687 ieualia
1259 2654 1291 2686 '1'
1407 2650 1454 2685 36
1475 2656 1592 2684 cautus
1607 2648 1692 2682 Car·

270 2707 369 2730 canan
384 2697 547 2731 montibus
561 2695 637 2730 altis
649 2695 700 2731 M.
