1702 3060
452 92 804 137 IOHANMDOS
839 93 944 136 LIB.
975 92 1078 138 Vll.
1400 93 1492 140 161

19 204 117 246 ’610
143 203 272 242 celsus
292 215 394 255 equo
413 201 540 241 fidens
554 203 680 241 fertur
695 217 815 255 super
835 205 994 255 agmina
1014 204 1188 242 Succur:

142 269 250 309 hunc
270 271 462 310 Sulumur
481 273 671 322 sequitur,
701 284 822 323 quem
840 285 930 309 cum
946 285 1027 309 non
1047 271 1239 323 prendere.
1261 278 1406 325 posset,

140 338 368 376 fraxineam
388 345 575 390 torquens
593 351 665 389 per
684 351 843 389 campos
863 340 1018 376 eminus
1041 337 1199 377 hastam

141 405 310 457 alipedis
326 405 459 443 valido
482 406 772 443 transverberat
793 407 861 443 ilia
883 407 1013 453 ferr03

140 473 305 510 vuhiere
323 486 401 526 quo
422 475 549 511 victus
568 475 726 524 sonipes
745 475 939 524 gravitate
965 475 1103 511 ruinae

14 539 111 583 ⁴⁴615
140 541 335 592 confregit
354 541 575 579 dominum.
634 539 731 578 belli
750 542 835 578 sine
851 541 1017 578 vulnere
1038 542 1188 579 Succnr

138 608 342 647 infelicem
361 608 536 647 animam
554 610 713 660 StygIas
729 610 947 646 transmisit
965 608 1016 646 ad
1036 610 1212 648 umbrans.

138 687 219 714 non
237 674 353 714 illum
367 677 536 714 salvavit
556 689 681 729 equus
702 678 862 714 levitate
888 690 960 728 per
978 675 1126 725 hostes,

141 756 220 797 quo
241 742 318 782 sibi
335 743 430 781 fisus
456 750 561 792 erat,
589 756 664 782 nec
682 745 852 782 fractum
872 746 1028 782 conscia
1045 747 1170 783 virtus

139 813 283 864 eripuit
299 812 392 850 fatis
411 818 479 848 aut
499 824 609 849 sacro
633 814 797 850 numine
818 813 968 850 Gurzil.

11 880 111 924 ³620
194 879 380 930 Armiger
398 892 491 917 ense
512 886 629 930 caput
647 878 819 917 ductoris
839 882 1001 918 nomine
1018 883 1127 920 Varti

138 953 317 999 amputat
338 960 391 984 ex
409 946 587 984 humeris
600 976 610 994 ,
644 948 907 998 Plulinaeque
926 951 1054 1000 Astit,
1083 949 1233 988 Enerdi

138 1016 228 1053 Mee
242 1044 252 1063 ,
282 1016 471 1053 Tiluzant
491 1016 649 1053 Dorotis
669 1015 774 1053 ferro
791 1022 908 1053 necat

139 1080 319 1120 exsecuit

137 1149 391 1202 cornipedem
408 1150 578 1188 Anzatal
595 1157 682 1188 tum
703 1161 861 1188 currens
881 1152 1028 1190 Fastita
1048 1153 1136 1190 fixit

7 1218 107 1263 ὸ625
135 1219 286 1256 missile
307 1225 496 1256 contorto.
554 1219 658 1270 fugit
675 1220 783 1257 illico
802 1220 913 1257 mille
931 1232 1003 1271 per
1021 1218 1178 1270 hostes,

134 1287 434 1339 permixtusque
459 1287 542 1324 suls

193 1355 411 1402 Carcasan,
445 1360 555 1390 tanta
577 1367 790 1392 concussus
814 1352 933 1391 caede
951 1367 1128 1404 suorum⁷

134 1436 207 1475 per
223 1421 378 1460 medios
398 1420 533 1458 hostes
551 1420 723 1458 ductoris
741 1423 854 1471 signa
869 1423 1048 1471 retorsit,

133 1492 247 1529 milia
265 1490 391 1526 multa
410 1487 587 1526 trahens.
645 1490 873 1526 venientem
893 1489 994 1527 vidit

22 1559 105 1602 630
133 1557 251 1597 heros
273 1557 567 1608 magnanimus,
602 1557 735 1594 felicia
754 1557 834 1594 tela
853 1556 1049 1596 Iohannes

134 1627 322 1677 armigeri
338 1627 440 1677 rapit
456 1627 542 1676 ipse
565 1638 688 1662 manu
701 1654 711 1673 ,
742 1626 905 1677 piloque
933 1626 1126 1677 superbus

133 1695 268 1743 irruit,
298 1693 588 1746 adversumque
606 1694 707 1744 petit
724 1707 796 1744 per
815 1694 980 1731 vuhlera

133 1769 174 1800 et
191 1762 282 1799 ferit
297 1761 530 1814 intrepidus.
587 1763 749 1812 sanguis
767 1774 840 1812 per
855 1762 936 1799 tela
958 1764 1127 1799 cucurrit

131 1831 296 1868 vulnere
316 1844 472 1869 summa
495 1831 641 1878 fluens,
672 1837 881 1882 vestesque
899 1832 1071 1880 aspergit
1091 1829 1251 1868 heriles.

19 1895 102 1944 635
132 1899 335 1950 extemplo
357 1899 536 1936 turbatae
557 1899 660 1935 acies
679 1904 870 1948 pereunte
895 1904 1064 1949 tyranno

132 1966 395 2004 Marmaridae
413 1968 561 2018 petiere
581 1967 732 2016 fugam.
791 1967 873 2003 iam
889 1966 1024 2003 nullus
1048 1968 1089 2003 iu
1106 1965 1263 2005 hosnem

131 2036 319 2074 contorsit
337 2035 485 2083 telmn,
517 2033 589 2072 sed
607 2035 713 2071 laxis
733 2034 858 2071 fertur
875 2031 1042 2071 habenis

133 2117 288 2142 currere
307 2103 533 2154 compulsus
553 2104 724 2154 sonipes.
781 2116 855 2139 nec
872 2101 992 2139 fidere
1014 2105 1150 2140 castris

131 2173 214 2210 iam
232 2172 361 2223 potuit
378 2173 602 2208 Nasamon:
641 2171 744 2207 latos
767 2171 981 2207 moriturus
1000 2172 1041 2206 in
1061 2183 1177 2219 agros

20 2235 104 2281 640
133 2240 251 2276 currit
269 2251 390 2290 eques
410 2240 640 2289 mixtusque
659 2236 796 2288 pedes.
843 2239 1022 2274 Romana
1043 2244 1263 2289 sequuntur

132 2308 246 2358 signa
267 2305 465 2358 ducesque
489 2305 631 2352 simul,
661 2307 818 2342 numeri
836 2305 1038 2358 fortesque
1058 2306 1230 2354 tribuni;

131 2379 171 2410 et
188 2374 314 2412 laetus
334 2377 482 2426 pariter
500 2373 610 2411 felici
625 2374 750 2410 Marte
770 2371 967 2411 Iohannes

131 2447 222 2479 ante
243 2443 369 2491 volat,
400 2442 542 2480 densas
561 2447 740 2478 sternens
756 2454 828 2493 per
846 2449 960 2492 prata
984 2448 1172 2479 catervas.

133 2509 275 2560 planus
293 2517 376 2548 erat
393 2522 575 2562 campus,
606 2508 708 2546 liber
729 2521 806 2560 quo
825 2522 978 2547 currere
998 2517 1131 2560 posset

20 2574 102 2618 645
130 2576 246 2614 miles
272 2584 311 2615 et
329 2577 505 2616 infensas
520 2576 611 2615 telis
630 2575 832 2614 effimdere
848 2584 1013 2615 turmas.

20 2659 86 2711 ⁶11
120 2674 198 2709 dum
229 2675 324 2721 apua
352 2675 395 2710 Μ
528 2677 598 2712 622
617 2675 763 2713 dorozis.
903 2678 971 2713 632
1005 2682 1083 2723 post
1117 2676 1255 2711 vumera
1287 2677 1327 2711 M
1350 2681 1480 2722 pectus,

5 2721 90 2756 -640
111 2720 281 2756 Romanu»
295 2725 452 2767 equatur
466 2723 561 2768 apud
576 2722 626 2757 M.
763 2756 767 2759 Α
