1702 3060
486 93 561 136 DE
595 91 870 137 LAUDIBUS
903 91 1127 137 IUSTINI.
1432 91 1534 138 389

72 198 329 240 Maximiani:
359 201 519 240 trabeae
550 209 702 240 vestrae
724 211 762 240 et
779 204 922 256 fasces·
939 202 1166 241 consulares
1185 208 1221 238 et
1234 201 1356 239 sellae
1375 201 1535 239 curules

0 255 9 297 ’ν
60 263 110 314 qt
133 256 233 295 haec
258 256 533 309 obsequiorum
560 260 721 310 stipatio
742 267 779 297 et
792 260 944 311 fulgor
973 267 1011 297 et
1027 259 1103 296 illa
1123 259 1195 296 lux
1212 258 1394 296 divinum
1411 260 1533 295 verti-

0 327 7 334 ·
70 324 154 355 bem
175 312 283 351 clar-o
302 313 395 352 orbe
410 315 670 366 complectens
687 323 905 354 vestrorum
924 323 1018 354 sunt
1033 322 1267 352 ornamenta
1288 316 1527 352 meritorum.

0 384 7 391 ·
43 371 46 372 ⁷
69 371 141 424 qui
163 368 214 407 de
235 368 460 409 diademate
483 379 683 423 gemmato
703 374 894 424 loquitur.
944 374 1001 410 sic
1024 371 1073 409 de
1093 371 1230 409 divino
1252 370 1428 423 quodam
1447 372 1532 408 ful-

67 431 165 478 ''gore
185 428 348 464 Henrici
363 427 390 468 4
413 429 663 480 imperatoris
677 458 687 477 ,
733 429 804 481 qui
834 429 988 466 bellum
1009 429 1093 466 eius
1115 428 1362 466 Saxonicum
1381 426 1531 465 descri-

67 484 168 535 psit,
207 490 344 521 auctor
361 485 532 523 incertus
551 485 652 522 libro
673 489 720 525 8:
758 498 826 522 rex
854 491 1019 522 cunctas
1045 485 1151 521 acies
1175 484 1366 522 excellens
1391 485 1532 522 vertice

0 548 2 558 ’
67 539 170 576 celeo
197 538 281 576 alto
300 539 440 592 fertur
467 555 584 592 equo,
622 541 761 578 mediis
784 543 827 578 in
849 540 1013 578 milibus
1034 548 1206 578 exstans.
1266 554 1383 577 arma
1404 542 1532 578 nitent

65 602 232 642 αιινατα,
272 595 486 634 nitentibus
514 597 657 634 addita
678 597 875 635 membris.
938 599 1081 634 emicat
1107 611 1127 634 e
1151 598 1321 642 cunctis,
1359 597 1532 634 rutilam-

65 651 314 703 utLucifer‚
341 654 475 691 astris.
536 667 653 691 suam
680 661 815 691 autem
834 654 966 691 lucem
991 653 1115 702 dixit,
1161 668 1212 691 ne
1234 653 1528 691 confundantur

64 711 158 746 ‘cum
177 709 312 747 solari.
370 710 427 748 sic
454 710 558 747 infra
581 724 620 748 v.
643 710 749 752 335:
792 710 931 747 nullus
951 725 1027 748 sua
1042 710 1200 762 gaudia
1221 709 1361 747 turbet.
1425 723 1527 762 quae

63 765 249 803 omnibus
280 765 456 818 quodam
491 768 576 805 eius
615 765 695 804 diei
735 767 944 819 privilegio
978 767 1232 820 peculiariter
1266 765 1524 804 debebantur.

63 822 229 860 BAnrn.

174 891 271 931 800.
328 889 489 940 signum
519 895 677 926 sanctae
703 891 829 928 crucis
855 890 1067 941 intelligit,
1115 902 1194 942 quo
1227 891 1384 928 munire
1415 891 1525 928 velut

61 958 150 984 sese
163 946 207 983 in
224 950 357 984 aerem
379 952 471 982 ante
489 958 531 982 se
548 945 715 995 figurato
734 953 848 984 vetus
870 947 1060 983 ecclesiae
1078 959 1167 983 mos
1187 954 1284 983 erat.
1342 946 1526 984 Pruden—

56 1003 140 1040 fius
161 1000 342 1040 cathem.
369 1002 422 1042 5:
452 1001 550 1053 sac,
588 1014 679 1037 cum
706 1009 871 1039 vocante
902 1015 1038 1039 somno
1068 1008 1224 1038 castum
1242 1004 1350 1052 petis
1379 1003 1526 1048 cubile,

48 1059 231 1110 frontem
247 1058 456 1110 locumque
475 1057 604 1095 cordis
619 1058 900 1110 crucisfigura
922 1060 1064 1109 signet.
1125 1056 1368 1096 Athanasius
1390 1066 1524 1097 contra

60 1121 198 1166 gentes
217 1115 331 1152 initio
347 1126 358 1151 :
388 1116 498 1155 πᾶσα
517 1110 722 1166 δαιμόνων
740 1115 940 1166 φαντασία
958 1117 1015 1170 τῷ
1034 1114 1184 1170 σημείῳ
1202 1111 1330 1172 τούτῳ
1350 1111 1522 1156 ἐπελαύ-

59 1184 181 1214 νεται.
235 1173 399 1211 ΒΑιιτιι.

170 1250 267 1292 301.
324 1249 513 1302 salutato]
535 1250 811 1301 turpissimum
831 1247 1021 1287 adulandi
1040 1262 1180 1300 genus,
1199 1251 1399 1302 principes
1416 1252 1523 1290 viros

57 1320 102 1346 se
133 1305 185 1344 ad
207 1307 390 1358 plebeiae
416 1305 684 1345 multitudinis
704 1308 1003 1344 venerationem
1020 1305 1245 1355 dimittere3
1285 1314 1323 1345 et
1343 1308 1414 1345 vix
1438 1309 1520 1346 scio

57 1375 109 1402 an
123 1370 215 1400 ante
226 1365 425 1401 Neronem
444 1376 467 1400 a
483 1376 684 1416 quoquam
695 1364 922 1414 principum
936 1364 1185 1400 factitatum:
1216 1364 1250 1401 is
1269 1365 1378 1402 enlm
1382 1365 1520 1414 flexus

52 1434 163 1471 genu
183 1418 333 1472 (Tacit.
355 1421 501 1458 Annal-
523 1421 594 1471 16)
625 1427 662 1456 et
683 1427 835 1457 coetum
853 1419 971 1456 illum
991 1433 1117 1457 manu
1132 1427 1343 1457 veneratus·
1363 1428 1521 1458 ¹senten-

56 1477 135 1514 tias
160 1475 435 1527 opperiebatur
447 1476 551 1525 ficto
569 1490 734 1527 pavore.
797 1475 1005 1513 Claudiau.
1029 1475 1079 1513 de
1099 1478 1124 1516 6
1155 1478 1260 1514 Hon.
1289 1478 1518 1515 consulatu:

54 1539 326 1584 quantamque
360 1533 540 1583 rependit
568 1534 754 1570 maie-stas
785 1532 941 1569 alterna
976 1534 1119 1578 vicem,
1169 1547 1262 1570 cum
1285 1535 1398 1585 regia
1425 1535 1521 1571 circi

53 1602 273 1626 connexum
282 1588 482 1640 gradibus
503 1596 712 1626 veneratur
723 1603 911 1640 purpura
926 1588 1087 1639 vulgus.
1150 1588 1259 1641 quod
1279 1589 1443 1641 quidam
1460 1591 1515 1627 ibi

53 1658 109 1683 ex
123 1645 304 1684 Suetonii
319 1645 486 1683 claudio
508 1659 541 1682 c.
562 1648 613 1686 12
635 1644 777 1694 adfert,
797 1645 1025 1695 spectacula
1045 1645 1200 1682 edentes
1217 1659 1309 1683 voc-e
1323 1660 1374 1684 ac
1390 1660 1515 1684 manu

43 1698 260 1740 ‘uerter-atus
277 1709 352 1748 est,
394 1701 447 1739 ad
464 1703 716 1752 magistratus
729 1731 740 1752 ,
779 1715 859 1740 non
882 1700 933 1739 ad
950 1701 1111 1754 plebem
1133 1708 1304 1755 spectat,
1341 1701 1514 1756 ideoque

51 1759 157 1797 male
176 1772 224 1797 eo
241 1757 424 1796 trahitur.
480 1759 668 1797 Dtmrsr.

163 1839 260 1879 303.
315 1837 540 1890 pulvinaria
556 1845 748 1887 veterum,
778 1844 823 1877 ut
835 1851 940 1877 nunc
963 1840 1183 1878 etiamnum
1201 1845 1349 1888 nostra,
1364 1839 1512 1891 plumis

49 1893 206 1943 avium,
243 1895 443 1946 tapetibus
461 1894 633 1934 inductis
650 1925 660 1944 ,
693 1902 804 1933 erant
827 1895 978 1934 effulta.
1034 1896 1166 1934 altam
1194 1896 1246 1934 ad
1263 1898 1511 1934 maiestatem

47 1951 234 2003 pertinet.
294 1958 334 1989 et
348 1952 405 1989 sic
422 1952 528 1989 infra
546 1953 702 1990 locutus
721 1951 748 1992 4
771 1952 866 1994 123.
924 1954 967 1990 in
988 1952 1197 1991 altitudine
1216 1961 1350 1990 autem
1368 1953 1511 1989 talium

36 2007 240 2045 soliorum
258 2009 361 2046 mira
377 2015 554 2046 monstra
572 2009 772 2046 faciebant
790 2009 944 2057 Graeci,
974 2022 1073 2060 gens
1094 2009 1270 2048 colendis
1291 2011 1509 2060 imperato·-

49 2063 157 2102 ribus
184 2064 266 2102 suis
291 2066 540 2116 ineptissima
566 2072 606 2103 et
635 2064 880 2117 deponendis
907 2067 1112 2103 levissima
1144 2073 1183 2103 et
1219 2065 1507 2103 crudelissima.

48 2132 127 2172 quo
156 2120 410 2158 referendum
435 2120 538 2159 illud
552 2150 562 2170 ‚
603 2121 711 2174 quod
734 2121 1003 2173 Luitprandus
1025 2123 1253 2160 Ticinensis
1277 2123 1320 2158 in
1342 2120 1508 2160 historia

45 2177 256 2228 Europaea
274 2175 480 2226 describit,
522 2190 601 2230 quo
613 2207 623 2226 ,
651 2179 763 2215 nullo
783 2177 947 2215 homine
965 2180 1050 2215 viso
1074 2180 1144 2231 qui
1163 2178 1353 2216 thronum
1372 2179 1508 2215 eleva-

31 2238 119 2282 met,
135 2233 265 2270 subito
279 2234 494 2284 imperator
514 2247 605 2271 cum
622 2248 693 2272 sua
708 2235 784 2272 sibi
804 2235 902 2272 sella
919 2233 971 2271 ad
987 2247 1115 2286 usque
1134 2236 1317 2272 altissimi
1337 2236 1505 2287 laquea—

43 2289 100 2327 τῖε
126 2289 294 2327 confinia
321 2291 497 2328 elevatus
526 2290 746 2328 videbatur.
798 2291 967 2341 plumea
995 2298 1128 2329 autem
1156 2298 1333 2330 tomenta
1362 2299 1400 2329 et
1427 2292 1504 2328 alia

31 2358 94 2383 -eo
110 2357 255 2396 genere
271 2347 447 2384 confecta
463 2354 546 2384 tam
558 2347 757 2385 veteribus
778 2354 888 2384 erant
906 2348 1144 2399 frequentia,
1160 2355 1204 2385 ut
1207 2348 1503 2399 plumariorum

5 2403 14 2417 ‘
43 2402 241 2453 peculiare
257 2416 404 2441 nomen
421 2405 473 2442 sit
491 2403 698 2452 artificum,
730 2405 800 2456 qui
817 2405 1026 2455 plumariis
1046 2402 1230 2463 operibus
1251 2403 1503 2446 conficiendis

47 2458 296 2508 victitabant3
340 2459 390 2498 de
409 2461 552 2513 quibus
573 2474 654 2498 non
676 2462 770 2499 satis
786 2474 858 2511 pro
884 2475 926 2498 re
951 2460 1158 2504 commode
1180 2463 1324 2500 sentire
1345 2460 1503 2499 videtur

24 2515 228 2553 2Nicolaus
243 2516 452 2566 Fullerius,
483 2518 543 2554 vir
563 2519 710 2554 eximie
730 2515 881 2565 doctus,
911 2519 1133 2556 Miscellan.
1155 2519 1180 2564 1'.
1202 2521 1270 2559 20.
1298 2532 1378 2555 non
1397 2518 1503 2554 enim

0 2604 3 2609 .
46 2577 128 2608 tam
149 2570 200 2609 ad
221 2572 429 2611 artificium
456 2575 586 2612 solum
614 2587 736 2626 quam
764 2581 803 2612 et
830 2573 883 2613 ad
906 2577 1115 2615 materiam
1142 2575 1305 2612 artificio
1323 2577 1498 2611 iunctam

0 2632 2 2634 ’
43 2634 194 2679 spectat
211 2627 311 2666 haec
328 2631 555 2682 appellatio.
615 2630 664 2668 de
692 2631 859 2675 artificio
887 2631 1052 2684 quidem
1075 2631 1251 2673 Publius,
1270 2632 1372 2668 clare
1395 2627 1499 2679 apud

41 2681 292 2722 Petronium:
323 2693 389 2724 tuo
406 2688 550 2738 palato
581 2687 743 2726 clausu-9
764 2702 871 2739 pavo
886 2689 1090 2739 pascitur,
1122 2688 1310 2738 plumato
1331 2687 1498 2723 amictus

41 2739 182 2779 aulaeo
209 2741 474 2794 Babylonica.
538 2743 586 2782 de
616 2746 782 2783 materia
813 2742 964 2784 Seneca
996 2746 1110 2797 epist.
1128 2745 1209 2786 91:
1239 2745 1376 2781 avium
1400 2740 1498 2792 plu-
