1702 3060
288 122 380 170 108
883 124 1100 169 CORIPPI
1123 122 1126 126 ’

393 232 531 270 bellica
549 231 659 282 signa
677 228 833 281 videns,
865 236 1062 271 concretas
1077 234 1236 285 pulvere
1251 236 1392 286 vestes,

389 299 653 350 terribilesque
671 299 774 336 viros
794 311 890 351 quos
910 301 1054 338 fecerat
1074 314 1210 352 aspera
1229 302 1380 342 caedes.

389 365 548 412 loricas,
579 377 717 413 conos,
747 366 892 417 clipeos
910 366 1140 420 gladiosque
1159 369 1342 417 minaces,

305 431 358 469 80
387 431 561 480 cingula,
593 431 724 480 frena,
755 432 904 482 comas,
934 447 1044 472 arcus
1065 434 1342 487 pharetrasque
1364 442 1556 486 sonantes,

384 497 543 547 pilaque
567 510 805 548 purpuremn
826 507 999 550 spectant
1017 502 1206 551 gestantia
1222 502 1369 538 ferrum

385 564 573 612 sanguine
591 566 777 615 Massylo.
833 568 1003 617 captivas
1022 581 1176 606 cernere
1194 571 1348 607 Mauras

383 628 439 664 ire
458 630 582 678 iuvat,
613 632 725 669 celsis
744 633 927 683 inscripta
946 640 990 670 ut
1006 634 1132 672 fronte
1155 637 1313 673 camelis

383 695 604 745 impavidae
625 696 803 746 sedeant,
832 711 1047 752 parvosque
1065 701 1135 738 sub
1154 702 1271 738 ubere
1290 707 1402 740 natos

301 760 355 801 85
385 764 628 810 contineant,
659 775 774 800 ausae
795 766 962 814 geminis
983 767 1129 804 ambire
1149 769 1302 806 lacertis

385 830 596 866 sarcinulas
615 842 731 879 super
750 835 788 865 et
807 833 917 880 parvi
934 834 1124 870 cunabula
1141 834 1246 871 lecti.

383 894 463 931 heu
479 897 644 932 miserae
661 893 824 933 matres!
882 900 990 936 vultu
1012 906 1209 936 maerente
1229 898 1416 947 laborant,

382 962 502 1012 impia
524 960 637 998 corda
656 969 809 1012 gerunt.
864 956 1017 1002 miseris
1035 964 1153 1003 modo
1174 966 1361 1003 matribus
1377 966 1482 1005 Afris

381 1029 462 1065 iam
479 1030 621 1066 servire
639 1029 787 1066 volunt.
844 1028 1060 1069 didicerunt
1077 1031 1192 1069 corda
1212 1031 1363 1070 dolores

301 1097 355 1136 90
382 1096 520 1146 impia,
553 1097 820 1147 paenituitque
839 1096 1009 1144 1nalu1n3
1042 1111 1196 1135 sensere
1215 1098 1321 1150 quod
1337 1105 1467 1137 essent

383 1162 487 1199 bella
507 1159 677 1199 cavenda
694 1162 832 1210 nimis3
866 1161 1050 1199 damnant
1069 1171 1267 1216 sortesque
1284 1164 1469 1218 deosque.

381 1241 454 1265 nec
477 1229 582 1265 color
598 1230 680 1279 ipse
697 1229 771 1266 fuit
790 1230 949 1280 captivis
969 1230 1146 1268 omnibus
1165 1245 1280 1269 unus.

383 1295 562 1332 concolor
576 1296 643 1331 illa
660 1295 769 1332 sedet
789 1309 876 1332 cum
894 1297 1016 1346 nigris
1035 1294 1191 1333 horrida
1206 1299 1320 1348 natis,

381 1374 583 1398 corvorum
602 1362 723 1399 veluti
740 1361 873 1399 videas
890 1364 1108 1412 nigrescere
1123 1364 1251 1414 pullos

296 1428 350 1471 95
379 1435 502 1465 matre
524 1427 683 1465 sedente
703 1442 839 1479 super,
869 1429 1002 1465 solitas
1023 1441 1108 1465 cum
1127 1431 1288 1480 porrigit
1305 1443 1411 1470 escas

376 1509 440 1533 ore
462 1508 553 1531 cavo
572 1496 782 1546 pansisque
803 1495 940 1532 fovens
960 1495 1229 1544 complectitur
1248 1497 1341 1535 alis:

375 1560 580 1599 horribiles
598 1562 728 1598 vultus
746 1563 874 1612 parvis
893 1560 1094 1598 ostendere
1109 1563 1210 1599 natis

377 1626 471 1664 dum
487 1634 615 1677 patres
634 1634 855 1678 matresque
870 1628 979 1664 libet.
1035 1629 1091 1665 sic
1113 1629 1248 1666 limina
1267 1630 1404 1681 templi

371 1694 644 1744 magnanimus
665 1692 799 1730 ductor
819 1695 939 1744 signis
958 1696 1228 1733 comitantibus
1245 1697 1393 1735 intrans

267 1763 344 1803 100
372 1762 495 1798 oravit
517 1759 718 1796 dominum
738 1761 834 1796 caeli
852 1767 1053 1812 terraeque
1072 1763 1279 1812 marisque,

373 1827 513 1864 obtulit
532 1833 569 1862 et
588 1838 753 1873 muuus3
783 1839 957 1863 summus
976 1825 1082 1877 quod
1103 1841 1211 1864 more
1233 1826 1411 1866 sacerdos

372 1907 442 1944 pro
463 1891 666 1943 redituque
687 1892 795 1930 ducis
812 1906 882 1943 pro
899 1894 1088 1944 victisque
1108 1892 1283 1931 hostibus
1302 1907 1391 1931 arae

374 1960 581 2010 imposuit,
611 1958 830 2010 Christique
850 1961 949 2009 patri
967 1960 1152 1996 libamina
1171 1962 1314 1997 sanxit.

427 2027 601 2077 Syrticus
623 2027 770 2063 interea
791 2028 978 2063 Carcasan
1003 2028 1158 2076 agmina
1177 2025 1312 2063 ductor

263 2093 341 2136 105
368 2093 510 2130 finibus
530 2106 550 2128 e
570 2094 736 2140 cunctis,
766 2100 887 2129 terror
907 2105 1006 2144 qnae
1025 2100 1215 2142 sparserat
1235 2095 1388 2143 ingens,

371 2158 580 2206 contrahit,
612 2166 649 2196 et
670 2162 796 2197 tristes
814 2160 983 2195 lacrimis
1003 2158 1141 2196 affatur
1158 2161 1314 2197 obortiS.

363 2221 468 2262 “non
488 2227 542 2261 ita
562 2224 730 2263 deiectos
750 2226 953 2277 sperabam
974 2239 1128 2262 cernere
1147 2227 1316 2273 Mauros,

366 2291 579 2328 indomitae
600 2299 748 2342 gentes.
804 2306 1005 2344 nunquam
1024 2299 1225 2342 superatus
1241 2294 1415 2341 Ilasguas

367 2357 495 2396 nudus
515 2357 623 2394 adest
644 2360 845 2410 victusque
866 2358 978 2396 redit.
1034 2366 1254 2410 matresque
1273 2370 1470 2409 nurusque

258 2427 338 2467 110
362 2423 604 2475 perdidimus
625 2431 814 2475 natosque
834 2427 964 2462 simul.
1023 2424 1118 2476 quid
1137 2423 1302 2475 denique
1322 2430 1440 2461 restat

363 2492 406 2528 ui
426 2504 530 2528 mors
553 2492 636 2528 sola
656 2490 778 2528 viris?
810 2490 905 2542 quid
925 2505 1029 2528 nunc
1047 2493 1172 2542 placet
1183 2489 1202 2528 ’ἒ
1233 2503 1316 2527 esse
1341 2489 1521 2542 quietos?

254 2611 300 2646 77
321 2609 410 2644 bella
432 2610 465 2644 Τ
612 2610 655 2645 79
678 2619 778 2642 canos
804 2610 835 2642 'I'
980 2610 1024 2644 83
1046 2613 1082 2642 ut
1108 2609 1187 2642 add.
1211 2609 1251 2642 M
1395 2611 1440 2646 84
1461 2609 1627 2656 impauide
1650 2610 1684 2643 Τ

255 2656 299 2690 85
322 2657 442 2700 ausae]
467 2653 542 2688 alie.
676 2655 720 2689 87
742 2654 896 2687 laborans
920 2655 951 2686 'l'
1081 2656 1123 2688 89
1146 2653 1268 2686 sentire
1290 2651 1320 2687 Τ
1447 2656 1491 2690 98
1515 2655 1634 2689 lumina
1650 2654 1683 2688 'I'

256 2702 321 2735 100
342 2700 504 2746 terrisque
521 2699 553 2734 Τ
683 2699 749 2734 102
772 2699 866 2734 uictis
882 2700 955 2733 MT
1087 2699 1152 2734 103
1177 2698 1367 2744 christoque
1381 2703 1480 2745 pater
1493 2700 1534 2734 Τ.
