1650 3054
434 120 510 162 DE
543 119 894 164 MEROBAUDE
925 120 1114 164 PRAEF.
1445 134 1510 163 vu

44 236 229 269 renatum
258 243 343 269 esse
373 229 488 280 dicit,
527 232 722 269 maiorem
748 229 942 269 honorem
967 232 1005 269 ei
1033 231 1221 282 obtigisse
1252 229 1363 268 haud
1389 229 1508 269 dubie

42 305 186 350 negat:
232 295 404 336 hederae
441 304 575 335 autem
613 312 797 337 coronam
828 298 1032 338 doctarum
1061 300 1254 337 frontium
1284 301 1508 350 praemium

41 367 175 404 minus
199 366 352 404 illustre
381 367 504 403 fuisse
536 379 590 403 ex
618 367 747 405 allatis
776 369 1043 420 inscriptionis
1072 369 1202 407 verbis
1222 374 1354 419 patet3
1386 381 1505 419 quem

40 447 195 473 morem
217 432 529 473 coronandorum
550 439 758 485 poetarmn
779 449 870 474 cum
887 437 1001 487 poesi
1016 437 1103 488 ipsa
1117 466 1128 485 ,
1160 437 1223 474 cui
1250 449 1408 487 semper
1428 436 1505 472 ali-

41 505 130 556 quis
158 502 284 542 honos
314 504 484 552 mansit,
525 505 646 541 etiam
672 503 836 542 rudibus
850 534 860 553 ,
902 517 1004 556 quae
1032 511 1166 542 secuta
1195 511 1307 553 sunt,
1338 504 1506 542 saeculis

40 570 273 622 perdurasse
299 571 478 608 arbitror.
537 570 706 624 denique
738 579 890 610 statuae
918 571 1112 611 honorem
1140 575 1348 624 perpaucis
1378 574 1506 624 poetis

39 639 307 678 oratoribusve
325 639 519 677 tributum
541 653 626 678 esse
646 641 713 678 vel
731 639 826 678 inde
848 641 1072 692 colligimus
1089 671 1098 690 ,
1130 640 1237 694 quod
1257 649 1295 679 et
1316 640 1506 679 Sidonius

39 714 79 745 et
96 706 246 746 Idatius
258 737 269 756 ,
299 709 342 745 in
364 707 598 746 brevissima
618 708 874 748 Merobaudis
894 711 1096 747 mentione
1110 739 1120 758 ,
1153 709 1203 747 de
1225 724 1271 748 eo
1291 711 1504 761 praecipue

36 776 157 815 verba
174 775 368 814 fecerunt.

146 846 284 898 Itaque
323 843 373 882 de
407 845 648 897 panegyrico
676 844 840 897 quidem
864 844 1098 883 Merobaudi
1125 843 1387 892 vindicando,
1426 840 1505 882 nisi

35 913 124 966 quis
153 915 316 952 omnino
344 915 587 952 coniecturas
615 914 664 950 ab
694 912 758 950 his
785 911 926 950 studiis
954 914 1090 964 pellit,
1121 926 1222 965 quae
1254 913 1338 949 sine
1368 924 1505 948 earum
1528 921 1564 954 Ρ.
1587 908 1639 944 IX

34 996 110 1034 ope
137 995 260 1034 ‘saepe
286 980 472 1034 progredi
498 987 722 1033 nequeunt,
752 981 823 1018 vix
856 994 1098 1033 quemquam
1125 979 1398 1018 dubitaturum
1418 991 1504 1016 esse

34 1051 221 1098 arbitron-3
252 1061 329 1102 quo
350 1061 535 1086 concesso
548 1079 559 1098 ,
592 1047 641 1086 de
663 1062 708 1086 eo
728 1055 864 1086 tamen
887 1050 1153 1087 controversia
1171 1048 1325 1086 moveri
1343 1048 1499 1098 poterit,

33 1119 163 1157 sintne
181 1116 234 1155 ad
252 1115 426 1155 eundem
443 1124 645 1154 auctorem
664 1117 871 1155 referenda
889 1118 1044 1155 minora
1064 1118 1239 1154 carmina
1261 1129 1363 1169 quae
1383 1128 1503 1166 prae-

33 1184 191 1224 cedunt.
247 1199 390 1224 verum
417 1193 463 1223 ut
493 1185 537 1223 id
570 1186 813 1225 affirmemus
844 1194 882 1224 et
914 1187 1000 1237 ipsa
1035 1187 1273 1237 paginarum
1305 1186 1500 1222 connexio

31 1253 197 1302 suadet,
241 1260 281 1292 et
299 1253 406 1307 quod
420 1257 463 1292 in
481 1258 722 1308 panegyrico
753 1255 818 1308 (v.
841 1254 947 1306 130)
979 1261 1018 1292 et
1036 1256 1079 1291 in
1097 1253 1124 1294 4
1145 1255 1318 1291 camnine
1343 1254 1407 1306 (v.
1420 1251 1500 1304 46)

31 1323 193 1361 Aetium
218 1336 390 1374 puerum
411 1324 555 1361 mundi
566 1325 746 1374 pretium
767 1324 891 1361 fuisse
913 1325 991 1360 ait:
1022 1330 1110 1360 tum
1129 1335 1260 1360 sermo
1273 1351 1283 1370 ,
1314 1334 1439 1373 quum
1460 1334 1499 1358 v.

28 1404 90 1442 gr.
111 1404 208 1429 voce
218 1392 453 1442 primaevus
469 1394 526 1429 ita
546 1391 764 1430 delectetur
780 1396 918 1444 poeta,
949 1398 994 1428 ut
1015 1391 1058 1428 id
1078 1393 1120 1428 in
1143 1389 1206 1428 his
1225 1391 1362 1441 paucis
1383 1390 1500 1440 pagi—

27 1461 90 1498 nis
110 1466 171 1497 ter
188 1467 379 1498 occurrat.
436 1474 518 1498 non
534 1468 671 1498 tamen
690 1474 774 1497 rem
791 1459 1050 1498 dissimulabo
1071 1472 1172 1510 quae
1198 1471 1399 1496 suimnam
1417 1456 1498 1494 dif-

27 1527 243 1565 ficultatem
260 1526 408 1564 habere
427 1527 632 1564 videatur:
664 1529 832 1575 etenim,
860 1529 927 1578 qui
949 1529 991 1563 in
1010 1528 1251 1577 panegyrico
1271 1538 1403 1562 mores
1424 1538 1498 1562 an-

26 1596 158 1647 tiquos
174 1595 402 1646 priscasque
420 1595 585 1632 virtutes
602 1595 724 1632 simul
744 1607 835 1631 cum
853 1597 990 1646 patriis
1011 1597 1133 1632 sacris
1150 1593 1399 1631 intercidisse
1420 1595 1497 1630 cri-

26 1664 223 1710 minetur,
253 1667 433 1712 potestne
461 1663 566 1699 inter
593 1660 838 1700 Christianos
867 1662 1048 1702 censeri?
1078 1663 1313 1715 praesertim
1333 1664 1401 1715 qui
1420 1660 1497 1699 hoc

24 1732 158 1782 ipsum
173 1731 340 1781 paganis
359 1730 689 1781 exprobrantibus
707 1744 847 1768 verum
867 1745 953 1770 esse
974 1746 1120 1783 negare
1141 1731 1335 1770 solebant.
1397 1744 1494 1767 con-

25 1806 85 1836 tra
115 1805 250 1836 autem
268 1799 311 1835 in
332 1796 582 1848 genethliaco
597 1829 606 1847 ‚
636 1812 767 1852 neque
788 1801 922 1838 minus
940 1803 983 1838 in
1005 1803 1126 1852 elegis
1150 1800 1199 1838 de
1222 1801 1393 1837 triclinio
1413 1801 1493 1837 Va-

23 1867 234 1904 lentiniani
258 1866 508 1916 imperatoris
522 1896 532 1915 ‚
568 1865 616 1904 de
645 1867 884 1918 baptismate
907 1883 952 1906 ea
971 1871 1158 1921 leguntur
1179 1882 1280 1921 quae
1299 1867 1493 1907 Christia-

22 1948 121 1972 num
149 1940 352 1972 auctorem
369 1933 536 1986 prodere
555 1934 778 1973 videantur.
838 1950 912 1988 ego
936 1952 1030 1976 vero
1050 1944 1165 1975 antea
1182 1951 1234 1975 ex
1254 1936 1318 1975 his
1338 1938 1491 1989 laqueis

21 2005 78 2040 ita
111 2015 178 2040 me
218 2001 483 2054 expediebant
518 2010 562 2041 ut
596 2005 789 2055 gentilem
817 2006 940 2044 fuisse
970 2011 1131 2058 poetam
1159 2019 1376 2044 censerem.
1436 2005 1491 2041 sic

22 2072 131 2109 euim
166 2071 492 2122 argumentabar,
535 2071 738 2122 ethnicos,
776 2074 900 2112 fracta
937 2076 1062 2113 semel
1094 2077 1255 2127 antiqua
1283 2074 1487 2124 rengione,

21 2140 197 2191 potuisse
236 2140 323 2178 sine
358 2141 554 2191 sacrilegii
584 2141 891 2194 reprehensione
922 2140 1236 2179 Cinistianorum
1263 2154 1491 2180 sermonem

21 2209 232 2257 simulare3
265 2207 385 2261 idque
415 2221 483 2247 eos
504 2210 647 2248 fecisse
669 2213 850 2263 Procopii
871 2211 1056 2262 exemplo
1078 2212 1117 2247 in
1138 2211 1285 2249 libellis
1308 2210 1356 2248 de
1376 2209 1487 2247 aedi-

21 2276 119 2316 ficiis
144 2278 377 2329 probabam.
437 2285 554 2331 atque
578 2278 630 2316 ad
659 2278 764 2318 hanc
789 2293 992 2318 sacrorum
1023 2279 1320 2328 confusionem,
1353 2292 1487 2331 quam,

20 2359 76 2385 ex.
103 2358 180 2398 quo
213 2345 426 2384 Christiani
455 2345 784 2398 dominabantur,
824 2347 1017 2386 calliditas
1049 2347 1263 2397 suadebat,
1295 2349 1487 2399 supersti-

19 2415 171 2452 tionem
191 2417 452 2466 praecessisse
469 2415 710 2466 indicabam,
735 2430 859 2469 quum
878 2419 962 2454 iam
979 2415 1074 2454 inde
1093 2430 1115 2454 a
1131 2418 1336 2468 principiis
1356 2417 1484 2454 eccle-

19 2483 102 2520 siae
129 2484 298 2535 gentiles
325 2482 548 2522 Christiana
576 2498 687 2523 sacra
718 2487 832 2538 quasi
850 2487 975 2523 Isiaca
996 2492 1064 2522 aut
1081 2484 1290 2522 Mithriaca
1317 2491 1484 2536 expete-

19 2557 130 2600 rent,
166 2565 212 2590 ac
238 2553 451 2604 praecipue
480 2553 680 2605 baptisma
708 2554 863 2607 oleique
888 2556 990 2593 sacri
1010 2556 1051 2590 in
1072 2555 1222 2591 morbis
1241 2556 1483 2591 unctionem.

21 2617 191 2674 denique
207 2620 410 2660 attendere
423 2622 612 2660 iube-bam
628 2636 749 2675 quam
764 2636 907 2674 parum
924 2621 1143 2662 orthodoxe
1165 2622 1269 2660 dicta
1285 2625 1363 2660 sint
1383 2633 1484 2674 quae

21 2686 72 2725 de
95 2689 354 2742 baptismate,
392 2703 489 2728 sane
513 2705 596 2729 non
624 2691 772 2744 absque
805 2693 872 2743 pia
902 2678 1076 2745 quadam
1105 2692 1322 2742 elegantia,
1355 2691 1482 2727 cauit:

19 2768 115 2794 nam
145 2759 212 2809 qui
240 2757 296 2811 (4
324 2757 406 2811 26)
435 2759 582 2807 deum,
610 2773 766 2798 arc-ana
794 2760 962 2799 laticum
993 2767 1195 2813 receptum
1224 2758 1336 2797 unda
1347 2786 1366 2806 ,
1405 2758 1486 2795 cri-
