1702 3060
619 105 944 150 PRAEFATIO.
1425 118 1514 151 xnv

50 208 132 265 tore
149 219 414 260 Iohannidem
429 217 484 257 ita
504 231 666 271 prorsus
688 225 733 256 ut
748 218 851 256 iacet
868 217 912 256 in
931 214 1066 256 codice
1083 215 1336 257 Trivultiano
1347 247 1357 266 ,
1392 217 1510 272 eique

49 306 73 331 e
87 278 255 342 :regione
281 287 427 326 addere
446 293 603 325 textum
624 301 646 325 a
663 301 728 325 me
746 293 950 339 utcunque
977 293 1214 336 correctum,
1243 292 1288 323 ut
1306 285 1427 338 plane
1444 287 1509 324 se-

49 364 154 398 cerat
171 357 409 408 Foggffiius,
440 355 509 408 qui
531 368 551 391 e
571 358 733 407 regione
752 354 936 393 editionis
954 353 1163 394 Michaelis
1179 355 1310 392 Ruizii
1325 355 1504 405 Assagrii

47 440 161 468 suam
187 427 334 478 posuit.
393 422 463 462 sed
490 430 574 461 tam
604 424 722 462 foede
746 425 823 462 fuit
846 422 1087 474 descriptum
1110 429 1148 461 et
1169 429 1349 474 corrupte
1368 423 1411 459 in
1428 435 1507 460 no-

46 503 125 535 stro
146 494 280 533 codice
299 497 442 546 poema
462 491 724 539 Iohannidos,
753 498 798 528 ut
816 489 860 528 id
878 490 1010 528 visum
1032 497 1135 528 esset
1156 503 1250 529 vere
1266 496 1504 528 monstrum.

43 563 189 603 idcirco
218 563 368 615 aliquot
397 561 560 599 litterati
586 562 683 609 viri,
715 571 813 612 quos
835 559 1040 607 consului,
1071 559 1175 595 inter
1196 570 1296 610 quos
1314 559 1381 595 Tu
1401 571 1504 610 quo-

44 645 122 686 que
140 631 264 680 fuisti,
295 630 343 668 cl.
361 627 558 667 Ioham1es
574 629 728 677 Iacobe,
758 641 824 665 me
847 627 896 664 ab
917 640 963 664 ea
980 628 1200 664 intentione
1224 632 1504 664 avocaverunt.

42 699 136 740 hinc
163 706 270 738 ratus
298 711 387 737 sum
411 699 544 750 potius
569 699 611 735 in
637 698 741 735 notis
766 703 967 747 utcunque
989 701 1283 746 repraesentare
1307 692 1501 743 codicem,

41 770 171 823 qualis
193 782 235 806 re
253 779 347 806 vera
368 773 427 804 est
447 779 538 803 cum
558 767 640 804 suis
659 763 818 802 mendis
839 765 1108 816 cuiuscunque
1128 763 1306 814 generis3
1337 775 1388 799 ne
1411 762 1500 815 quis

38 838 82 876 in
110 851 175 875 me
203 834 471 889 querimonias
498 834 639 883 faciat,
686 846 785 886 quas
816 833 1027 883 Assagrius
1057 833 1256 869 sustinuit.
1327 831 1363 868 is
1392 833 1501 868 enim

38 904 200 959 (aiebat
223 904 416 942 Arevalus
442 904 485 940 iu
516 902 814 953 Prolegomenis
839 899 891 938 acl
920 901 1136 938 Dracontii
1171 900 1362 937 Carmina
1393 898 1502 937 edita

35 974 186 1011 Romae
216 985 252 1010 a,
275 973 379 1012 1791
408 985 441 1009 ο,
463 970 489 1005 5
514 979 555 1000 n.
576 968 629 1003 45
655 976 696 1014 p.
720 962 802 1012 85)
833 975 1122 1014 nonnunquam
1153 963 1261 1001 hane
1296 964 1500 1004 licentiam

33 1039 113 1079 gibi
143 1036 349 1088 ary-‹boavit
359 1062 376 1080 ,
419 1039 466 1070 ut
498 1045 634 1070 versus
663 1037 866 1082 corruptos
898 1045 944 1068 ex
970 1031 1131 1083 ingenio
1160 1046 1231 1070 suo
1258 1035 1495 1082 restitueret,

33 1110 131 1160 quin
146 1101 267 1142 verba
284 1101 429 1139 codicis
445 1100 539 1138 aliis
557 1099 730 1138 videnda
745 1099 973 1139 ostenderet.
1037 1099 1206 1138 eandem
1233 1115 1327 1140 vero
1358 1105 1495 1155 queri-

28 1174 208 1214 moniam
228 1170 446 1223 protulerat
463 1167 652 1207 Barthius
672 1168 895 1207 Adversar.
923 1169 952 1207 l.
975 1171 1001 1211 8
1023 1183 1057 1208 c.
1076 1173 1095 1211 1
1115 1168 1225 1208 hisce
1242 1172 1373 1210 verbis
1394 1185 1492 1210 con-

30 1249 212 1295 ceptam:
250 1239 359 1277 illud
383 1245 516 1276 tamen
545 1237 766 1275 notandum
775 1266 792 1284 ,
822 1237 1069 1276 Mchae'lem
1085 1239 1334 1292 Assagrium
1355 1242 1492 1292 impu-

29 1307 274 1350 dentatae-ule
284 1307 435 1360 ficis-se
444 1335 461 1354 ‚
493 1306 603 1359 quod
619 1320 735 1344 suam
752 1305 864 1344 nobis
883 1315 1028 1359 septem
1044 1309 1287 1360 integrorum
1305 1322 1492 1347 versuum

29 1380 303 1418 correctionem
321 1374 513 1420 obtrusit,
542 1376 664 1411 veteri
683 1375 845 1412 lectione
861 1375 1007 1413 codicis
1018 1404 1034 1421 ,
1063 1390 1179 1427 quem
1197 1391 1323 1415 unum
1340 1378 1492 1416 solum-

28 1462 104 1502 que
129 1453 278 1485 exstare
307 1444 502 1481 hactenus
530 1456 611 1479 non
637 1440 878 1494 ignorabat,
917 1442 1198 1490 dissimulata,
1238 1459 1330 1482 oum
1360 1460 1401 1482 se
1430 1460 1492 1484 eos

25 1515 339 1567 wnuptissimos
364 1512 558 1550 invenisse
566 1511 768 1562 fateatur.
831 1523 945 1561 spero
965 1510 1049 1547 fore
1070 1517 1133 1560 ut,
1164 1513 1391 1566 ubicunque
1415 1528 1490 1566 ego

25 1584 131 1622 male
155 1595 251 1621 usus
278 1594 369 1619 sum
396 1579 629 1618 coniecturis
658 1579 699 1615 in
732 1577 962 1628 corrigendo
989 1578 1144 1628 codice,
1177 1580 1245 1617 alii
1270 1581 1426 1620 felicius
1447 1581 1492 1620 id

22 1657 222 1704 praestare
238 1649 414 1700 possint,
447 1648 543 1700 quin
565 1644 742 1684 codicem
759 1647 894 1697 ipsum
913 1644 1097 1696 videant,
1128 1648 1377 1699 inspiciendo
1397 1657 1489 1687 tan—

22 1725 110 1758 tum
130 1724 262 1764 notas,
292 1729 390 1769 quas
412 1714 463 1753 ad
482 1714 677 1767 poematis
702 1715 855 1751 calcem
877 1713 983 1752 dedi.
1043 1715 1151 1768 quod
1173 1716 1223 1754 de
1245 1718 1486 1757 carminibus

23 1787 73 1824 ab
90 1786 276 1837 Assagrio
295 1783 410 1822 editis
430 1782 473 1821 id
490 1784 626 1821 nullus
643 1782 774 1820 facere
794 1789 945 1834 potest,
977 1786 1074 1837 quin
1092 1785 1378 1825 bibliothecam
1397 1788 1485 1826 To-

22 1855 197 1893 letanam
222 1852 359 1902 adeat,
392 1853 481 1902 ubi,
511 1858 612 1890 teste
635 1852 806 1889 Arevalo
827 1852 915 1890 loco
937 1866 1036 1891 mox
1057 1855 1173 1892 citato
1196 1862 1287 1906 post
1311 1854 1482 1895 editores

19 1924 269 1962 Matritenses
298 1922 472 1959 Patrum
506 1920 800 1967 Toletanorum,
840 1918 970 1960 adhuc
998 1930 1221 1961 asservatur
1245 1921 1374 1962 codex
1399 1937 1480 1976 quo

19 2003 114 2030 usus
143 1991 273 2028 fuerat
301 1990 526 2041 Assagrius.
584 1989 732 2038 fateor,
770 1995 810 2027 et
835 1990 985 2041 pluries
1015 1992 1058 2028 in
1086 1993 1188 2030 notis
1214 1991 1343 2030 fassus
1373 2006 1476 2042 sum,

18 2072 85 2097 me
104 2060 330 2112 nequivisse
350 2071 488 2097 sanare
506 2059 638 2096 oimlia
655 2058 790 2096 ulcera
812 2071 914 2110 quae
936 2060 1072 2097 inveni
1091 2061 1133 2097 in
1157 2058 1291 2098 codice
1310 2061 1478 2099 Trivul-

18 2127 148 2176 tiano,
178 2133 218 2164 et
245 2127 359 2179 plura
377 2125 507 2164 adhuc
526 2127 733 2179 reliquisse
753 2128 802 2164 iis
824 2128 893 2179 qui
909 2126 1126 2165 secundam
1150 2127 1366 2167 editionem
1386 2143 1476 2168 sus-

19 2196 185 2247 cipient,
215 2194 321 2233 unde
349 2197 509 2233 criticen
538 2207 653 2233 suam
681 2201 906 2232 exerceant.
964 2209 1060 2233 nam
1092 2196 1200 2249 quod
1226 2198 1324 2236 olim
1345 2200 1476 2237 aiebat

17 2263 198 2303 Gifanius
226 2263 275 2302 de
302 2264 486 2302 omnibus
510 2265 765 2316 antiquorum
795 2265 948 2314 scriptis
974 2277 1076 2316 quae
1106 2264 1157 2303 ad
1180 2279 1253 2305 nos
1278 2281 1477 2319 pervene-

15 2340 126 2383 runt,
155 2332 200 2371 id
224 2335 458 2386 praesertim
487 2330 701 2370 dicendum
728 2345 814 2370 esse
838 2345 927 2369 reor
954 2331 1004 2370 de
1022 2331 1100 2371 hoc
1120 2335 1236 2374 unico
1259 2338 1476 2388 corruptis-

17 2401 118 2440 simo
139 2401 271 2440 codice
293 2402 468 2454 Corippi.
529 2415 574 2438 ex
595 2409 667 2447 tot,
696 2403 754 2439 sic
773 2401 842 2438 ille
866 2403 910 2438 in
930 2401 1138 2455 Apologia
1150 2417 1229 2455 pro
1238 2403 1371 2455 poe'tis
1386 2404 1477 2441 La-

17 2469 109 2507 tinis
137 2468 271 2508 addita
298 2472 380 2509 suis
414 2468 765 2508 observationibus
794 2470 836 2507 in
861 2469 1046 2522 linguam
1071 2472 1269 2509 Latinam
1291 2471 1477 2509 Francos.

20 2534 126 2578 1624
145 2551 186 2590 p.
205 2538 308 2587 458,
340 2553 385 2577 ex
412 2546 469 2576 tot
493 2540 731 2590 optimorum
758 2537 951 2576 librorum
979 2539 1143 2578 milibus
1162 2540 1405 2592 paucissimi
1422 2538 1482 2576 ad

16 2617 116 2652 nos,
155 2606 260 2658 iique
281 2613 365 2646 tam.
392 2608 570 2646 mendosi
592 2621 643 2645 ac·
673 2607 798 2645 laceri
808 2602 1106 2658 pervenerant,
1144 2615 1190 2645 ut
1206 2607 1307 2659 plus
1327 2606 1475 2644 laboris

15 2672 219 2734 subiturus
234 2675 285 2712 sit
304 2676 374 2727 qui
395 2675 487 2714 illos
504 2691 724 2730 expurgare
744 2677 841 2715 velit
850 2705 868 2723 ‚
907 2690 1031 2728 quam
1059 2676 1140 2727 ipsi
1145 2676 1260 2728 forte
1279 2675 1375 2713 olim
1396 2688 1475 2712 au-

13 2749 150 2782 ctores.
211 2740 369 2782 nullum
395 2745 499 2782 enim
522 2757 612 2783 vere
640 2746 897 2797 antiquorum
926 2745 1120 2796 scriptum
1149 2745 1209 2783 ad
1231 2757 1303 2783 nos
1330 2744 1474 2791 evasit,
