1702 3060
291 117 385 164 328
717 119 901 163 NOTAE
930 120 990 161 m
1022 121 1232 176 LIBRUM
1257 121 1279 164 1

288 231 464 277 po'e'tam,
494 225 623 263 oculos
637 226 770 262 attolle
787 228 950 264 iacentes
969 234 1027 266 est
1044 229 1218 266 animum
1233 231 1453 279 perculsum
1472 231 1588 282 erige.
1641 235 1676 276 si·
1696 245 1702 286 ς

290 281 338 319 de
361 279 588 332 pudibunda
607 283 710 318 Hero
728 283 929 320 Musaeus:
963 281 1184 334 παρθενική
1208 281 1248 324 δ’
1271 283 1475 340 ἄφθογγος
1492 286 1555 326 ἐπὶ
1573 284 1677 337 χθόν’.
1694 292 1702 333 i

288 338 412 386 πῆξεν
430 331 609 385 ὀπωπήν.
666 336 852 374 coluthus
870 339 971 388 paris
991 339 1072 375 fere
1092 341 1196 388 genii
1213 344 1350 390 poeta:
1391 371 1420 381 ..
1434 372 1443 381 .
1471 339 1500 392 ἦ
1528 337 1565 380 δ’
1593 340 1677 399 ἔρόὲ-
1697 339 1702 378 ἶ

288 403 361 429 σαν
385 389 446 430 ἐπεὶ
463 387 591 440 χθόνα
609 392 731 440 πῆξεν
757 388 922 443 ὀπωπήν
944 391 1062 446 δηρὸν
1081 392 1369 445 ἀμηχανέουσα,
1405 394 1472 434 καὶ
1496 392 1570 435 min
1587 392 1678 448 ’ἤμει
1698 397 1702 432 ἶ

286 447 374 497 βετο
397 442 563 495 Νύμφη.
620 446 801 484 Ovidius:
841 448 992 493 erubui,
1016 451 1238 500 gremioque
1250 450 1382 499 pudor
1397 450 1532 487 deiecit
1547 452 1677 491 ocellos
1700 490 1702 497 ,

287 500 336 536 de
356 501 413 536 ira
434 501 579 538 Statius
602 500 805 539 Thebaide
826 503 872 542 4:
902 503 969 539 ille
982 505 1039 540 acl
1052 504 1215 541 humum
1225 506 1400 554 pallens,
1426 505 1528 542 unde
1546 507 1677 556 etsani
1701 533 1702 536 η

287 555 421 592 hunda
447 557 586 605 cupido
613 564 704 593 nate
726 557 797 593 tibi
813 565 886 594 etc.
941 558 1114 596 Achilles
1148 562 1286 597 Tatius
1316 561 1370 600 5:
1414 558 1511 600 ἰδών
1536 556 1609 600 οὖν
1633 571 1678 603 πα
1699 587 1702 602 ι

285 611 477 662 γνωρίσας
493 610 650 662 ἔφριξα,
693 612 758 651 καὶ
777 613 938 663 ἔβλεπον
961 615 1015 660 εἰς
1034 618 1109 665 γῆν
1128 614 1180 661 οἷς
1197 615 1454 667 ἐληλεγμένος.
1509 617 1564 653 ita
1584 616 1677 655 Calli
1700 626 1702 635 ²

285 665 448 702 machus
484 665 534 702 ad
556 667 659 703 male
690 668 763 704 sibi
791 671 959 705 conscios
992 676 1029 706 et
1054 670 1233 719 profanos
1265 669 1313 707 de
1346 669 1496 708 calatho
1532 672 1675 710 Cereris

284 723 341 774 τῷ
366 716 530 772 καλᾶθῳ
556 718 723 761 κατιόντι
750 723 867 774 χαμαὶ
896 728 1086 763 θασεῖσθε
1115 724 1284 775 βέβηλοι.
1349 727 1478 775 ipsum
1502 727 1679 764 Amorem

286 776 354 826 qui
379 788 581 813 commune
604 776 802 827 quoddam
823 779 1055 815 confluvium
1076 779 1282 816 affectuum
1297 808 1307 826 ‚
1344 781 1475 817 fictum
1506 781 1626 819 fuisse
1652 783 1679 820 αἶ·
1700 798 1702 801 ’

285 832 455 882 antiquis
482 833 695 869 luminibus
719 839 820 869 terra
842 833 978 871 defixis
998 833 1121 870 discas
1145 847 1196 873 ex
1217 835 1349 871 Bionis
1369 835 1571 885 Smyrnaei
1593 836 1678 886 Idyl
1699 833 1702 835 ’

285 886 339 922 1ἱο
361 889 399 926 3.
455 895 588 926 vatum
607 889 723 924 etiam
742 902 831 925 eum
852 888 1030 925 habitum
1047 890 1228 938 exemplo
1249 888 1377 926 docuit
1394 891 1591 940 Eunapius
1609 893 1679 928 Sar
1694 901 1701 904 ·

289 940 441 978 dianus.
497 943 704 980 demissum
724 944 894 988 vultam,
921 951 964 979 ut
982 943 1194 980 modestiae
1209 950 1438 993 perpetuum
1454 946 1621 994 signum,
1638 947 1677 983 iu

289 1003 348 1032 ter
366 999 550 1047 requisita
577 999 808 1048 virginitatis
833 1000 1024 1050 conquirit
1043 997 1338 1048 Chrysostomus
1357 1002 1629 1038 commentario
1652 1000 1677 1038 d
1699 1023 1702 1032 2

287 1052 520 1101 virginitate.
576 1055 738 1091 BAnrn.

400 1110 490 1146 117.
546 1110 805 1155 virgilianum
829 1120 997 1157 casuque
1022 1110 1197 1145 animum
1222 1124 1430 1147 concussus
1457 1112 1591 1156 amici,
1628 1108 1678 1148 ho
1700 1134 1702 1138 ι

288 1167 346 1197 est
367 1161 497 1208 obitu,
530 1167 669 1198 morte.
726 1162 846 1199 Silius
867 1161 916 1203 4:
947 1176 1047 1199 urna
1073 1164 1279 1201 reducebat
1303 1166 1540 1202 miserandos
1569 1179 1680 1203 annun

240 1219 246 1226 ⁴
287 1229 412 1251 casus.
471 1218 633 1253 ΒΑΜ-ιι.

398 1272 492 1312 118.
549 1272 704 1322 elegans
727 1279 784 1309 est
806 1272 1004 1323 verbisque
1031 1275 1073 1309 in
1102 1275 1188 1311 sede
1207 1275 1361 1311 relictis.
1420 1275 1681 1324 interrumpam

287 1326 390 1362 enim
416 1328 799 1375 sermocinationem,
849 1335 887 1364 et
921 1329 1028 1364 velut
1064 1329 1162 1364 inibi
1190 1330 1450 1380 relinquentes
1478 1329 1681 1366 abscedunt

285 1380 439 1418 videtur
463 1382 657 1434 quaedam
682 1384 724 1418 in
755 1383 879 1432 prima
906 1382 1028 1419 Iliade
1061 1385 1329 1420 transtulisse:
1367 1384 1423 1423 ibi
1443 1385 1547 1420 enim
1562 1386 1680 1434 parite
1695 1420 1702 1424 ,

285 1438 456 1473 venienti
484 1439 563 1474 lovi
594 1437 648 1474 dii
676 1438 831 1474 obviam
850 1438 1075 1488 procedunt.
1104 1440 1265 1476 BAn’rn.

366 1492 418 1528 ih.
445 1493 684 1529 intolerabile
695 1495 823 1529 visum
837 1501 904 1539 est,
916 1500 1095 1529 narrante
1107 1494 1292 1531 Suetonio
1303 1495 1376 1530 Iul.
1386 1495 1451 1541 78,
1468 1493 1572 1546 quod
1583 1495 1680 1532 Iuliu

282 1548 423 1584 Caesar
433 1555 611 1585 senatum
622 1550 818 1598 exceperit
828 1548 965 1586 sedens
977 1562 1045 1598 pro
1057 1548 1153 1585 aede
1163 1550 1322 1587 Veneris
1331 1551 1542 1599 genitricis.
1573 1556 1679 1586 contr

280 1615 371 1639 vero
384 1604 676 1650 Tiberius,teste
699 1605 823 1640 Dione
845 1606 897 1644 57
922 1607 982 1650 11,
1004 1605 1250 1654 magistratus
1269 1617 1434 1654 semper,
1456 1616 1500 1640 ac
1518 1606 1551 1641 si
1572 1606 1613 1640 iu
1633 1603 1679 1641 de

281 1660 480 1705 mocrafia,
510 1658 737 1707 honorabat,
769 1659 988 1695 consulibus
1011 1661 1129 1695 etiam
1150 1672 1367 1709 assurgens,
1385 1659 1525 1710 quibus
1544 1660 1682 1696 solituu

282 1725 436 1764 quoque
457 1713 632 1750 decedere
651 1715 697 1750 de
716 1716 783 1751 via
801 1713 909 1751 addit
925 1715 1131 1751 Suetonius
1149 1715 1239 1751 Tib.
1254 1718 1319 1756 31.
1364 1715 1492 1752 Foco.

394 1770 486 1807 120.
537 1776 654 1818 pater
672 1768 746 1805 hoc
774 1770 859 1805 loco
887 1782 955 1819 pro
978 1783 1059 1818 par
1077 1772 1302 1819 repositum.
1334 1771 1453 1806 Rmz.
1503 1775 1619 1818 pater
1640 1770 1681 1806 in

284 1822 398 1859 clitus
421 1823 544 1873 orbis]
575 1825 629 1860 sic
650 1837 687 1860 v.
711 1825 802 1864 167.
844 1825 1004 1860 illustris
1022 1825 1106 1861 laus
1129 1827 1312 1875 principis
1330 1823 1406 1860 dici
1418 1831 1572 1874 patrem
1587 1823 1682 1860 orbi-s

285 1878 340 1914 sic
360 1879 564 1915 Horatius:
587 1885 705 1927 pater
721 1877 876 1914 urbiam
892 1877 1081 1914 subscribi·
1098 1881 1248 1915 statuis.
1308 1881 1363 1915 sic
1383 1881 1579 1928 Augustus
1588 1885 1683 1927 pate

279 1934 437 1982 patriae
456 1934 599 1978 dictus,
630 1940 667 1969 et
693 1931 799 1983 quod
823 1934 948 1969 maius
978 1945 1022 1968 ac
1050 1933 1253 1982 gloriosius
1274 1941 1343 1980 est,
1376 1935 1498 1970 libera
1518 1932 1644 1969 adhuc
1663 1947 1681 1969 r

283 1988 440 2038 publica
461 1990 607 2025 Cicero.
663 1995 777 2024 notus
793 1989 834 2023 iu
852 1986 952 2023 hauc
969 2000 1051 2024 rem
1068 1989 1261 2025 Iuvenalis
1276 2001 1423 2025 versus.
1480 2000 1597 2039 quem
1617 1990 1681 2038 qui

286 2043 377 2079 dem
403 2044 561 2080 titulum
581 2044 710 2092 patris
727 2044 885 2092 patriae
903 2044 1094 2080 Traianus
1115 2056 1184 2092 pro
1205 2056 1273 2079 sua
1290 2042 1479 2079 modestia
1501 2045 1683 2079 recusavit

283 2099 472 2138 tributum
493 2099 567 2135 sibi
586 2110 607 2133 a
626 2105 781 2144 senatu3
810 2097 914 2134 unde
935 2099 972 2134 ei
991 2098 1064 2134 soli·
1077 2099 1248 2134 omnium
1267 2099 1426 2148 contigit
1445 2104 1489 2134 ut
1496 2105 1613 2147 pater
1622 2111 1682 2147 pa

283 2152 381 2189 triae
401 2161 496 2190 esset
510 2160 720 2203 antequam
726 2153 843 2201 fieret
846 2180 859 2197 ,
878 2159 921 2189 ut
940 2160 1072 2202 argute
1095 2152 1142 2189 de
1163 2167 1208 2190 eo
1226 2153 1319 2190 dicit
1335 2154 1484 2190 Plinius
1501 2155 1684 2202 insPaneg

282 2209 325 2244 in
345 2220 422 2258 quo
444 2208 552 2245 idem
575 2214 735 2245 venuste
764 2210 1037 2258 imperatorem
1064 2221 1167 2245 nunc
1195 2215 1307 2245 vocat
1326 2214 1529 2257 parentem
1550 2211 1683 2256 generi

282 2263 466 2307 humani,
511 2276 614 2300 nunc
642 2263 849 2312 publicum
870 2270 1090 2312 parentem,
1133 2276 1237 2300 nunc
1267 2275 1504 2299 commanem
1529 2264 1684 2298 olmiiuu

281 2324 496 2368 parentem.
553 2319 701 2355 Seneca
723 2317 771 2355 de
791 2319 971 2355 clement.
993 2318 1066 2358 14:
1100 2326 1257 2367 patrem
1283 2317 1438 2368 quidem
1457 2318 1614 2366 patriae
1629 2330 1680 2366 ap

275 2371 476 2423 pellamus
501 2373 738 2422 princ-ilyem,
789 2381 834 2410 ut
861 2374 960 2409 sciat
988 2374 1124 2410 datam
1157 2373 1232 2409 sibi
1261 2378 1489 2422 potestatem
1510 2373 1684 2420 patriam

282 2440 382 2478 quae
414 2434 469 2463 est
491 2429 827 2476 temperatissima,
870 2427 1001 2465 liberis
1023 2428 1226 2465 consulens
1246 2440 1394 2477 suaque
1406 2434 1497 2477 post
1518 2427 1606 2463 illos
1627 2439 1684 2476 po·

280 2495 387 2519 nens.
446 2483 569 2519 Bur.
1244 2516 1252 2526 ,

395 2539 485 2577 123.
542 2537 684 2586 digito]
714 2535 884 2573 indicem
901 2538 982 2574 sive
1004 2532 1194 2576 δεικτικόν
1214 2538 1422 2586 intelligit,
1462 2549 1580 2587 quem.
1599 2534 1684 2586 digi

282 2599 367 2628 tum
381 2592 579 2628 silentium
596 2593 830 2640 imperantes
851 2595 907 2628 ori
925 2591 1182 2628 admovebant
1200 2599 1370 2638 veteres3
1398 2590 1581 2642 idemque
1605 2590 1685 2628 diui>

283 2654 346 2684 tur
366 2659 389 2683 a
407 2647 605 2683 nonnullis
626 2645 829 2689 salutaris,
858 2646 962 2695 quod
981 2659 1065 2683 rem
1083 2647 1198 2682 saluti
1215 2648 1388 2683 maxime
1406 2645 1685 2683 conducibilem

283 2703 506 2751 silentium,
537 2700 750 2738 denotaret.
806 2700 930 2738 Lilius
951 2699 1131 2737 Giraldus
1153 2699 1297 2751 dialog.
1328 2705 1355 2742 2
1386 2713 1462 2752 quo
1490 2713 1606 2738 sensu
1635 2703 1685 2737 Iu-
