1702 3060
429 79 640 127 IUSTINI
672 75 911 127 MINORIS
944 82 1048 126 LIB.
1081 73 1116 126 Ῐ.

213 193 330 232 Talia
351 190 516 232 dicentis
533 193 701 246 pedibus
718 200 911 246 prostrata
929 194 1140 247 iacensque

84 314 86 316 v
157 263 286 300 omnis
308 263 422 299 turba
438 263 558 300 simul
573 257 688 314 “pius
708 275 769 310 es,
800 257 1014 299 miserere’'
1039 268 1197 313 perorat

41 329 128 396 ὶῌὸ
148 324 444 381 “supplicibus‚
474 332 536 367 vir
559 336 715 378 sancte,
742 329 842 366 tuis:
877 342 1059 367 succurre
1079 330 1253 382 periclis.

156 399 290 436 omnia
308 412 405 436 mox
424 400 608 436 veniente
625 396 688 434 die
709 397 873 448 periisse
894 396 1062 446 videbis,

156 467 191 504 si
212 479 378 504 vacuam
398 467 541 517 vulgus
560 467 644 503 sine
662 465 839 516 principe
858 466 1024 502 senserit
1044 465 1192 503 aulam.

155 541 502 588 quantumcunque
522 534 615 571 boni
635 539 794 570 moveat
819 531 976 570 dilectio
999 535 1136 585 patris,

155 615 235 640 non
252 603 304 640 sit
320 615 431 639 amor
448 603 597 653 patriae
616 602 742 652 patrio
765 602 908 638 minor.
967 602 1052 653 ipse
1071 609 1206 639 tenere

38 671 126 714 {180
153 677 306 721 sceptra
324 671 607 707 tuus-moriens
623 676 663 706 te
683 670 797 706 iussit
817 670 1034 707 avunculus
1055 683 1136 708 ore.

153 740 283 790 aspice
305 745 452 790 quanta
470 739 544 775 fuit
563 745 719 776 nostrae
737 738 855 774 simul
875 738 982 775 urbis
1005 745 1044 775 et
1059 739 1165 776 orbis

151 805 317 859 provida
341 819 431 843 cura
452 807 552 844 seni.
610 819 681 857 pro
701 813 739 842 te
760 804 857 842 deus
875 807 1007 843 omnia
1026 807 1121 844 fecit

152 889 255 929 quae
269 875 354 912 fieri
369 875 508 911 voluit.
568 874 713 912 solium
729 872 947 910 conscende
968 881 1188 925 paternum,

154 951 194 982 et
212 956 304 995 rege
325 943 568 990 subiectum,
598 942 781 992 princeps
801 941 1035 991 fortissime,
1064 942 1273 980 mundum.

30 1015 123 1059 {185
151 1026 270 1052 aurea
286 1018 469 1049 nascetur
484 1010 594 1047 vobis
614 1009 870 1060 regnantibus
894 1016 1015 1058 aetas,

154 1096 228 1120 nec
245 1086 403 1118 mutans
420 1077 600 1116 dominos
617 1079 795 1115 Romana
817 1076 1018 1115 videbitur
1038 1073 1173 1116 aula.’'

203 1149 374 1189 Vocibus
395 1145 457 1184 his
477 1147 604 1184 flexus
623 1147 740 1183 cessit
756 1144 943 1183 tandem:
973 1148 1052 1183 itur
1070 1148 1110 1183 in
1130 1160 1262 1184 arcem

149 1218 338 1270 obsequio
355 1216 566 1253 comitante
585 1221 756 1266 patrum.
815 1215 1039 1266 gratissima
1059 1217 1204 1254 coniux

147 1285 419 1337 subsequitur,
450 1296 528 1320 non
542 1290 637 1320 tunc
652 1285 767 1321 solito
789 1284 931 1334 stipata
953 1284 1140 1321 tumultu.

40 1358 119 1400 190
147 1352 334 1392 incedunt
353 1350 486 1389 medIa
505 1364 685 1388 securam
702 1358 816 1389 nocte
835 1364 907 1402 per
926 1351 1065 1387 urbem

147 1423 278 1460 fronte
298 1433 440 1471 parum
456 1420 550 1456 laeti
562 1448 572 1467 ,
603 1420 786 1471 quamvis
805 1416 1003 1469 gaudente
1024 1426 1163 1456 senatu

148 1490 361 1542 imperium
382 1493 580 1538 peterent,
612 1499 842 1539 quanquam
864 1489 998 1523 omnia
1016 1493 1101 1524 tuta
1119 1486 1312 1525 viderenh

147 1558 292 1597 divinis
316 1556 458 1593 animis
481 1556 608 1592 inerat
629 1554 743 1591 dolor
763 1556 833 1592 ille
852 1556 1053 1606 parentis3

146 1634 237 1665 ante
254 1626 341 1678 pios
359 1624 492 1661 oculos
510 1624 618 1660 mitis
637 1629 814 1659 versatur
833 1624 980 1674 imago.

38 1696 117 1740 195
144 1695 215 1734 illa
231 1699 365 1732 movet
380 1699 557 1729 mentem
569 1722 578 1740 ,
609 1692 847 1743 penitusque
867 1692 908 1728 in
927 1698 1086 1743 pectore
1108 1699 1275 1746 utroque

146 1762 317 1801 indivisa
332 1774 498 1799 manens
518 1762 583 1812 pia
602 1761 768 1797 numina
788 1761 951 1797 numine
975 1761 1159 1812 complet.

199 1832 341 1869 Lin1e11
359 1836 403 1866 ut
422 1830 623 1879 Augustae
646 1841 756 1866 sacro
774 1826 876 1879 pede
900 1830 1063 1879 contigit
1085 1831 1212 1879 aulae,

144 1900 277 1938 onmia
295 1898 493 1949 gallorum
514 1903 763 1948 strepuerunt
785 1896 959 1934 culmina
983 1904 1115 1935 cantu.

144 1974 326 2006 exactam
343 1972 500 2004 noctem
513 1967 632 2018 primi
649 1979 807 2003 sensere
825 1966 1020 2014 volucres,

30 2039 113 2080 200
141 2043 181 2074 et
198 2037 348 2073 laetum
366 2035 542 2071 cecinere
561 2033 688 2082 diem,
720 2034 953 2086 alarumque
970 2033 1115 2072 dedere

142 2103 346 2156 plausibus
365 2101 534 2140 assiduis
552 2109 590 2140 et
611 2109 725 2140 acuta
743 2116 839 2140 voce
858 2103 1051 2139 savorem.

190 2170 398 2209 Excubiae
419 2171 605 2222 prhnum,
638 2183 739 2223 quae
757 2183 913 2208 summa
930 2171 1078 2221 palatia
1100 2177 1270 2219 servant,

140 2240 353 2290 imperium
368 2239 470 2276 felix
489 2238 659 2276 dominis
682 2238 919 2276 intrantibus
939 2245 1090 2290 optant,

141 2314 181 2344 et
199 2314 358 2346 cunctos
377 2306 507 2346 aditus
528 2314 679 2345 armato
699 2308 828 2344 milite
845 2306 1010 2355 vallant,

29 2373 111 2416 205
138 2387 189 2411 ne
207 2376 296 2427 quis
313 2377 354 2413 in
372 2377 596 2427 Augustam
618 2377 835 2413 contrarius
856 2373 1002 2412 audeat
1022 2374 1158 2412 aulam

140 2442 340 2480 infensum
358 2444 534 2482 conferre
556 2443 716 2495 pedem.
763 2443 918 2481 devotio
940 2449 1067 2481 tanta·

140 2515 259 2562 atque
276 2509 485 2549 hominum
508 2513 663 2550 cautela
679 2513 754 2549 fuit
775 2513 993 2564 sollersque
1016 2512 1212 2550 bonorum

142 2577 364 2616 sollicitudo
380 2587 562 2630 patrum:
589 2592 686 2616 nam
704 2581 794 2632 quis
815 2586 983 2617 tentaret
1001 2581 1153 2630 obesse,

142 2657 234 2682 cmn
253 2643 350 2684 deus
366 2648 580 2699 imperium
596 2654 730 2685 sancto
749 2649 831 2684 iam
855 2646 1011 2686 dixerat
1032 2662 1100 2686 ore

22 2710 111 2752 210
139 2712 290 2750 Iustino
309 2712 560 2767 Sophiaeque
580 2714 686 2765 dari,
717 2729 910 2768 muroque
929 2718 1082 2768 potenti

1405 67 1498 127 1-7'1‘
