1702 3060
276 153 295 197 1
305 152 367 198 30
871 145 1087 191 comPPl

381 261 527 297 alterna
550 255 598 293 de
622 261 729 306 parte
749 254 872 303 ciens,
912 267 1011 307 quae
1030 261 1160 292 nostra
1178 253 1312 293 fideles

298 326 351 367 65
380 325 536 362 foedera
556 335 708 372 semper
729 320 887 358 habent.
943 320 1013 358 has
1035 323 1151 358 motis
1172 322 1351 372 praecipe
1363 322 1500 359 ‘cannis

379 399 415 427 et
436 391 555 439 signis
574 401 615 424 se
634 388 782 438 aperire
801 388 895 424 suis.
951 389 1144 425 exercitus
1163 389 1290 425 omnis
1540 376 1542 378 Ι

380 457 611 493 conveniens
629 454 684 490 sic
701 459 804 491 tutus
822 454 913 502 erit,
941 454 1095 490 venalia
1117 455 1261 506 quippe

379 523 579 558 inveniens
603 532 856 571 quaecunque
874 519 1000 557 volet:
1029 522 1208 570 pecuaria
1224 531 1356 557 secum

380 589 503 625 multa
522 585 679 624 trahunt
699 593 847 635 gentes.
902 587 1059 623 venient
1081 585 1130 623 ad
1147 587 1261 623 litora
1278 598 1440 636 puppes,

297 658 350 696 70
379 663 416 691 et
435 656 612 691 Cererem
629 650 902 703 Bacchumque
918 654 1065 690 ferent:
1093 655 1173 690 iam
1190 659 1344 703 tempus
1362 659 1532 703 apertum

379 733 523 771 aequor
542 717 670 754 habet.
729 730 887 768 quassas
906 719 1137 769 reparabunt
1156 721 1313 769 agmilla
1330 720 1431 756 vires
1443 748 1454 767 ,

377 787 597 835 oblitaeque
617 790 742 820 metus
763 784 1000 821 renovabunt
1018 786 1165 835 proelia
1180 780 1378 822 turmae.”

431 840 836 899 Consssium'placuit3
866 849 1012 902 fidique
1031 851 1215 900 magister
1233 852 1348 887 amici

378 921 523 970 optima
543 917 644 953 dicta
662 923 798 953 tenens
818 916 961 953 celeres
979 915 1161 952 mandata
1184 918 1380 953 ministros

300 987 353 1027 75
383 986 480 1020 ferre
500 985 606 1020 iubet
624 984 782 1019 cunctis.
839 984 993 1032 sonipes
1012 982 1190 1019 discurrit
1208 982 1352 1034 ubique

380 1051 547 1087 ductoris
565 1056 767 1100 praecepta
787 1049 914 1086 ferens
928 1078 938 1096 ‚
967 1056 1179 1100 gentesque
1200 1062 1367 1100 suosque

382 1117 676 1169 praecipitanter
695 1121 826 1164 agunt.
884 1116 1015 1151 nullus
1031 1129 1102 1165 per
1120 1115 1223 1151 bella
1244 1115 1419 1165 repulsus

379 1185 435 1220 sic
453 1183 577 1232 potuit
597 1193 780 1216 renovare
801 1181 903 1217 celer
918 1182 1000 1218 fera
1016 1182 1162 1232 proelia
1181 1180 1335 1227 ductor,

381 1250 504 1300 quivit
523 1254 565 1283 ut
589 1247 765 1296 egregius
783 1248 959 1296 vigilanti
978 1247 1090 1284 corde
1115 1246 1322 1284 Iohannes.

299 1318 351 1356 80
380 1328 459 1350 non
480 1314 593 1349 illum
611 1313 763 1348 fortuna
780 1315 884 1362 prior
904 1315 1076 1350 Mavorte
1094 1312 1262 1350 secundo

381 1381 555 1417 inflatum
578 1380 727 1426 evexit,
757 1393 830 1415 nec
851 1387 943 1416 tunc
965 1381 1152 1416 contraria
1174 1380 1309 1429 fregit,

379 1450 586 1484 immotum
604 1445 744 1480 virtute
765 1457 848 1482 sua.
903 1447 984 1482 iam
1004 1444 1153 1482 roscida
1176 1450 1336 1495 surgens

378 1515 529 1550 Oceano
548 1509 695 1560 gelidas
712 1512 860 1548 Aurora
877 1519 1090 1549 removerat
1109 1512 1279 1548 umbras.

380 1578 514 1614 ductor
531 1585 574 1614 ut
595 1578 791 1614 albentem
813 1575 910 1613 vidit
929 1590 1157 1627 consurgere
1176 1579 1328 1624 lucent,

295 1647 348 1687 85
377 1646 471 1681 lavit
489 1645 599 1695 aquis
619 1645 870 1694 geminasque
889 1656 1028 1680 manus
1048 1645 1254 1695 vultusque
1271 1647 1448 1693 gerentes

377 1712 536 1762 pulvere
558 1716 753 1746 concretos
772 1708 951 1745 hesterno
972 1711 1094 1746 Marte
1116 1711 1300 1761 capillOS3

378 1778 577 1827 oravitque
594 1776 721 1812 ferens
741 1775 882 1826 palmis
901 1773 997 1811 haec
1014 1776 1131 1813 verba
1149 1777 1311 1826 supinis.

374 1839 398 1854 “
410 1843 654 1891 omnipotens
674 1843 846 1891 genitor,
876 1843 997 1878 virtus
1016 1849 1054 1878 et
1072 1843 1194 1892 gloria
1211 1854 1359 1889 rerum,

378 1916 481 1945 certa
498 1908 602 1945 salus
623 1905 837 1958 mundique
856 1914 981 1955 sator,
1021 1910 1088 1958 qui
1110 1908 1266 1945 foedere
1288 1915 1392 1945 certo

297 1977 351 2016 90
378 1976 507 2011 omnia
526 1971 734 2022 disponens
751 1974 945 2024 vertisque
965 1975 1141 2026 regisque
1157 1974 1364 2022 movendo,

379 2048 553 2090 tempora
575 2045 791 2089 permutas,
820 2052 892 2076 nec
910 2046 953 2076 tu
970 2042 1130 2078 mutaris
1151 2042 1191 2077 in
1207 2042 1309 2088 illis3

380 2113 559 2157 quattuor
581 2106 809 2155 explicitum
832 2106 991 2142 volvens
1012 2108 1250 2144 successibus
1270 2119 1437 2154 annum,

378 2173 618 2222 bissenisque
641 2170 746 2207 diem
762 2171 944 2209 claudens
961 2173 1187 2224 aequalibus
1209 2171 1336 2220 horis,

380 2236 513 2273 ordine
534 2243 670 2272 cuncta
686 2249 828 2286 novas,
862 2251 934 2275 nec
956 2246 998 2275 tu
1016 2240 1210 2276 renovaris
1231 2239 1278 2275 ab
1298 2239 1402 2285 ullo,

298 2303 351 2343 95
378 2302 482 2338 idem
501 2310 633 2340 auctor
651 2303 907 2356 dominusque
927 2318 1089 2342 manens
1104 2312 1141 2342 et
1157 2304 1332 2341 conditor
1348 2305 1465 2341 orbis.

380 2368 494 2404 credo
505 2397 515 2416 ‚
540 2383 690 2406 summe
708 2377 836 2420 pater,
866 2378 932 2407 tua
948 2373 998 2407 sit
1013 2371 1117 2422 quod
1134 2383 1275 2420 magna
1291 2377 1474 2420 potestas,

382 2442 419 2470 et
438 2435 573 2472 fateor.
630 2437 792 2473 miserus
813 2443 946 2486 gentes
969 2449 1037 2473 sua
1056 2438 1223 2487 pessima
1243 2437 1382 2472 fallant

381 2502 540 2537 numina
559 2514 657 2554 quae
681 2502 855 2540 credunt.
910 2504 1100 2552 permitfis
1123 2515 1238 2552 saepe
1256 2502 1412 2552 probari

273 2621 317 2655 66
338 2631 374 2654 se
389 2621 470 2656 add.
488 2621 526 2654 Μ
671 2621 753 2654 ibid.
777 2621 881 2654 amnis
899 2621 932 2654 't'
1076 2622 1118 2655 81
1143 2620 1255 2654 exexit
1268 2632 1330 2654 nec
1344 2625 1423 2655 tunc
1441 2621 1486 2662 T,
1511 2620 1618 2655 erexit
1630 2631 1692 2654 nec

273 2675 359 2699 nunc
375 2667 413 2699 M
542 2665 586 2700 83
608 2666 735 2699 occiani
752 2667 783 2700 Τ
911 2665 995 2699 ibid.
1019 2672 1238 2700 renouauerat
1255 2667 1287 2701 Τ
1418 2667 1462 2701 86
1484 2666 1642 2700 cristerno
1661 2667 1691 2700 Τ

272 2711 317 2745 97
340 2711 457 2744 sanans
473 2712 523 2753 T,
546 2711 664 2745 fallunt
679 2711 720 2744 M
848 2711 893 2746 98
916 2710 1061 2756 probare
1078 2711 1119 2745 Τ.
