1702 3060
248 92 344 143 438
657 95 854 142 NOTAE
883 93 1179 142 mmmmm
1202 95 1274 140 rvr
1675 82 1693 115 i

359 199 425 244 14.
479 200 764 239 turbatissimus
797 214 946 240 sensus.
1002 202 1058 240 sic
1081 202 1368 253 lego·slud1'ae›
1408 206 1487 242 nu't
1522 211 1689 257 agmen?-

250 258 399 295 emendi
417 256 559 298 robora
570 257 647 293 sili
640 269 784 293 arum:
813 264 907 293 tunc
923 257 1108 306 plaustra
1126 259 1323 308 gementia
1345 257 1494 296 ducunt
1512 262 1671 310 magnis,

244 314 385 362 ponde)
387 312 497 354 ihus,
535 318 662 348 tractu
692 311 873 348 stridente
893 319 1066 349 rotarum
1083 312 1284 363 explicitae
1303 313 1428 350 molis.
1486 314 1666 366 liquidis-

249 370 360 407 sime.
417 367 572 403 Voncx.
1475 404 1481 409 a

360 420 425 460 15.
482 420 660 472 missilia]
679 427 791 458 vocat
799 421 1036 471 Pomponius
1056 422 1104 458 10
1123 421 1151 457 1.
1168 422 1193 460 8
1210 420 1252 458 ff.
1273 418 1321 458 de
1340 419 1513 459 couti-ah.
1533 430 1666 473 empt„

249 482 289 514 et
309 476 422 512 Caius
441 476 488 512 lc
509 475 536 511 l.
558 478 583 515 9
604 475 646 512 ff.
667 475 714 512 de
735 488 820 527 ac,.q
844 489 917 512 rer.
937 475 1042 514 dom.
1097 477 1282 514 Dmursr.

365 532 426 569 17.
485 530 709 581 explicitae]
740 530 814 567 hoc
832 537 889 567 est
907 530 1116 581 dispositae
1131 529 1182 566 ad
1200 528 1448 568 commodum
1464 529 1673 568 artificum.

249 584 396 622 Hirtius
424 583 472 620 de
494 585 599 622 bello
616 584 810 622 Alexand.
834 599 868 622 c.
894 585 961 626 14.
992 585 1040 622 de
1063 586 1248 622 navibus.
1274 586 1374 623 inter
1399 585 1473 621 has
1499 586 1669 634 spatium

250 639 620 690 quadringentorum
638 653 832 689 passuum
855 639 1028 690 reliquit,
1063 640 1169 691 quod
1195 642 1289 677 satis
1305 639 1454 676 essead
1470 639 1670 690 explican-

249 695 323 731 das
347 708 466 731 naves
495 693 710 731 uidebatur.
767 696 947 732 Lucanus
978 698 1003 736 6
1026 697 1051 734 9
1073 694 1122 731 de
1153 696 1272 746 copiis
1297 694 1550 733 militaribus.
1587 701 1672 732 tum

251 748 414 785 collibus
433 762 561 786 omnes
581 749 764 799 explicuit
783 756 943 786 turmas.
1001 750 1130 786 FOGG.

359 807 429 844 21.
484 804 602 854 sedit]
633 803 707 840 hoc
727 810 785 841 est
813 804 937 840 fixum
965 811 1036 840 est.
1058 844 1062 849 .
1092 804 1228 841 Florus
1247 802 1274 844 4
1291 805 1342 843 2:
1371 804 1529 854 egregia
1548 805 1671 841 virtus

257 858 428 895 Scaevae
448 860 679 896 centurionis
697 860 869 905 emicuit,
903 859 1015 896 cuius
1033 860 1075 895 in
1093 865 1199 896 scuto
1226 865 1378 895 centum.
1397 865 1514 910 atque
1530 860 1672 909 viginti

251 913 328 949 tela
345 914 484 950 sedere.
543 915 671 952 Foco.

360 971 427 1008 22.
484 970 675 1019 concis-or]
705 969 805 1005 infra
823 966 907 1005 hic:
936 969 1152 1005 caeduntur
1179 966 1316 1005 robora
1342 966 1456 1018 ligni.
1514 967 1671 1018 Ulpian.

250 1023 279 1059 l.
301 1022 352 1062 53
373 1023 414 1059 ff.
437 1021 484 1059 de
499 1024 576 1073 leg.
597 1027 622 1064 3
636 1036 646 1061 :
667 1024 736 1060 sed
747 1030 877 1059 utrum
888 1025 943 1059 ita
954 1024 1125 1068 demum,
1141 1024 1176 1060 si
1192 1023 1387 1059 concisum
1402 1022 1454 1059 sit
1471 1020 1673 1072 (lignum),

250 1091 304 1114 cm
326 1084 361 1112 et
381 1079 510 1114 sinon
536 1078 615 1114 sit?
670 1077 885 1115 Cassiodor.
915 1078 941 1118 5
972 1092 1034 1129 ep.
1066 1080 1139 1119 18:
1178 1076 1394 1124 artificibus
1421 1075 1675 1114 abscindendi

250 1132 363 1182 ligna
391 1134 441 1171 sit
458 1134 652 1181 permissa
681 1133 848 1169 licentia.
909 1139 946 1169 et
967 1147 1028 1183 ep.
1049 1135 1126 1175 20:
1156 1133 1268 1182 ligna
1290 1132 1481 1169 silvestria
1499 1130 1675 1168 iubemus

253 1187 376 1224 caedi.
437 1188 534 1224 Stat.
561 1187 657 1224 Silv.
691 1188 736 1226 1:
773 1188 893 1223 caesis
911 1187 1078 1223 decrevit
1088 1186 1304 1236 frondibus
1322 1187 1411 1231 Ida.
1472 1185 1584 1223 Ovid.
1611 1199 1674 1236 ep.

249 1240 403 1279 Paridis
431 1241 480 1277 ad
504 1243 717 1278 Helenam:
766 1242 902 1278 Troiae
928 1243 1143 1280 caeduntur
1166 1241 1345 1290 Phrygia
1366 1241 1505 1291 pineta
1533 1242 1671 1277 securi.

253 1298 409 1332 Petron.
430 1297 584 1333 Arbiter
602 1297 752 1346 Satyra
783 1297 885 1332 caesi
901 1298 1056 1334 vertices
1074 1296 1170 1338 Idae
1189 1295 1416 1340 trahuntur,
1429 1296 1621 1346 scissaque
1634 1297 1678 1332 in

254 1351 395 1389 molem
422 1351 570 1388 cadunt
594 1351 746 1388 robora.
808 1350 1010 1388 Claudian.
1040 1352 1083 1387 in
1110 1353 1272 1400 Eutrop.
1306 1351 1352 1390 1:
1389 1349 1544 1386 caedere
1565 1350 1678 1400 ligna

255 1406 423 1442 culinae.
483 1405 553 1443 sed
581 1407 623 1442 in
653 1407 823 1443 tironum
847 1408 1012 1455 gratiam
1040 1405 1256 1442 adscribam
1284 1405 1415 1442 locum
1433 1417 1485 1441 ex
1504 1406 1631 1442 Ennio
1651 1406 1678 1444 6

252 1462 491 1508 Annalium,
531 1467 574 1498 ut
604 1467 789 1511 appareat
816 1473 934 1511 quam
960 1460 1130 1498 studiose
1159 1473 1250 1497 eum
1285 1461 1516 1510 posteriores
1538 1464 1677 1510 poetae

254 1522 486 1566 sequautur:
516 1515 699 1552 incedunt
715 1515 876 1552 arbusta
891 1528 964 1565 per
980 1515 1083 1560 alta,
1108 1514 1300 1552 securibu’
1320 1515 1504 1559 caedunt,
1525 1514 1680 1564 percel-

255 1570 343 1607 lunt
369 1584 536 1621 magnas
561 1584 738 1621 quercus.
799 1571 986 1607 exciditur
1004 1570 1097 1615 ilex,
1129 1569 1315 1621 fiaxinu'
1330 1570 1543 1620 fiangitur
1562 1577 1680 1620 atque

257 1625 363 1662 abies
382 1627 636 1662 consternitur
655 1625 754 1662 alta.
806 1627 930 1675 pinus
942 1639 1127 1675 proceras
1135 1631 1376 1675 pervertunt.
1434 1637 1546 1662 omne
1562 1638 1680 1661 sona-

258 1679 328 1716 hat
344 1679 548 1717 arbustum
561 1681 731 1731 fremitu
758 1680 877 1717 silvai
887 1680 1110 1730 frondosai.
1170 1678 1421 1730 designantur
1439 1692 1530 1729 ergo
1546 1679 1682 1730 ligna-

257 1737 323 1772 rii.-
345 1737 399 1772 sic
421 1737 525 1772 enim
543 1743 655 1772 vocat
674 1735 872 1773 Palladius
884 1736 1050 1772 Rutilius
1068 1736 1126 1772 rei
1142 1742 1236 1772 rust.
1260 1737 1282 1775 1
1307 1738 1346 1777 6.
1375 1733 1543 1777 Isidorus
1558 1735 1680 1772 inter-

258 1796 431 1839 pretatur
449 1790 509 1840 lig
509 1791 553 1826 ni
570 1792 636 1839 opi
649 1804 742 1834 coes,
758 1791 806 1830 19
825 1792 888 1830 19.
919 1792 998 1827 sive
1015 1790 1080 1826 illi
1094 1791 1205 1841 tigna
1218 1789 1349 1826 dolent
1365 1790 1446 1827 sive
1461 1789 1687 1838 aedificent,

259 1852 302 1881 ut
317 1845 489 1895 loquitur
502 1846 660 1881 Paullus
679 1846 727 1882 Ic
746 1844 775 1880 l·
795 1845 874 1884 235
895 1845 936 1882 ff.
955 1845 1002 1882 de
1019 1845 1126 1882 verb.
1145 1845 1347 1895 significat.
1376 1845 1528 1910 proprie
1549 1851 1681 1883 tamen

259 1897 336 1937 hoc
353 1900 437 1936 loco
457 1898 719 1964 designantur,
748 1906 790 1935 ut
808 1906 915 1948 pute,
945 1900 1112 1948 ξυλίνων
1126 1898 1233 1939 ὖλων
1250 1899 1292 1939 οἱ
1310 1897 1478 1951 ἐργάται,
1495 1894 1683 1950 ὑλοτόμοι

261 1954 329 1994 καὶ
357 1950 546 2019 ὄρυτὸμοι.
562 1954 629 1994 καὶ
654 1954 869 2006 ὖλαγωγοί,
917 1962 961 1991 ut
987 1956 1114 2005 inquit
1138 1955 1213 1991 Iul.
1242 1955 1386 1991 Pollux
1405 1955 1542 1991 Onom.
1563 1955 1588 1993 7
1612 1953 1680 1994 25.

261 2010 370 2059 ligna
386 2012 516 2060 itaque
535 2010 577 2047 in
596 2011 788 2061 triplicem
805 2022 932 2058 usum,
960 2016 1025 2046 aut
1039 2011 1080 2046 in
1101 2010 1265 2059 lignario
1285 2015 1477 2046 asservata
1497 2007 1548 2044 ad
1566 2018 1686 2045 usum

262 2066 365 2113 ignis
393 2063 628 2115 quotidiani,
668 2065 910 2105 Martial.13
939 2065 1009 2111 153
1047 2072 1112 2101 aut
1139 2063 1189 2102 ad
1218 2065 1403 2101 sacrificia
1436 2064 1554 2103 allata
1583 2062 1683 2113 (noti

264 2118 372 2168 apud
391 2121 556 2157 Graecos
577 2121 746 2169 lignarii,
769 2121 836 2170 qui
852 2121 958 2169 ligna
977 2121 1052 2156 aris
1071 2121 1316 2170 imponerent
1337 2117 1537 2156 adolendis
1551 2119 1683 2164 sacris,

264 2175 431 2211 Pausan.
451 2176 567 2225 prior.
585 2174 748 2224 Eliac.);
785 2181 850 2211 aut
875 2174 1041 2225 denique
1062 2173 1268 2211 struendae
1293 2187 1431 2211 scenae
1456 2180 1495 2210 et
1511 2172 1684 2223 pegmati

265 2229 512 2279 parabantur.
570 2229 673 2278 dixi,
715 2236 759 2266 ut
777 2242 909 2280 spero,
944 2228 1098 2266 abunde
1117 2228 1167 2266 ad
1187 2228 1445 2269 Claudianum
1465 2226 1513 2264 de
1534 2226 1683 2264 consul.

265 2285 403 2320 Manlii
422 2283 641 2322 Theodori:
679 2283 817 2321 mobile
834 2284 1073 2333 ponderibus
1100 2284 1307 2321 descendat
1325 2296 1474 2334 pegma
1498 2282 1679 2319 redactis.

267 2351 344 2389 quo
364 2337 574 2376 admoneor
593 2346 636 2376 ut
654 2340 773 2376 alium
791 2352 843 2376 ex
860 2338 999 2376 eodem
1015 2340 1145 2376 locum
1165 2338 1392 2383 emendem:
1429 2349 1523 2375 nam
1538 2335 1685 2373 ibidem

265 2393 375 2429 nullo
395 2406 511 2430 sensu
527 2395 668 2443 legitur
680 2408 784 2443 puer
798 2401 1073 2444 augmentatus
1088 2395 1131 2430 in
1150 2401 1273 2431 arcem
1291 2394 1436 2430 emicet.
1470 2431 1471 2434 ,
1494 2404 1556 2428 ms
1574 2403 1685 2428 meus

268 2447 368 2484 clare
397 2461 500 2497 puer
527 2456 767 2494 auctoratus,
809 2448 915 2500 quod
942 2456 1055 2486 antea
1080 2450 1140 2485 vir
1164 2461 1328 2498 magnus
1357 2448 1441 2485 sola
1468 2448 1686 2483 coniectura

268 2500 463 2539 docuerat.
520 2503 612 2540 Seu.
632 2504 933 2553 Apocolocynt.:
971 2517 1058 2540 eum
1076 2503 1166 2540 dedi
1180 2504 1318 2548 larvis,
1354 2509 1390 2539 el
1399 2502 1577 2552 proximo
1596 2514 1686 2537 mu-

266 2570 357 2594 nere
372 2558 472 2594 inter
489 2571 575 2602 nos,
609 2565 644 2594 et
662 2565 886 2594 auctoratus
898 2558 1047 2606 ferulis
1066 2558 1254 2606 vapulare
1269 2557 1413 2607 placet.
1474 2563 1513 2593 et
1530 2569 1592 2606 ep.
1610 2558 1684 2596 37:

267 2612 402 2649 eadem
417 2612 674 2650 honestissimi
696 2612 805 2649 illius
830 2619 866 2648 et
884 2613 1002 2649 huius
1025 2613 1236 2662 turpissimi
1259 2612 1553 2650 auctoramenti
1570 2610 1687 2647 verba

265 2674 376 2714 sunt,
404 2668 484 2714 uri,
514 2669 635 2719 virgis
639 2668 827 2720 ferroque
843 2668 986 2706 necari.
1032 2668 1192 2706 Sueten.
1210 2669 1302 2706 Tib.
1321 2671 1366 2710 7:
1394 2667 1578 2706 rudiariis
1598 2665 1687 2716 qui-
