1702 3060
510 89 866 134 IOHANNIDOS
902 90 1006 133 LIB.
1041 90 1098 134 11.

189 201 348 240 miscuit
365 208 405 240 et
422 200 588 240 miseros
610 199 758 253 praeda
777 207 956 253 raptante
977 202 1148 254 subegit.

188 276 342 307 aestuat
364 276 403 308 et
425 272 547 319 curis,
576 271 798 322 iterumque
820 271 1045 322 iterumque
1065 270 1218 308 volutat

188 335 286 390 quid
306 339 425 376 faciat
445 337 603 377 dubius.
660 339 742 375 iam
757 350 865 374 nunc
885 340 1132 376 committere
1150 351 1304 390 pugnas

184 406 308 444 virtus
329 420 484 445 summa
504 413 637 459 parat:
664 407 790 458 pietas
808 403 928 442 modo
945 420 1107 458 parcere
1128 406 1263 456 dictat,

74 471 157 515 295
185 474 334 524 quippe
356 482 400 513 ut
419 477 594 527 captivos
616 475 727 512 nullo
747 472 973 511 discrimine
993 482 1165 527 quasset‚

181 554 252 592 pro
277 543 418 594 quibus
439 556 547 581 arma
565 549 712 580 movet.
769 554 908 579 sensus
931 543 1144 593 vigilanter
1162 542 1332 580 oberrat.

183 609 288 646 inter
305 617 512 664 utrumque
532 611 672 648 volans
691 611 846 647 animus
865 608 1040 647 decernit
1060 618 1099 648 et
1119 610 1262 648 obstat.

181 683 339 728 pectore
358 692 492 730 pugna
509 680 626 717 furit:
656 681 784 730 pietas
808 680 975 716 occurrit
995 686 1034 716 et
1054 680 1126 716 ira.

181 757 228 782 ac
245 745 353 783 velut
371 747 542 797 agricola
563 748 749 785 immistis
772 760 863 784 cum
880 747 1055 785 sentibus
1079 759 1171 783 arva

67 815 150 856 800
176 813 279 850 ferre
300 813 442 854 videns
464 816 621 867 fruges,
657 817 852 854 maerenti
869 822 1026 867 pectore
1047 822 1156 852 curat

174 883 345 934 impiger
361 884 556 922 infaustos
576 885 681 935 agris
698 885 919 922 convellere
935 890 1080 932 sentes,

175 949 248 988 sed
265 958 400 988 movet
415 952 502 1003 ipsa
521 952 662 989 Ceres:
692 953 865 1003 pavitat,
897 950 1167 1003 damnumque
1185 955 1382 1001 repensat,

174 1031 225 1056 ue
246 1019 353 1056 male
373 1017 527 1056 dimissi
542 1017 712 1069 perdant
732 1026 800 1056 aut
818 1018 938 1057 ordea
957 1032 1112 1070 vepres,

173 1093 241 1124 aut
259 1087 360 1128 bene
378 1100 460 1124 non
479 1094 643 1139 pereant
664 1088 795 1125 tristes
817 1100 910 1124 cum
928 1088 1111 1138 frugibus
1134 1085 1304 1123 herbae:

61 1153 144 1197 805
173 1156 229 1193 sic
247 1161 361 1206 pater
379 1153 551 1192 alternas
571 1155 764 1205 pensabat
778 1162 938 1207 pectore
958 1168 1084 1204 curas,

172 1224 304 1261 omnia
321 1223 434 1259 lance
453 1222 646 1274 probans,
676 1225 834 1261 animus
854 1237 932 1276 quo
951 1223 1127 1276 pondere
1148 1229 1286 1273 vergat

171 1289 316 1343 quidve
337 1297 462 1342 gerat.
518 1304 593 1328 nec
614 1298 716 1328 stare
738 1292 857 1340 libet,
887 1305 962 1329 nec
982 1291 1098 1329 dulce
1118 1290 1274 1329 sedenti

169 1360 434 1412 colloquium:
465 1360 583 1396 tacita
602 1359 780 1410 geminat
797 1360 966 1410 suspiria
987 1361 1140 1410 lingua.

170 1426 266 1465 dum
284 1429 386 1465 curis
407 1428 538 1478 agitur
549 1457 559 1475 ‚
590 1425 770 1478 pendens
787 1425 884 1463 dum
899 1433 1038 1477 pectus
1056 1425 1230 1473 anhelat,

0 1495 1 1502 ¹
56 1498 139 1539 310
166 1497 292 1546 surgit
311 1501 351 1531 et
369 1496 412 1532 in
431 1493 574 1531 mediis
593 1494 747 1531 mavult
767 1494 977 1545 confligere
999 1495 1158 1541 castris;

168 1565 277 1616 itque
299 1561 480 1614 reditque
500 1563 604 1610 vias,
633 1562 813 1598 animum
834 1574 1053 1613 corpusque
1075 1562 1262 1611 fatigans.

223 1634 338 1669 Hunc
354 1631 514 1683 paribus
536 1631 638 1668 curis
658 1630 827 1681 flagrans
849 1631 1059 1667 comitatur
1079 1637 1239 1667 euntem

164 1701 484 1751 magnanimum,
516 1698 687 1736 ductoris
705 1696 835 1736 honor
852 1699 1102 1750 nimiumque
1120 1699 1318 1749 benignus

164 1769 396 1819 consiliique
425 1766 543 1805 decus
557 1797 567 1816 ,
598 1767 714 1804 lateri
732 1767 962 1805 Recinarius
983 1766 1167 1805 haerens.

51 1835 134 1879 315
162 1834 270 1874 hunc
286 1834 407 1872 habet
425 1836 468 1871 in
488 1836 616 1872 saevis
634 1833 759 1871 fidum
781 1836 1012 1888 sociumque
1034 1837 1206 1887 periclis,

161 1911 202 1942 et
220 1905 364 1942 virtute
383 1905 515 1942 virum
532 1910 571 1941 et
591 1901 759 1940 discreta
779 1909 912 1940 mente
931 1905 1132 1942 levamen.

161 1972 278 2010 illum
298 1974 418 2011 etiam
438 1972 605 2010 summis
627 1973 731 2008 victo
751 1972 928 2008 Mavorte
950 1970 1164 2023 triumphis

159 2045 218 2076 tot
236 2041 381 2078 nimios
401 2038 548 2090 gaudet
564 2052 700 2077 secum
715 2039 903 2076 tolerasse
925 2039 1081 2076 labores

158 2108 295 2146 Martis
317 2114 356 2146 et
375 2106 427 2145 ad
447 2120 646 2145 smmnaln
665 2107 812 2158 pariter
830 2107 986 2145 venisse
1005 2121 1204 2146 coronam.

46 2177 130 2218 320
159 2182 199 2213 et
221 2183 316 2214 tunc
341 2188 434 2226 ergo
459 2187 590 2213 comes
612 2177 714 2213 curis
733 2188 815 2212 non
834 2176 965 2226 impar
983 2174 1138 2214 anhelis

40 2245 43 2248 ’
155 2244 258 2292 ibat,
289 2250 328 2281 et
347 2244 496 2281 alterno
517 2241 696 2294 placidus
715 2256 896 2281 sermone
914 2243 1087 2281 levabat.

205 2305 354 2350 “Nutat
369 2313 411 2349 in
431 2313 607 2362 angustis
629 2312 739 2348 omni
760 2309 808 2348 de
828 2317 939 2362 parte
958 2312 1118 2362 periclis

155 2375 342 2430 sensus”‚
372 2379 511 2418 ductor
529 2380 604 2427 ait,
630 2374 761 2416 “curis
781 2385 820 2416 et
839 2385 977 2430 pectus
997 2377 1171 2428 anhelat,

157 2445 253 2485 dum
276 2455 411 2487 movet
430 2449 473 2486 in
496 2447 627 2485 dubiis
647 2460 750 2499 quae
772 2449 821 2485 sit
843 2448 999 2486 fortuna
1018 2449 1171 2505 salutis.

43 2513 126 2555 325
153 2517 328 2554 maxima
353 2514 498 2554 damna
518 2515 648 2553 serens
668 2529 800 2553 rerum
822 2518 983 2554 victoria
999 2530 1079 2555 non
1100 2523 1180 2554 est:

786 2649 822 2673 lx

1475 93 1538 138 53

44 2680 110 2714 295
136 2692 181 2715 ne
195 2682 348 2728 captiuos
361 2683 428 2716 uno
447 2684 479 2718 Τ
608 2685 674 2720 301
699 2685 873 2720 infaustos
889 2685 936 2726 Τ,
959 2685 1103 2719 infestos
1118 2685 1159 2719 M
1287 2686 1355 2721 302
1378 2690 1414 2718 ut
1428 2695 1500 2718 mo·-

43 2726 158 2764 uetM
289 2729 359 2763 303
381 2729 516 2764 demissi
534 2730 566 2766 Τ
698 2732 766 2767 314
789 2731 964 2766 ricinarius
982 2733 1023 2766 Τ.
