1702 3060
458 88 790 137 PANEGYRICI
821 82 1133 146 RELIQUIAE.
1468 84 1472 89 ’
1492 85 1526 135 9

47 210 164 247 ivm
188 217 254 243 me
276 202 414 243 'dicere
434 217 572 244 omnes
593 205 774 242 fatentur*
792 203 798 255 Ι
828 231 911 243 .....
911 199 914 202 ’
921 231 948 242 ..
971 217 992 242 r
1006 201 1199 242 hactenus
1220 214 1287 240 me
1305 199 1355 239 de
1377 200 1529 240 actibus

71 274 150 312 tuis
164 261 367 326 aliquanto
393 273 399 325 Ι
430 301 530 311 ......
552 279 590 310 et
608 271 961 326 quidem'multum
981 271 1135 310 dicturo
1152 271 1264 310 obest
1281 271 1374 323 igno
1402 271 1407 323 Ι
1432 285 1530 308 ran-

73 341 144 378 tia.
202 341 324 379 debet
341 354 459 380 nosse
479 353 600 394 quem
617 341 816 393 loquiturr,
831 353 921 377 ‘nec
938 341 1023 378 sola
1050 341 1056 392 Ι
1082 341 1157 378 illa
1178 341 1226 378 cle
1246 342 1341 378 viris
1362 340 1529 378 fortibus

70 407 339 461 praedicanda
363 417 454 449 sunt
476 422 577 463 quae
599 423 655 461 pu
681 409 687 460 Ι
714 407 820 446 blica
836 409 962 460 sama
987 407 1206 446 denuntiat.
1263 422 1359 446 nam
1379 416 1418 446 et
1440 421 1531 446 cum

41 479 236 517 ovictoria
256 492 329 530 per
352 477 359 529 Ι
389 506 490 516 ......
495 505 513 525 ,
542 485 628 515 tum
651 475 880 527 designatur
903 474 980 514 hoc
999 478 1162 514 nomine
1183 476 1379 530 quidquid
1405 477 1411 528 Ι
1438 467 1532 514 eon-

72 544 208 582 talerit
235 545 374 584 favens
403 546 562 584 fortuna
589 546 811 584 bellorum:
840 557 922 582 non
939 552 1075 583 tamen
1101 545 1107 596 Ι
1133 553 1434 583 monumentum
1452 547 1533 582 im-

69 613 158 664 plet
183 614 407 652 animosut
433 615 469 652 si
496 615 596 666 ipsa‘
613 603 756 652 itinera
782 613 788 665 Ι
813 620 933 666 atque
961 615 1148 666 agmina,
1178 621 1217 652 et
1242 616 1376 666 imago
1406 621 1534 652 certa-

70 680 229 718 minum
264 688 304 721 et
337 682 503 722 vulnera
527 682 534 734 Ι
561 690 600 720 et
629 682 784 735 proelia
823 690 863 721 et
894 680 1033 722 hostili
1062 681 1192 736 ¹caede
1223 683 1356 738 pulvis
1391 696 1535 720 cruen-

69 751 176 785 tatus
191 743 214 803 ΙΙ
1380 759 1474 802 -96ῑ
1495 749 1536 787 ·d

479 931 1019 971 FRAGMENTUM
1074 932 1128 968 Π.

630 1041 650 1062 2
790 1042 811 1063 t
952 1041 972 1062 t

68 1098 220 1138 lentem
249 1095 307 1138 in*
326 1100 541 1154 collegium
572 1109 689 1154 togae
718 1109 878 1141 senatus
901 1100 1084 1140 adscivit.
1112 1101 1118 1153 Ι
1143 1113 1214 1153 pro
1232 1098 1296 1140 his
1315 1115 1380 1139 me
1402 1100 1538 1140 laudi-

67 1168 144 1207 'bus
173 1169 251 1208 tals
282 1170 410 1208 Roma
440 1184 531 1208 cum
560 1172 740 1223 principe
772 1173 835 1209 vic
862 1172 868 1223 Ι
893 1178 981 1209 turo
1014 1184 1104 1208 aere
1132 1171 1341 1219 formavit3
1374 1184 1445 1222 pro
1473 1169 1539 1209 his

71 1234 245 1290 denique
282 1252 412 1291 nuper
440 1237 492 1276 ad
522 1237 575 1276 ho
602 1238 608 1290 Ι
634 1241 742 1278 nor1s
771 1241 942 1277 maximi
974 1253 1122 1277 nomen
1151 1240 1222 1277 ille
1254 1241 1435 1277 nascenti
1463 1240 1542 1277 soli

35 1308 192 1358 5proxi
215 1307 222 1359 Ι
246 1320 337 1346 mus
375 1309 592 1360 imperator
626 1310 783 1346 evexit:
831 1309 1035 1346 intellexit
1075 1309 1183 1345 enim
1219 1320 1298 1360 qua
1334 1307 1412 1345 fide
1455 1310 1541 1346 eius

68 1387 166 1426 prae
189 1374 196 1425 Ι
223 1377 347 1414 sentis
383 1383 496 1428 gesta
529 1390 818 1425 memorarem,
864 1377 935 1429 qui
968 1376 1016 1413 de
1046 1377 1220 1414 absentis
1246 1376 1252 1426 Ι
1278 1378 1432 1414 meritis
1460 1390 1545 1414 non

68 1449 256 1481 tacerem.
315 1445 398 1481 iam
437 1444 663 1492 considera,
713 1443 852 1481 ductor
883 1443 889 1493 Ι
925 1445 1091 1492 invicte,
1144 1451 1292 1496 quanta
1331 1445 1406 1482 tibi
1443 1444 1545 1482 haec

69 1512 206 1562 agenti
238 1513 416 1562 praemia
450 1510 548 1549 debe
573 1511 579 1562 Ι
606 1519 743 1559 antur,
773 1524 845 1562 pro
877 1510 1021 1562 quibus
1047 1510 1150 1548 mihi
1179 1518 1290 1549 tanta
1320 1521 1412 1551 sunt
1445 1528 1543 1552 con-

8 1584 61 1620 :10
71 1580 152 1617 lata
179 1580 262 1618 refe
289 1579 295 1633 Ι
321 1581 440 1633 renti.
512 1580 586 1617 tibi
621 1577 787 1632 quidem
819 1579 979 1616 nullum
1019 1592 1231 1617 commune
1261 1584 1416 1632 praemi
1443 1582 1448 1633 Ι
1474 1597 1545 1619 um

69 1661 146 1686 nec
173 1661 247 1702 par
276 1649 417 1685 ceteris
448 1645 578 1685 honor
607 1655 676 1685 aut
706 1648 795 1685 laus
827 1647 963 1699 aliqua
991 1648 1100 1685 usita
1127 1648 1132 1698 Ι
1157 1654 1198 1685 ta
1228 1649 1439 1687 referenda
1468 1658 1543 1688 est.

0 1755 1 1771 Ι
68 1713 196 1754 habes
225 1722 362 1754 tamen
386 1717 707 1767 praemiatricem
731 1715 737 1766 Ι
766 1717 1051 1753 conscientiam
1076 1723 1202 1755 tuam.
1262 1720 1411 1756 etenim
1435 1727 1541 1757 recte

8 1783 60 1821 215
70 1785 267 1823 factorum
293 1784 300 1836 Ι
324 1797 504 1822 sulmnus
540 1784 692 1822 fructus
731 1791 790 1822 est
820 1784 985 1833 secisse3
1029 1798 1104 1822 nec
1132 1785 1263 1823 ullum
1289 1790 1397 1824 virtu
1423 1787 1429 1839 Ι
1455 1795 1542 1826 tum

69 1855 246 1906 pretium
264 1851 431 1904 dignum
448 1853 546 1904 ipsis
566 1860 678 1890 extra
697 1853 806 1904 ipsas
832 1859 904 1890 est.
964 1866 1056 1904 ergo
1082 1853 1088 1904 Ι
1114 1854 1180 1891 vel
1199 1867 1272 1905 ego
1291 1856 1358 1893 vel
1378 1857 1447 1893 alii
1471 1858 1542 1909 qui

69 1923 115 1959 in
138 1919 214 1959 hac
244 1920 404 1958 dicendi
431 1922 677 1974 professione
704 1920 709 1971 Ι
737 1928 850 1969 sunt,
882 1924 1066 1974 quotiens
1096 1922 1145 1959 de
1177 1924 1330 1961 actibus
1357 1926 1436 1961 tuis
1463 1925 1542 1961 ali-

72 2002 152 2042 qua
180 1988 430 2038 disserimus,
458 1989 463 2040 Ι
491 1997 558 2027 aut
584 1992 746 2041 ingenia
773 1998 908 2028 nostra
936 2004 1168 2029 exercemus
1188 1999 1256 2029 aut
1277 1999 1368 2030 vota
1390 2001 1544 2030 cetero-

6 2062 186 2099 {mr-um:
214 2058 221 2110 Ι
246 2065 290 2096 tu
318 2057 392 2096 tibi
415 2059 620 2109 inniteris,
652 2059 704 2099 ad
732 2066 771 2097 te
799 2061 988 2111 respicis,
1018 2073 1093 2098 nec
1119 2061 1251 2098 ullum
1279 2060 1387 2114 quod
1412 2061 1420 2112 Ι
1446 2062 1542 2098 imi-

71 2237 123 2273 let
143 2238 183 2272 t'n
209 2238 364 2274 moribus
389 2249 459 2273 sev.
494 2257 541 2265 —
575 2249 618 2284 pr
641 2250 673 2274 m
696 2240 897 2284 salubritas.
946 2251 981 2274 v.
998 2240 1043 2276 22
1066 2251 1107 2286 pr
1129 2250 1161 2274 m
1187 2239 1344 2286 impleat.
1393 2240 1438 2275 de
1464 2252 1547 2276 arou

70 2283 264 2330 triumphali
280 2296 397 2319 sermo
407 2295 484 2319 esse
498 2285 645 2320 videtur.

164 2331 310 2366 Fama.
327 2331 362 2365 11
386 2343 420 2376 p.
440 2333 458 2366 1
482 2343 517 2366 v.
538 2334 567 2366 1.
617 2333 802 2378 collegium
830 2338 938 2378 togae
963 2331 1007 2366 de
1031 2335 1152 2366 senatu
1179 2331 1350 2377 intelligo,
1382 2336 1421 2367 ut
1444 2337 1547 2378 togae

73 2385 154 2411 usus
166 2404 177 2421 ,
198 2376 264 2411 iam
288 2378 346 2411 diu
364 2382 443 2411 ante
461 2390 502 2412 ex
519 2377 590 2411 vita
606 2379 770 2412 communi
786 2379 933 2412 abolitus
944 2403 955 2420 ,
980 2378 1015 2412 in
1032 2378 1124 2412 curia
1139 2383 1292 2412 retentus
1309 2379 1425 2414 fuerit.
1473 2392 1507 2414 v.
1525 2383 1549 2416 2

73 2432 170 2500 εἻᾳ.
191 2423 271 2457 vide
293 2435 382 2470 quae
406 2424 442 2457 in
469 2424 685 2470 praefatione
709 2425 752 2458 de
775 2425 929 2459 hocloco
946 2424 1026 2458 dixi.
1074 2425 1187 2459 Roma
1205 2437 1282 2459 cum
1297 2426 1458 2471 *principe
1472 2427 1547 2460 fere

72 2466 124 2501 sol
136 2469 240 2503 emnia
254 2469 289 2503 in
304 2470 368 2504 hoc
385 2470 520 2516 negotio
539 2470 666 2504 locutio
683 2482 758 2504 esse
772 2470 920 2514 videtur,
941 2471 1026 2505 utin
1043 2471 1283 2523 epigrammate
1298 2472 1341 2510 de
1359 2472 1546 2506 Claudiano

72 2509 192 2558 Ῥώμη
210 2514 274 2549 καὶ
288 2515 461 2564 βασιλεῖς,
513 2527 547 2550 ν.
565 2517 588 2554 3
610 2518 717 2552 honor
734 2518 904 2553 maximus
919 2522 1013 2551 certe
1029 2517 1225 2554 consulatus
1241 2522 1315 2561 est,
1339 2529 1456 2552 verum
1473 2519 1546 2553 eius

73 2570 196 2593 nomen
220 2571 288 2595 non
314 2561 358 2600 de
380 2563 528 2597 fascibus
542 2563 605 2597 sed
620 2563 663 2598 de
679 2564 841 2598 codicillis
857 2564 1051 2598 oonsulatus
1062 2563 1284 2609 interpretor.
1331 2575 1371 2598 ac
1386 2565 1542 2609 profecto

75 2615 188 2650 neque
213 2603 430 2655 Merobaudis
453 2610 575 2651 huius,
600 2621 710 2655 neque
735 2610 820 2645 alius
844 2610 898 2644 cui
914 2611 1000 2645 haec
1016 2610 1123 2644 oratio
1137 2610 1238 2644 tribui
1256 2622 1357 2655 posse
1372 2610 1542 2652 videatur,

75 2661 199 2684 nomen
220 2651 256 2685 in
279 2652 365 2688 illius
386 2655 463 2695 aevi
486 2654 584 2693 fastis
606 2655 774 2700 signatum
801 2661 864 2691 est.
911 2668 948 2691 v.
963 2657 987 2691 4
1009 2656 1195 2702 imperator
1213 2657 1375 2690 Orientis.
1399 2675 1444 2681 —-
1467 2667 1503 2690 v.
1519 2655 1542 2691 5

73 2696 247 2731 intellexit
259 2698 302 2732 ab
318 2700 532 2736 emendatore
545 2701 696 2736 additum
712 2702 786 2737 fuit.
803 2723 848 2729 —
864 2714 901 2738 v.
918 2705 941 2746 8
964 2707 1043 2754 post
1057 2703 1122 2737 tibi
1136 2714 1179 2748 pr
1193 2714 1225 2736 m
1240 2715 1264 2736 a
1279 2701 1476 2746 scripserat.
1495 2722 1542 2729 —

75 2752 114 2777 V·
131 2745 177 2780 10
191 2754 233 2789 pt
247 2754 279 2780 m
290 2747 472 2792 premcum.
495 2765 540 2774 -
563 2749 653 2784 v.20
665 2760 708 2797 pr
722 2760 756 2784 m
771 2754 877 2787 ostra.
900 2768 947 2782 m-
969 2761 1006 2788 v.
1019 2750 1065 2788 23
1089 2749 1165 2795 quis
1179 2748 1246 2784 iste
1259 2748 1447 2794 triumphus
1464 2748 1541 2783 fue.-
