<?xml version="1.0" encoding="UTF-8"?>
<!DOCTYPE html PUBLIC "-//W3C//DTD XHTML 1.0 Transitional//EN"
    "http://www.w3.org/TR/xhtml1/DTD/xhtml1-transitional.dtd">
<html xmlns="http://www.w3.org/1999/xhtml" xml:lang="en" lang="en">
 <head>
  <title>
</title>
<meta http-equiv="Content-Type" content="text/html;charset=utf-8" />
  <meta name='ocr-system' content='tesseract 3.04.00' />
  <meta name='ocr-capabilities' content='ocr_page ocr_carea ocr_par ocr_line ocrx_word'/>
</head>
<body>
  <div class='ocr_page' id='page_1' title='image "./corpusscriptorum35niebuoft_0513.png"; bbox 0 0 1702 3060; ppageno 0'>
   <div class='ocr_carea' id='block_1_1' title="bbox 474 28 1516 104">
    <p class='ocr_par' dir='ltr' id='par_1_1' title="bbox 474 28 1516 104">
     <span class='ocr_line' id='line_1_1' title="bbox 474 28 1516 104; baseline 0.002 -2"><span class='ocrx_word' id='word_1_1' title='bbox 474 57 551 102; x_wconf 85' lang='lat' dir='ltr'>DE</span> <span class='ocrx_word' id='word_1_2' title='bbox 582 55 859 102; x_wconf 74' lang='lat' dir='ltr'>mmmus</span> <span class='ocrx_word' id='word_1_3' title='bbox 890 28 1122 102; x_wconf 67' lang='lat' dir='ltr'>rusi-m.</span> <span class='ocrx_word' id='word_1_4' title='bbox 1417 55 1516 104; x_wconf 80' lang='lat'>437</span> 
     </span>
    </p>
   </div>
   <div class='ocr_carea' id='block_1_2' title="bbox 0 162 1528 2133">
    <p class='ocr_par' dir='ltr' id='par_1_2' title="bbox 62 162 1520 277">
     <span class='ocr_line' id='line_1_2' title="bbox 65 162 1520 222; baseline -0.002 -14"><span class='ocrx_word' id='word_1_5' title='bbox 65 175 253 222; x_wconf 81' lang='lat' dir='ltr'>argenteo</span> <span class='ocrx_word' id='word_1_6' title='bbox 271 168 358 208; x_wconf 86' lang='lat' dir='ltr'>eius</span> <span class='ocrx_word' id='word_1_7' title='bbox 372 171 539 207; x_wconf 85' lang='lat' dir='ltr'>nummo</span> <span class='ocrx_word' id='word_1_8' title='bbox 550 169 729 206; x_wconf 78' lang='lat' dir='ltr'>Arabicis</span> <span class='ocrx_word' id='word_1_9' title='bbox 745 169 887 207; x_wconf 86' lang='lat' dir='ltr'>litteris</span> <span class='ocrx_word' id='word_1_10' title='bbox 901 169 1104 221; x_wconf 83' lang='lat' dir='ltr'>inscripto.</span> <span class='ocrx_word' id='word_1_11' title='bbox 1132 162 1225 206; x_wconf 62' lang='lat' dir='ltr'>vide&#39;</span> <span class='ocrx_word' id='word_1_12' title='bbox 1235 166 1520 218; x_wconf 79' lang='lat' dir='ltr'>Du-Cangium</span> 
     </span>
     <span class='ocr_line' id='line_1_3' title="bbox 62 223 1491 277; baseline -0.001 -12"><span class='ocrx_word' id='word_1_13' title='bbox 62 227 107 266; x_wconf 81' lang='lat' dir='ltr'>in</span> <span class='ocrx_word' id='word_1_14' title='bbox 126 227 230 267; x_wconf 71' lang='lat' dir='ltr'>nist.</span> <span class='ocrx_word' id='word_1_15' title='bbox 249 226 292 268; x_wconf 90' lang='lat' dir='ltr'>S.</span> <span class='ocrx_word' id='word_1_16' title='bbox 310 224 505 264; x_wconf 83' lang='lat' dir='ltr'>Ludovici</span> <span class='ocrx_word' id='word_1_17' title='bbox 523 226 766 263; x_wconf 78' lang='lat' dir='ltr'><strong>Francorum</strong></span> <span class='ocrx_word' id='word_1_18' title='bbox 782 226 888 276; x_wconf 85' lang='lat' dir='ltr'>regis</span> <span class='ocrx_word' id='word_1_19' title='bbox 906 238 992 277; x_wconf 87' lang='lat' dir='ltr'>par.</span> <span class='ocrx_word' id='word_1_20' title='bbox 1012 228 1040 267; x_wconf 87' lang='lat'><strong>2</strong></span> <span class='ocrx_word' id='word_1_21' title='bbox 1063 223 1218 263; x_wconf 85' lang='lat' dir='ltr'>dissert.</span> <span class='ocrx_word' id='word_1_22' title='bbox 1238 226 1307 266; x_wconf 83' lang='lat'>16.</span> <span class='ocrx_word' id='word_1_23' title='bbox 1361 225 1491 264; x_wconf 70' lang='lat' dir='ltr'>Foco.</span> 
     </span>
    </p>

    <p class='ocr_par' dir='ltr' id='par_1_3' title="bbox 175 280 1464 333">
     <span class='ocr_line' id='line_1_4' title="bbox 175 280 1464 333; baseline -0.002 -9"><span class='ocrx_word' id='word_1_24' title='bbox 175 284 273 324; x_wconf 75' lang='lat'><strong>393.</strong></span> <span class='ocrx_word' id='word_1_25' title='bbox 331 283 533 333; x_wconf 66' lang='lat' dir='ltr'>optamus]</span> <span class='ocrx_word' id='word_1_26' title='bbox 564 280 766 319; x_wconf 72' lang='lat' dir='ltr'>obstamus</span> <span class='ocrx_word' id='word_1_27' title='bbox 783 283 918 331; x_wconf 64' lang='lat' dir='ltr'>Ovet„</span> <span class='ocrx_word' id='word_1_28' title='bbox 946 288 1044 333; x_wconf 88' lang='lat' dir='ltr'>puto</span> <span class='ocrx_word' id='word_1_29' title='bbox 1062 282 1222 319; x_wconf 87' lang='lat' dir='ltr'>melius.</span> <span class='ocrx_word' id='word_1_30' title='bbox 1278 281 1464 321; x_wconf 65' lang='lat' dir='ltr'>Dmn’sr.</span> 
     </span>
    </p>

    <p class='ocr_par' dir='ltr' id='par_1_4' title="bbox 62 336 1521 434">
     <span class='ocr_line' id='line_1_5' title="bbox 176 336 1521 390; baseline 0 -16"><span class='ocrx_word' id='word_1_31' title='bbox 176 340 275 381; x_wconf 83' lang='lat'><strong>398.</strong></span> <span class='ocrx_word' id='word_1_32' title='bbox 330 339 506 390; x_wconf 73' lang='lat' dir='ltr'>sperate]</span> <span class='ocrx_word' id='word_1_33' title='bbox 553 351 626 390; x_wconf 86' lang='lat' dir='ltr'>pro</span> <span class='ocrx_word' id='word_1_34' title='bbox 663 339 818 384; x_wconf 80' lang='lat' dir='ltr'>timete,</span> <span class='ocrx_word' id='word_1_35' title='bbox 858 345 903 376; x_wconf 88' lang='lat' dir='ltr'>ut</span> <span class='ocrx_word' id='word_1_36' title='bbox 937 336 1046 390; x_wconf 83' lang='lat' dir='ltr'>apud</span> <span class='ocrx_word' id='word_1_37' title='bbox 1074 338 1215 390; x_wconf 80' lang='lat' dir='ltr'>virgil.</span> <span class='ocrx_word' id='word_1_38' title='bbox 1240 339 1342 376; x_wconf 88' lang='lat' dir='ltr'>Aen.</span> <span class='ocrx_word' id='word_1_39' title='bbox 1372 338 1395 378; x_wconf 88' lang='lat'>1</span> <span class='ocrx_word' id='word_1_40' title='bbox 1425 337 1521 379; x_wconf 78' lang='lat'><strong>547.</strong></span> 
     </span>
     <span class='ocr_line' id='line_1_6' title="bbox 62 394 188 434; baseline 0.008 -1"><span class='ocrx_word' id='word_1_41' title='bbox 62 394 188 434; x_wconf 75' lang='lat' dir='ltr'>Rrr&#39;r.</span> 
     </span>
    </p>

    <p class='ocr_par' dir='ltr' id='par_1_5' title="bbox 0 446 1527 1064">
     <span class='ocr_line' id='line_1_7' title="bbox 175 446 1523 502; baseline -0.003 -12"><span class='ocrx_word' id='word_1_42' title='bbox 175 448 272 491; x_wconf 75' lang='grc'><strong>405.</strong></span> <span class='ocrx_word' id='word_1_43' title='bbox 328 446 439 488; x_wconf 79' lang='lat' dir='ltr'>hisce</span> <span class='ocrx_word' id='word_1_44' title='bbox 463 450 586 500; x_wconf 85' lang='lat' dir='ltr'>igitur</span> <span class='ocrx_word' id='word_1_45' title='bbox 603 450 729 488; x_wconf 81' lang='lat' dir='ltr'>tribus</span> <span class='ocrx_word' id='word_1_46' title='bbox 749 449 863 488; x_wconf 85' lang='lat' dir='ltr'>libris</span> <span class='ocrx_word' id='word_1_47' title='bbox 886 450 1082 502; x_wconf 81' lang='lat' dir='ltr'>Corippus</span> <span class='ocrx_word' id='word_1_48' title='bbox 1102 450 1177 488; x_wconf 83' lang='lat' dir='ltr'>sibi</span> <span class='ocrx_word' id='word_1_49' title='bbox 1197 456 1452 502; x_wconf 81' lang='lat' dir='ltr'><strong>proposuerat</strong></span> <span class='ocrx_word' id='word_1_50' title='bbox 1477 461 1523 487; x_wconf 77' lang='lat' dir='ltr'>ea</span> 
     </span>
     <span class='ocr_line' id='line_1_8' title="bbox 64 503 1523 558; baseline -0.002 -13"><span class='ocrx_word' id='word_1_51' title='bbox 64 506 196 545; x_wconf 79' lang='lat' dir='ltr'>solum</span> <span class='ocrx_word' id='word_1_52' title='bbox 215 503 347 543; x_wconf 85' lang='lat' dir='ltr'>dicere</span> <span class='ocrx_word' id='word_1_53' title='bbox 366 518 469 557; x_wconf 81' lang='lat' dir='ltr'>quae</span> <span class='ocrx_word' id='word_1_54' title='bbox 486 507 589 543; x_wconf 79' lang='lat' dir='ltr'>facta</span> <span class='ocrx_word' id='word_1_55' title='bbox 606 507 767 543; x_wconf 79' lang='lat' dir='ltr'>suerunt</span> <span class='ocrx_word' id='word_1_56' title='bbox 789 519 812 544; x_wconf 91' lang='lat' dir='ltr'>a</span> <span class='ocrx_word' id='word_1_57' title='bbox 832 505 898 544; x_wconf 84' lang='lat' dir='ltr'>die</span> <span class='ocrx_word' id='word_1_58' title='bbox 922 506 974 548; x_wconf 84' lang='lat'>14</span> <span class='ocrx_word' id='word_1_59' title='bbox 996 507 1230 545; x_wconf 81' lang='lat' dir='ltr'>Novembris</span> <span class='ocrx_word' id='word_1_60' title='bbox 1251 519 1288 543; x_wconf 92' lang='lat' dir='ltr'>a.</span> <span class='ocrx_word' id='word_1_61' title='bbox 1311 506 1415 554; x_wconf 88' lang='grc'><strong>565,</strong></span> <span class='ocrx_word' id='word_1_62' title='bbox 1446 518 1523 558; x_wconf 81' lang='lat' dir='ltr'>qua</span> 
     </span>
     <span class='ocr_line' id='line_1_9' title="bbox 65 560 1525 615; baseline -0.001 -15"><span class='ocrx_word' id='word_1_63' title='bbox 65 562 307 600; x_wconf 77' lang='lat' dir='ltr'>lastinianus</span> <span class='ocrx_word' id='word_1_64' title='bbox 323 562 433 610; x_wconf 89' lang='lat' dir='ltr'>obiit,</span> <span class='ocrx_word' id='word_1_65' title='bbox 464 561 516 599; x_wconf 88' lang='lat' dir='ltr'>ad</span> <span class='ocrx_word' id='word_1_66' title='bbox 530 560 723 600; x_wconf 78' lang='lat' dir='ltr'><strong>kalendas</strong></span> <span class='ocrx_word' id='word_1_67' title='bbox 738 564 954 611; x_wconf 86' lang='lat' dir='ltr'>Ianuarias,</span> <span class='ocrx_word' id='word_1_68' title='bbox 986 563 1131 615; x_wconf 86' lang='lat' dir='ltr'>quibus</span> <span class='ocrx_word' id='word_1_69' title='bbox 1149 564 1336 610; x_wconf 87' lang='lat' dir='ltr'>Iustinus,</span> <span class='ocrx_word' id='word_1_70' title='bbox 1358 563 1422 600; x_wconf 82' lang='lat' dir='ltr'>vel</span> <span class='ocrx_word' id='word_1_71' title='bbox 1438 564 1525 613; x_wconf 87' lang='lat' dir='ltr'>ipsa</span> 
     </span>
     <span class='ocr_line' id='line_1_10' title="bbox 66 616 1526 670; baseline -0.001 -14"><span class='ocrx_word' id='word_1_72' title='bbox 66 617 209 657; x_wconf 83' lang='lat' dir='ltr'>eadem</span> <span class='ocrx_word' id='word_1_73' title='bbox 227 616 292 655; x_wconf 80' lang='lat' dir='ltr'>die</span> <span class='ocrx_word' id='word_1_74' title='bbox 306 618 372 655; x_wconf 82' lang='lat' dir='ltr'>vel</span> <span class='ocrx_word' id='word_1_75' title='bbox 389 617 581 670; x_wconf 79' lang='lat' dir='ltr'><strong>postridie</strong></span> <span class='ocrx_word' id='word_1_76' title='bbox 602 619 732 656; x_wconf 86' lang='lat' dir='ltr'>obitus</span> <span class='ocrx_word' id='word_1_77' title='bbox 747 621 969 668; x_wconf 87' lang='lat' dir='ltr'>Iustiniani,</span> <span class='ocrx_word' id='word_1_78' title='bbox 998 621 1215 670; x_wconf 82' lang='lat' dir='ltr'>imperator</span> <span class='ocrx_word' id='word_1_79' title='bbox 1232 619 1408 657; x_wconf 83' lang='lat' dir='ltr'>sublatus</span> <span class='ocrx_word' id='word_1_80' title='bbox 1430 631 1526 656; x_wconf 89' lang='lat' dir='ltr'>con-</span> 
     </span>
     <span class='ocr_line' id='line_1_11' title="bbox 66 675 1526 728; baseline -0.001 -15"><span class='ocrx_word' id='word_1_81' title='bbox 66 675 242 714; x_wconf 76' lang='lat' dir='ltr'>sulatum</span> <span class='ocrx_word' id='word_1_82' title='bbox 271 675 376 712; x_wconf 84' lang='lat' dir='ltr'>iniit.</span> <span class='ocrx_word' id='word_1_83' title='bbox 434 676 623 726; x_wconf 87' lang='lat' dir='ltr'>quoniam</span> <span class='ocrx_word' id='word_1_84' title='bbox 650 688 744 712; x_wconf 84' lang='lat' dir='ltr'>vero</span> <span class='ocrx_word' id='word_1_85' title='bbox 765 688 868 728; x_wconf 88' lang='lat' dir='ltr'>quae</span> <span class='ocrx_word' id='word_1_86' title='bbox 887 675 1124 714; x_wconf 86' lang='lat' dir='ltr'>intermedio</span> <span class='ocrx_word' id='word_1_87' title='bbox 1146 689 1194 713; x_wconf 86' lang='lat' dir='ltr'>eo</span> <span class='ocrx_word' id='word_1_88' title='bbox 1218 682 1396 726; x_wconf 86' lang='lat' dir='ltr'>tempore</span> <span class='ocrx_word' id='word_1_89' title='bbox 1418 688 1440 711; x_wconf 83' lang='lat' dir='ltr'>a</span> <span class='ocrx_word' id='word_1_90' title='bbox 1457 677 1526 712; x_wconf 91' lang='lat' dir='ltr'>Iu-</span> 
     </span>
     <span class='ocr_line' id='line_1_12' title="bbox 65 729 1526 784; baseline -0.001 -15"><span class='ocrx_word' id='word_1_91' title='bbox 65 732 169 769; x_wconf 81' lang='lat' dir='ltr'>stino</span> <span class='ocrx_word' id='word_1_92' title='bbox 188 729 377 781; x_wconf 85' lang='lat' dir='ltr'>disposita</span> <span class='ocrx_word' id='word_1_93' title='bbox 396 738 502 779; x_wconf 86' lang='lat' dir='ltr'>sunt,</span> <span class='ocrx_word' id='word_1_94' title='bbox 531 730 752 768; x_wconf 89' lang='lat' dir='ltr'>secundum</span> <span class='ocrx_word' id='word_1_95' title='bbox 774 731 955 769; x_wconf 84' lang='lat' dir='ltr'>ordinem</span> <span class='ocrx_word' id='word_1_96' title='bbox 977 738 1215 784; x_wconf 85' lang='lat' dir='ltr'>temporum,</span> <span class='ocrx_word' id='word_1_97' title='bbox 1246 732 1391 784; x_wconf 89' lang='lat' dir='ltr'>quibus</span> <span class='ocrx_word' id='word_1_98' title='bbox 1411 730 1526 768; x_wconf 87' lang='lat' dir='ltr'>dein-</span> 
     </span>
     <span class='ocr_line' id='line_1_13' title="bbox 66 787 1526 839; baseline 0 -14"><span class='ocrx_word' id='word_1_99' title='bbox 66 792 157 839; x_wconf 76' lang='lat' dir='ltr'>ceps</span> <span class='ocrx_word' id='word_1_100' title='bbox 184 787 372 824; x_wconf 79' lang='lat' dir='ltr'>feliciter</span> <span class='ocrx_word' id='word_1_101' title='bbox 379 794 491 838; x_wconf 83' lang='lat' dir='ltr'>gesta</span> <span class='ocrx_word' id='word_1_102' title='bbox 518 788 700 836; x_wconf 84' lang='lat' dir='ltr'>fuerunt,</span> <span class='ocrx_word' id='word_1_103' title='bbox 732 788 1023 826; x_wconf 81' lang='lat' dir='ltr'>celebraturum</span> <span class='ocrx_word' id='word_1_104' title='bbox 1044 802 1088 827; x_wconf 90' lang='lat' dir='ltr'>se</span> <span class='ocrx_word' id='word_1_105' title='bbox 1110 788 1196 826; x_wconf 82' lang='lat' dir='ltr'>fore</span> <span class='ocrx_word' id='word_1_106' title='bbox 1220 788 1412 839; x_wconf 73' lang='lat' dir='ltr'>Cor-ippus</span> <span class='ocrx_word' id='word_1_107' title='bbox 1430 801 1526 839; x_wconf 88' lang='lat' dir='ltr'>pro-</span> 
     </span>
     <span class='ocr_line' id='line_1_14' title="bbox 63 842 1526 897; baseline 0 -17"><span class='ocrx_word' id='word_1_108' title='bbox 63 844 206 891; x_wconf 77' lang='lat' dir='ltr'>mittit,</span> <span class='ocrx_word' id='word_1_109' title='bbox 237 842 425 895; x_wconf 77' lang='lat' dir='ltr'>equidem</span> <span class='ocrx_word' id='word_1_110' title='bbox 458 851 554 895; x_wconf 86' lang='lat' dir='ltr'>puto</span> <span class='ocrx_word' id='word_1_111' title='bbox 575 857 656 881; x_wconf 90' lang='lat' dir='ltr'>non</span> <span class='ocrx_word' id='word_1_112' title='bbox 679 857 779 892; x_wconf 86' lang='lat' dir='ltr'>uno,</span> <span class='ocrx_word' id='word_1_113' title='bbox 811 846 880 897; x_wconf 89' lang='lat' dir='ltr'>qui</span> <span class='ocrx_word' id='word_1_114' title='bbox 903 846 1103 897; x_wconf 84' lang='lat' dir='ltr'>sequitur,</span> <span class='ocrx_word' id='word_1_115' title='bbox 1136 851 1275 896; x_wconf 83' lang='lat' dir='ltr'>quarto</span> <span class='ocrx_word' id='word_1_116' title='bbox 1296 845 1420 892; x_wconf 84' lang='lat' dir='ltr'>libro,</span> <span class='ocrx_word' id='word_1_117' title='bbox 1454 843 1526 881; x_wconf 88' lang='lat' dir='ltr'>sed</span> 
     </span>
     <span class='ocr_line' id='line_1_15' title="bbox 0 898 1526 952; baseline 0 -15"><span class='ocrx_word' id='word_1_118' title='bbox 0 901 1 904; x_wconf 71' lang='grc'>’</span> <span class='ocrx_word' id='word_1_119' title='bbox 64 898 305 952; x_wconf 86' lang='lat' dir='ltr'>quibusdam</span> <span class='ocrx_word' id='word_1_120' title='bbox 335 900 434 938; x_wconf 83' lang='lat' dir='ltr'>aliis·</span> <span class='ocrx_word' id='word_1_121' title='bbox 454 907 688 950; x_wconf 81' lang='lat' dir='ltr'>conceptum</span> <span class='ocrx_word' id='word_1_122' title='bbox 717 913 816 951; x_wconf 88' lang='lat' dir='ltr'>opus</span> <span class='ocrx_word' id='word_1_123' title='bbox 846 901 1049 940; x_wconf 78' lang='lat' dir='ltr'>clausisse.</span> <span class='ocrx_word' id='word_1_124' title='bbox 1106 914 1247 938; x_wconf 78' lang='lat' dir='ltr'>verum</span> <span class='ocrx_word' id='word_1_125' title='bbox 1267 899 1373 937; x_wconf 83' lang='lat' dir='ltr'>edax</span> <span class='ocrx_word' id='word_1_126' title='bbox 1396 913 1526 937; x_wconf 87' lang='lat' dir='ltr'>rerum</span> 
     </span>
     <span class='ocr_line' id='line_1_16' title="bbox 44 955 1527 1008; baseline 0.001 -16"><span class='ocrx_word' id='word_1_127' title='bbox 44 962 221 1007; x_wconf 53' lang='lat' dir='ltr'>*tempus</span> <span class='ocrx_word' id='word_1_128' title='bbox 250 968 332 993; x_wconf 89' lang='lat' dir='ltr'>non</span> <span class='ocrx_word' id='word_1_129' title='bbox 362 955 484 994; x_wconf 90' lang='lat' dir='ltr'>modo</span> <span class='ocrx_word' id='word_1_130' title='bbox 515 957 692 1008; x_wconf 83' lang='lat' dir='ltr'>reliquos</span> <span class='ocrx_word' id='word_1_131' title='bbox 717 957 894 994; x_wconf 78' lang='lat' dir='ltr'>furatum</span> <span class='ocrx_word' id='word_1_132' title='bbox 915 963 974 995; x_wconf 87' lang='lat' dir='ltr'>est</span> <span class='ocrx_word' id='word_1_133' title='bbox 996 957 1112 996; x_wconf 84' lang='lat' dir='ltr'>nobis</span> <span class='ocrx_word' id='word_1_134' title='bbox 1131 957 1277 1005; x_wconf 85' lang='lat' dir='ltr'>libros,</span> <span class='ocrx_word' id='word_1_135' title='bbox 1307 955 1380 995; x_wconf 88' lang='lat' dir='ltr'>sed</span> <span class='ocrx_word' id='word_1_136' title='bbox 1407 958 1527 994; x_wconf 83' lang='lat' dir='ltr'>etiam</span> 
     </span>
     <span class='ocr_line' id='line_1_17' title="bbox 62 1011 868 1064; baseline 0 -15"><span class='ocrx_word' id='word_1_137' title='bbox 62 1013 194 1064; x_wconf 85' lang='lat' dir='ltr'>quarti</span> <span class='ocrx_word' id='word_1_138' title='bbox 213 1011 307 1048; x_wconf 83' lang='lat' dir='ltr'>libri</span> <span class='ocrx_word' id='word_1_139' title='bbox 329 1013 680 1064; x_wconf 84' lang='lat' dir='ltr'>complementum.</span> <span class='ocrx_word' id='word_1_140' title='bbox 736 1013 868 1050; x_wconf 74' lang='lat' dir='ltr'>Foco.</span> 
     </span>
    </p>

    <p class='ocr_par' dir='ltr' id='par_1_6' title="bbox 57 1067 1528 1444">
     <span class='ocr_line' id='line_1_18' title="bbox 173 1067 1526 1120; baseline 0.001 -15"><span class='ocrx_word' id='word_1_141' title='bbox 173 1069 299 1106; x_wconf 61' lang='lat' dir='ltr'>Luam</span> <span class='ocrx_word' id='word_1_142' title='bbox 318 1067 346 1108; x_wconf 81' lang='lat'>4</span> <span class='ocrx_word' id='word_1_143' title='bbox 374 1082 414 1106; x_wconf 79' lang='lat' dir='ltr'>v.</span> <span class='ocrx_word' id='word_1_144' title='bbox 437 1069 478 1109; x_wconf 82' lang='lat'>4.</span> <span class='ocrx_word' id='word_1_145' title='bbox 536 1068 685 1120; x_wconf 79' lang='lat' dir='ltr'>legum.</span> <span class='ocrx_word' id='word_1_146' title='bbox 744 1068 971 1120; x_wconf 77' lang='lat' dir='ltr'>praefectus</span> <span class='ocrx_word' id='word_1_147' title='bbox 1003 1069 1114 1106; x_wconf 85' lang='lat' dir='ltr'>urbis</span> <span class='ocrx_word' id='word_1_148' title='bbox 1140 1067 1300 1107; x_wconf 87' lang='lat' dir='ltr'>iudiciis</span> <span class='ocrx_word' id='word_1_149' title='bbox 1331 1076 1526 1119; x_wconf 79' lang='lat' dir='ltr'>praeerat.</span> 
     </span>
     <span class='ocr_line' id='line_1_19' title="bbox 62 1122 1527 1177; baseline 0 -15"><span class='ocrx_word' id='word_1_150' title='bbox 62 1123 287 1162; x_wconf 79' lang='lat' dir='ltr'>cassiodor.</span> <span class='ocrx_word' id='word_1_151' title='bbox 308 1122 336 1164; x_wconf 81' lang='lat'>4</span> <span class='ocrx_word' id='word_1_152' title='bbox 355 1138 420 1176; x_wconf 88' lang='lat' dir='ltr'>ep.</span> <span class='ocrx_word' id='word_1_153' title='bbox 444 1124 513 1173; x_wconf 78' lang='grc'>41,</span> <span class='ocrx_word' id='word_1_154' title='bbox 547 1128 568 1165; x_wconf 88' lang='grc'><strong>1</strong></span> <span class='ocrx_word' id='word_1_155' title='bbox 590 1138 654 1176; x_wconf 86' lang='lat' dir='ltr'>ep.</span> <span class='ocrx_word' id='word_1_156' title='bbox 673 1125 751 1166; x_wconf 83' lang='lat'>31:</span> <span class='ocrx_word' id='word_1_157' title='bbox 781 1126 948 1162; x_wconf 65' lang='lat' dir='ltr'>moverit</span> <span class='ocrx_word' id='word_1_158' title='bbox 965 1138 1005 1162; x_wconf 72' lang='lat' dir='ltr'>se</span> <span class='ocrx_word' id='word_1_159' title='bbox 1024 1139 1051 1162; x_wconf 87' lang='lat' dir='ltr'>a</span> <span class='ocrx_word' id='word_1_160' title='bbox 1061 1126 1270 1176; x_wconf 66' lang='lat' dir='ltr'>praejecto</span> <span class='ocrx_word' id='word_1_161' title='bbox 1291 1125 1401 1162; x_wconf 62' lang='lat' dir='ltr'>urbia</span> <span class='ocrx_word' id='word_1_162' title='bbox 1424 1125 1527 1177; x_wconf 78' lang='lat' dir='ltr'>legi—</span> 
     </span>
     <span class='ocr_line' id='line_1_20' title="bbox 62 1179 1528 1232; baseline 0.001 -15"><span class='ocrx_word' id='word_1_163' title='bbox 62 1179 138 1217; x_wconf 73' lang='lat' dir='ltr'>bus·</span> <span class='ocrx_word' id='word_1_164' title='bbox 153 1179 420 1227; x_wconf 82' lang='lat' dir='ltr'>audiendum,</span> <span class='ocrx_word' id='word_1_165' title='bbox 446 1187 491 1217; x_wconf 82' lang='lat' dir='ltr'>ut</span> <span class='ocrx_word' id='word_1_166' title='bbox 500 1194 578 1231; x_wconf 85' lang='lat' dir='ltr'>pro</span> <span class='ocrx_word' id='word_1_167' title='bbox 580 1181 695 1232; x_wconf 84' lang='lat' dir='ltr'>sacti</span> <span class='ocrx_word' id='word_1_168' title='bbox 709 1181 906 1231; x_wconf 76' lang='lat' dir='ltr'>qualitate</span> <span class='ocrx_word' id='word_1_169' title='bbox 919 1181 1141 1218; x_wconf 67' lang='lat' dir='ltr'>discussam</span> <span class='ocrx_word' id='word_1_170' title='bbox 1160 1182 1332 1231; x_wconf 77' lang='lat' dir='ltr'>excipiat</span> <span class='ocrx_word' id='word_1_171' title='bbox 1338 1182 1528 1232; x_wconf 80' lang='lat' dir='ltr'>promul-</span> 
     </span>
     <span class='ocr_line' id='line_1_21' title="bbox 57 1236 1528 1288; baseline 0 -14"><span class='ocrx_word' id='word_1_172' title='bbox 57 1243 205 1288; x_wconf 65' lang='lat' dir='ltr'>gaiam</span> <span class='ocrx_word' id='word_1_173' title='bbox 232 1237 319 1274; x_wconf 76' lang='lat' dir='ltr'>iure</span> <span class='ocrx_word' id='word_1_174' title='bbox 347 1238 596 1274; x_wconf 66' lang='lat' dir='ltr'>sententiam.</span> <span class='ocrx_word' id='word_1_175' title='bbox 658 1239 796 1274; x_wconf 81' lang='lat' dir='ltr'>Iuven.</span> <span class='ocrx_word' id='word_1_176' title='bbox 827 1237 854 1278; x_wconf 86' lang='lat'>4</span> <span class='ocrx_word' id='word_1_177' title='bbox 884 1236 934 1274; x_wconf 87' lang='lat' dir='ltr'>de</span> <span class='ocrx_word' id='word_1_178' title='bbox 960 1239 1142 1288; x_wconf 79' lang='lat' dir='ltr'>Pegaso.</span> <span class='ocrx_word' id='word_1_179' title='bbox 1182 1239 1374 1287; x_wconf 79' lang='lat' dir='ltr'>interpres</span> <span class='ocrx_word' id='word_1_180' title='bbox 1393 1237 1528 1288; x_wconf 79' lang='lat' dir='ltr'>legum</span> 
     </span>
     <span class='ocr_line' id='line_1_22' title="bbox 60 1292 1528 1346; baseline 0.001 -16"><span class='ocrx_word' id='word_1_181' title='bbox 60 1294 348 1331; x_wconf 72' lang='lat' dir='ltr'>sanctissimus.</span> <span class='ocrx_word' id='word_1_182' title='bbox 407 1294 551 1344; x_wconf 86' lang='lat' dir='ltr'>Papin.</span> <span class='ocrx_word' id='word_1_183' title='bbox 579 1293 680 1331; x_wconf 77' lang='lat' dir='ltr'>silv.</span> <span class='ocrx_word' id='word_1_184' title='bbox 712 1297 732 1334; x_wconf 92' lang='lat'>1</span> <span class='ocrx_word' id='word_1_185' title='bbox 768 1292 819 1342; x_wconf 82' lang='lat'>4,</span> <span class='ocrx_word' id='word_1_186' title='bbox 868 1292 918 1331; x_wconf 88' lang='lat' dir='ltr'>‹le</span> <span class='ocrx_word' id='word_1_187' title='bbox 946 1295 1096 1331; x_wconf 85' lang='lat' dir='ltr'>Rutilio</span> <span class='ocrx_word' id='word_1_188' title='bbox 1125 1294 1304 1331; x_wconf 81' lang='lat' dir='ltr'>Gallico:</span> <span class='ocrx_word' id='word_1_189' title='bbox 1347 1294 1528 1346; x_wconf 75' lang='lat' dir='ltr'>legesque</span> 
     </span>
     <span class='ocr_line' id='line_1_23' title="bbox 61 1348 1521 1402; baseline 0.001 -16"><span class='ocrx_word' id='word_1_190' title='bbox 61 1348 289 1400; x_wconf 80' lang='lat' dir='ltr'>ubieunque</span> <span class='ocrx_word' id='word_1_191' title='bbox 315 1356 493 1400; x_wconf 81' lang='lat' dir='ltr'>togatae,</span> <span class='ocrx_word' id='word_1_192' title='bbox 531 1363 635 1401; x_wconf 80' lang='lat' dir='ltr'>quae</span> <span class='ocrx_word' id='word_1_193' title='bbox 653 1356 725 1388; x_wconf 83' lang='lat' dir='ltr'>tua</span> <span class='ocrx_word' id='word_1_194' title='bbox 745 1348 977 1402; x_wconf 68' lang='lat' dir='ltr'>longinquis</span> <span class='ocrx_word' id='word_1_195' title='bbox 993 1350 1318 1400; x_wconf 80' lang='lat' dir='ltr'>implorantium</span> <span class='ocrx_word' id='word_1_196' title='bbox 1341 1351 1521 1402; x_wconf 73' lang='lat' dir='ltr'>querelis</span> 
     </span>
     <span class='ocr_line' id='line_1_24' title="bbox 57 1406 249 1444; baseline 0.006 -1"><span class='ocrx_word' id='word_1_197' title='bbox 57 1406 249 1444; x_wconf 71' lang='lat' dir='ltr'>Dxms&#39;r.</span> 
     </span>
    </p>

    <p class='ocr_par' dir='ltr' id='par_1_7' title="bbox 57 1460 1524 1684">
     <span class='ocr_line' id='line_1_25' title="bbox 171 1460 1523 1514; baseline -0.001 -13"><span class='ocrx_word' id='word_1_198' title='bbox 171 1465 216 1504; x_wconf 88' lang='grc'>7.</span> <span class='ocrx_word' id='word_1_199' title='bbox 271 1462 362 1499; x_wconf 76' lang='lat' dir='ltr'>miti</span> <span class='ocrx_word' id='word_1_200' title='bbox 386 1474 460 1514; x_wconf 86' lang='lat' dir='ltr'>pro</span> <span class='ocrx_word' id='word_1_201' title='bbox 491 1463 601 1500; x_wconf 71' lang='lat' dir='ltr'>mitis</span> <span class='ocrx_word' id='word_1_202' title='bbox 634 1462 678 1500; x_wconf 86' lang='lat' dir='ltr'>in</span> <span class='ocrx_word' id='word_1_203' title='bbox 716 1460 796 1500; x_wconf 85' lang='lat' dir='ltr'>hoc</span> <span class='ocrx_word' id='word_1_204' title='bbox 820 1475 939 1501; x_wconf 79' lang='lat' dir='ltr'>versu</span> <span class='ocrx_word' id='word_1_205' title='bbox 971 1460 1247 1514; x_wconf 81' lang='lat' dir='ltr'>reponendum</span> <span class='ocrx_word' id='word_1_206' title='bbox 1281 1463 1523 1500; x_wconf 86' lang='lat' dir='ltr'>censuimus.</span> 
     </span>
     <span class='ocr_line' id='line_1_26' title="bbox 57 1519 182 1557; baseline 0.008 -1"><span class='ocrx_word' id='word_1_207' title='bbox 57 1519 182 1557; x_wconf 84' lang='lat' dir='ltr'>Rmz.</span> 
     </span>
     <span class='ocr_line' id='line_1_27' title="bbox 59 1572 1524 1626; baseline -0.002 -12"><span class='ocrx_word' id='word_1_208' title='bbox 59 1582 63 1586; x_wconf 80' lang='grc'><strong>”</strong></span> <span class='ocrx_word' id='word_1_209' title='bbox 171 1576 215 1616; x_wconf 88' lang='grc'>9.</span> <span class='ocrx_word' id='word_1_210' title='bbox 270 1572 347 1612; x_wconf 86' lang='lat' dir='ltr'>hos</span> <span class='ocrx_word' id='word_1_211' title='bbox 363 1587 502 1613; x_wconf 77' lang='lat' dir='ltr'>versus</span> <span class='ocrx_word' id='word_1_212' title='bbox 519 1575 574 1612; x_wconf 74' lang='lat' dir='ltr'>ita</span> <span class='ocrx_word' id='word_1_213' title='bbox 594 1573 907 1623; x_wconf 77' lang='lat' dir='ltr'>emendavimus,</span> <span class='ocrx_word' id='word_1_214' title='bbox 938 1588 1033 1613; x_wconf 88' lang='lat' dir='ltr'>cum-</span> <span class='ocrx_word' id='word_1_215' title='bbox 1045 1575 1088 1612; x_wconf 88' lang='lat' dir='ltr'>in</span> <span class='ocrx_word' id='word_1_216' title='bbox 1104 1580 1260 1613; x_wconf 81' lang='lat' dir='ltr'>vetusto</span> <span class='ocrx_word' id='word_1_217' title='bbox 1280 1572 1415 1612; x_wconf 87' lang='lat' dir='ltr'>codice</span> <span class='ocrx_word' id='word_1_218' title='bbox 1431 1587 1524 1626; x_wconf 87' lang='lat' dir='ltr'>per-</span> 
     </span>
     <span class='ocr_line' id='line_1_28' title="bbox 58 1630 1277 1684; baseline -0.001 -15"><span class='ocrx_word' id='word_1_219' title='bbox 58 1643 197 1684; x_wconf 78' lang='lat' dir='ltr'>peram</span> <span class='ocrx_word' id='word_1_220' title='bbox 216 1630 417 1682; x_wconf 85' lang='lat' dir='ltr'>legeretur</span> <span class='ocrx_word' id='word_1_221' title='bbox 442 1631 692 1682; x_wconf 70' lang='lat' dir='ltr'>mediumque</span> <span class='ocrx_word' id='word_1_222' title='bbox 710 1639 748 1667; x_wconf 87' lang='lat' dir='ltr'>et</span> <span class='ocrx_word' id='word_1_223' title='bbox 765 1638 924 1668; x_wconf 78' lang='lat' dir='ltr'>sacrata</span> <span class='ocrx_word' id='word_1_224' title='bbox 943 1631 1095 1669; x_wconf 74' lang='lat' dir='ltr'>beatus.</span> <span class='ocrx_word' id='word_1_225' title='bbox 1154 1633 1277 1669; x_wconf 77' lang='lat' dir='ltr'>Ruxz.</span> 
     </span>
    </p>

    <p class='ocr_par' dir='ltr' id='par_1_8' title="bbox 6 1686 1525 1847">
     <span class='ocr_line' id='line_1_29' title="bbox 60 1686 1525 1736; baseline -0.004 -8"><span class='ocrx_word' id='word_1_226' title='bbox 60 1697 64 1701; x_wconf 84' lang='grc'><strong>”</strong></span> <span class='ocrx_word' id='word_1_227' title='bbox 174 1688 243 1728; x_wconf 91' lang='lat'>10.</span> <span class='ocrx_word' id='word_1_228' title='bbox 300 1688 423 1725; x_wconf 82' lang='lat' dir='ltr'>vestis</span> <span class='ocrx_word' id='word_1_229' title='bbox 445 1688 655 1725; x_wconf 88' lang='lat' dir='ltr'>consulum</span> <span class='ocrx_word' id='word_1_230' title='bbox 678 1687 829 1725; x_wconf 81' lang='lat' dir='ltr'>trahea.</span> <span class='ocrx_word' id='word_1_231' title='bbox 890 1687 1098 1725; x_wconf 81' lang='lat' dir='ltr'>Claudian.</span> <span class='ocrx_word' id='word_1_232' title='bbox 1125 1688 1170 1725; x_wconf 87' lang='lat' dir='ltr'>in</span> <span class='ocrx_word' id='word_1_233' title='bbox 1189 1686 1337 1725; x_wconf 84' lang='lat' dir='ltr'>Ruffin.</span> <span class='ocrx_word' id='word_1_234' title='bbox 1359 1687 1407 1726; x_wconf 86' lang='lat'>1:</span> <span class='ocrx_word' id='word_1_235' title='bbox 1430 1693 1525 1736; x_wconf 80' lang='lat' dir='ltr'>post</span> 
     </span>
     <span class='ocr_line' id='line_1_30' title="bbox 60 1742 1525 1795; baseline -0.001 -14"><span class='ocrx_word' id='word_1_236' title='bbox 60 1742 219 1781; x_wconf 71' lang='lat' dir='ltr'>trabeas</span> <span class='ocrx_word' id='word_1_237' title='bbox 239 1743 363 1781; x_wconf 66' lang='lat' dir='ltr'>exsul.</span> <span class='ocrx_word' id='word_1_238' title='bbox 425 1750 464 1781; x_wconf 85' lang='lat' dir='ltr'>et</span> <span class='ocrx_word' id='word_1_239' title='bbox 483 1746 782 1795; x_wconf 84' lang='lat' dir='ltr'>imperatorum.</span> <span class='ocrx_word' id='word_1_240' title='bbox 838 1742 949 1781; x_wconf 81' lang='lat' dir='ltr'>idem</span> <span class='ocrx_word' id='word_1_241' title='bbox 977 1743 1026 1781; x_wconf 88' lang='lat' dir='ltr'>de</span> <span class='ocrx_word' id='word_1_242' title='bbox 1055 1746 1081 1784; x_wconf 87' lang='lat'>6</span> <span class='ocrx_word' id='word_1_243' title='bbox 1110 1745 1216 1781; x_wconf 87' lang='lat' dir='ltr'>Hon.</span> <span class='ocrx_word' id='word_1_244' title='bbox 1249 1744 1427 1790; x_wconf 76' lang='lat' dir='ltr'>consuL,</span> <span class='ocrx_word' id='word_1_245' title='bbox 1455 1742 1525 1779; x_wconf 90' lang='lat' dir='ltr'>ubi</span> 
     </span>
     <span class='ocr_line' id='line_1_31' title="bbox 6 1798 1466 1847; baseline -0.001 -9"><span class='ocrx_word' id='word_1_246' title='bbox 6 1842 12 1847; x_wconf 30' lang='lat' dir='ltr'>v</span> <span class='ocrx_word' id='word_1_247' title='bbox 58 1800 187 1838; x_wconf 76' lang='lat' dir='ltr'>multa</span> <span class='ocrx_word' id='word_1_248' title='bbox 211 1798 322 1837; x_wconf 78' lang='lat' dir='ltr'>dixi:</span> <span class='ocrx_word' id='word_1_249' title='bbox 356 1799 512 1837; x_wconf 73' lang='lat' dir='ltr'>collecti</span> <span class='ocrx_word' id='word_1_250' title='bbox 529 1799 732 1838; x_wconf 76' lang='lat' dir='ltr'>trabeatus·</span> <span class='ocrx_word' id='word_1_251' title='bbox 748 1800 836 1837; x_wconf 79' lang='lat' dir='ltr'>adit</span> <span class='ocrx_word' id='word_1_252' title='bbox 853 1799 1020 1837; x_wconf 81' lang='lat' dir='ltr'>delubra</span> <span class='ocrx_word' id='word_1_253' title='bbox 1041 1807 1218 1837; x_wconf 73' lang='lat' dir='ltr'>senatus.</span> <span class='ocrx_word' id='word_1_254' title='bbox 1275 1801 1466 1837; x_wconf 64' lang='lat' dir='ltr'>DEMPST.</span> 
     </span>
    </p>

    <p class='ocr_par' dir='ltr' id='par_1_9' title="bbox 54 1856 1522 2011">
     <span class='ocr_line' id='line_1_32' title="bbox 177 1856 1522 1907; baseline -0.002 -12"><span class='ocrx_word' id='word_1_255' title='bbox 177 1859 242 1897; x_wconf 88' lang='lat'>11.</span> <span class='ocrx_word' id='word_1_256' title='bbox 300 1856 361 1894; x_wconf 75' lang='lat' dir='ltr'>sio</span> <span class='ocrx_word' id='word_1_257' title='bbox 381 1857 486 1894; x_wconf 83' lang='lat' dir='ltr'>infra</span> <span class='ocrx_word' id='word_1_258' title='bbox 512 1869 554 1894; x_wconf 80' lang='lat' dir='ltr'>v.</span> <span class='ocrx_word' id='word_1_259' title='bbox 582 1860 654 1898; x_wconf 88' lang='lat'>71.</span> <span class='ocrx_word' id='word_1_260' title='bbox 710 1856 905 1907; x_wconf 79' lang='lat' dir='ltr'>significat</span> <span class='ocrx_word' id='word_1_261' title='bbox 931 1856 1099 1893; x_wconf 59' lang='lat' dir='ltr'>missilia</span> <span class='ocrx_word' id='word_1_262' title='bbox 1127 1858 1171 1893; x_wconf 89' lang='lat' dir='ltr'>iu</span> <span class='ocrx_word' id='word_1_263' title='bbox 1195 1856 1340 1906; x_wconf 82' lang='lat' dir='ltr'>vulgus</span> <span class='ocrx_word' id='word_1_264' title='bbox 1370 1868 1393 1892; x_wconf 91' lang='lat' dir='ltr'>a</span> <span class='ocrx_word' id='word_1_265' title='bbox 1417 1868 1522 1892; x_wconf 76' lang='lat' dir='ltr'>novo</span> 
     </span>
     <span class='ocr_line' id='line_1_33' title="bbox 54 1911 1520 1965; baseline -0.003 -14"><span class='ocrx_word' id='word_1_266' title='bbox 54 1912 221 1962; x_wconf 65' lang='lat' dir='ltr'>consule</span> <span class='ocrx_word' id='word_1_267' title='bbox 242 1925 400 1963; x_wconf 83' lang='lat' dir='ltr'>sparsa,</span> <span class='ocrx_word' id='word_1_268' title='bbox 441 1925 545 1965; x_wconf 89' lang='lat' dir='ltr'>quae</span> <span class='ocrx_word' id='word_1_269' title='bbox 571 1913 866 1963; x_wconf 85' lang='lat' dir='ltr'>elegantissime</span> <span class='ocrx_word' id='word_1_270' title='bbox 889 1926 1057 1950; x_wconf 73' lang='lat' dir='ltr'>aureum</span> <span class='ocrx_word' id='word_1_271' title='bbox 1080 1911 1246 1949; x_wconf 88' lang='lat' dir='ltr'>imbrem</span> <span class='ocrx_word' id='word_1_272' title='bbox 1272 1918 1388 1950; x_wconf 79' lang='lat' dir='ltr'>vocat</span> <span class='ocrx_word' id='word_1_273' title='bbox 1417 1911 1520 1948; x_wconf 86' lang='lat' dir='ltr'>infra</span> 
     </span>
     <span class='ocr_line' id='line_1_34' title="bbox 57 1969 370 2011; baseline -0.01 -3"><span class='ocrx_word' id='word_1_274' title='bbox 57 1981 98 2008; x_wconf 81' lang='lat' dir='ltr'>v.</span> <span class='ocrx_word' id='word_1_275' title='bbox 118 1972 189 2011; x_wconf 78' lang='lat'>72.</span> <span class='ocrx_word' id='word_1_276' title='bbox 243 1969 370 2006; x_wconf 69' lang='lat' dir='ltr'>Rrrr.</span> 
     </span>
    </p>

    <p class='ocr_par' dir='ltr' id='par_1_10' title="bbox 55 2019 1521 2133">
     <span class='ocr_line' id='line_1_35' title="bbox 169 2019 1521 2077; baseline -0.003 -15"><span class='ocrx_word' id='word_1_277' title='bbox 169 2023 227 2062; x_wconf 77' lang='lat' dir='ltr'>ib.</span> <span class='ocrx_word' id='word_1_278' title='bbox 285 2025 450 2063; x_wconf 68' lang='lat' dir='ltr'>divitias</span> <span class='ocrx_word' id='word_1_279' title='bbox 474 2024 600 2077; x_wconf 72' lang='lat' dir='ltr'>vulgo</span> <span class='ocrx_word' id='word_1_280' title='bbox 622 2025 776 2063; x_wconf 71' lang='lat' dir='ltr'>solenni</span> <span class='ocrx_word' id='word_1_281' title='bbox 792 2039 954 2063; x_wconf 86' lang='lat' dir='ltr'>munere</span> <span class='ocrx_word' id='word_1_282' title='bbox 970 2025 1145 2076; x_wconf 73' lang='lat' dir='ltr'>donans]</span> <span class='ocrx_word' id='word_1_283' title='bbox 1174 2023 1330 2061; x_wconf 85' lang='lat' dir='ltr'>restitui</span> <span class='ocrx_word' id='word_1_284' title='bbox 1353 2019 1398 2064; x_wconf 79' lang='grc' dir='ltr'><em>τό</em></span> <span class='ocrx_word' id='word_1_285' title='bbox 1427 2022 1521 2061; x_wconf 68' lang='lat' dir='ltr'><em>vul-</em></span> 
     </span>
     <span class='ocr_line' id='line_1_36' title="bbox 55 2080 1521 2133; baseline -0.002 -15"><span class='ocrx_word' id='word_1_286' title='bbox 55 2095 154 2132; x_wconf 72' lang='lat' dir='ltr'>gus,</span> <span class='ocrx_word' id='word_1_287' title='bbox 184 2088 223 2118; x_wconf 82' lang='lat' dir='ltr'>et</span> <span class='ocrx_word' id='word_1_288' title='bbox 238 2081 598 2133; x_wconf 77' lang='lat' dir='ltr'>interpunctionem</span> <span class='ocrx_word' id='word_1_289' title='bbox 610 2110 621 2130; x_wconf 91' lang='lat'><strong><em>‚</em></strong></span> <span class='ocrx_word' id='word_1_290' title='bbox 651 2089 697 2119; x_wconf 86' lang='lat' dir='ltr'>ut</span> <span class='ocrx_word' id='word_1_291' title='bbox 715 2084 943 2119; x_wconf 84' lang='lat' dir='ltr'>concinnior</span> <span class='ocrx_word' id='word_1_292' title='bbox 962 2083 1014 2119; x_wconf 85' lang='lat' dir='ltr'>sit</span> <span class='ocrx_word' id='word_1_293' title='bbox 1031 2085 1172 2132; x_wconf 69' lang='lat' dir='ltr'>poetae</span> <span class='ocrx_word' id='word_1_294' title='bbox 1190 2080 1398 2118; x_wconf 85' lang='lat' dir='ltr'>sententia.</span> <span class='ocrx_word' id='word_1_295' title='bbox 1454 2093 1521 2116; x_wconf 74' lang='grc' dir='ltr'>εο-</span> 
     </span>
    </p>
   </div>
   <div class='ocr_carea' id='block_1_3' title="bbox 0 2135 1519 2189">
    <p class='ocr_par' dir='ltr' id='par_1_11' title="bbox 0 2135 1519 2189">
     <span class='ocr_line' id='line_1_37' title="bbox 0 2135 1519 2189; baseline -0.002 -15"><span class='ocrx_word' id='word_1_296' title='bbox 0 2156 3 2161; x_wconf 85' lang='grc'><em>·</em></span> <span class='ocrx_word' id='word_1_297' title='bbox 58 2138 188 2174; x_wconf 73' lang='lat' dir='ltr'>lemne</span> <span class='ocrx_word' id='word_1_298' title='bbox 217 2143 352 2174; x_wconf 83' lang='lat' dir='ltr'>autem</span> <span class='ocrx_word' id='word_1_299' title='bbox 378 2150 525 2175; x_wconf 87' lang='lat' dir='ltr'>munus</span> <span class='ocrx_word' id='word_1_300' title='bbox 555 2138 731 2189; x_wconf 85' lang='lat' dir='ltr'>appellat</span> <span class='ocrx_word' id='word_1_301' title='bbox 755 2151 1010 2175; x_wconf 82' lang='lat' dir='ltr'>nummorum</span> <span class='ocrx_word' id='word_1_302' title='bbox 1029 2139 1074 2175; x_wconf 80' lang='lat' dir='ltr'>in</span> <span class='ocrx_word' id='word_1_303' title='bbox 1095 2138 1240 2187; x_wconf 75' lang='lat' dir='ltr'>vulgus</span> <span class='ocrx_word' id='word_1_304' title='bbox 1260 2135 1519 2186; x_wconf 81' lang='lat' dir='ltr'>sparsionem,</span> 
     </span>
    </p>
   </div>
   <div class='ocr_carea' id='block_1_4' title="bbox 17 2191 1520 2302">
    <p class='ocr_par' dir='ltr' id='par_1_12' title="bbox 17 2191 1520 2302">
     <span class='ocr_line' id='line_1_38' title="bbox 59 2191 1520 2246; baseline -0.003 -15"><span class='ocrx_word' id='word_1_305' title='bbox 59 2195 155 2246; x_wconf 83' lang='lat' dir='ltr'>quia</span> <span class='ocrx_word' id='word_1_306' title='bbox 180 2194 215 2231; x_wconf 89' lang='lat' dir='ltr'>is</span> <span class='ocrx_word' id='word_1_307' title='bbox 236 2206 395 2244; x_wconf 83' lang='lat' dir='ltr'>semper</span> <span class='ocrx_word' id='word_1_308' title='bbox 411 2194 541 2231; x_wconf 82' lang='lat' dir='ltr'>fuerat</span> <span class='ocrx_word' id='word_1_309' title='bbox 557 2207 753 2231; x_wconf 82' lang='lat' dir='ltr'>novorum</span> <span class='ocrx_word' id='word_1_310' title='bbox 771 2195 980 2231; x_wconf 86' lang='lat' dir='ltr'>consulum</span> <span class='ocrx_word' id='word_1_311' title='bbox 994 2206 1103 2241; x_wconf 87' lang='lat' dir='ltr'>mos,</span> <span class='ocrx_word' id='word_1_312' title='bbox 1142 2195 1177 2230; x_wconf 87' lang='lat' dir='ltr'>si</span> <span class='ocrx_word' id='word_1_313' title='bbox 1198 2191 1391 2244; x_wconf 81' lang='lat' dir='ltr'>quosdam</span> <span class='ocrx_word' id='word_1_314' title='bbox 1407 2193 1520 2228; x_wconf 87' lang='lat' dir='ltr'>exci-</span> 
     </span>
     <span class='ocr_line' id='line_1_39' title="bbox 17 2248 1520 2302; baseline -0.002 -15"><span class='ocrx_word' id='word_1_315' title='bbox 17 2263 19 2266; x_wconf 58' lang='lat'><em>⁴</em></span> <span class='ocrx_word' id='word_1_316' title='bbox 57 2251 160 2301; x_wconf 81' lang='lat' dir='ltr'>pias,</span> <span class='ocrx_word' id='word_1_317' title='bbox 179 2251 248 2302; x_wconf 87' lang='lat' dir='ltr'>qui</span> <span class='ocrx_word' id='word_1_318' title='bbox 265 2250 391 2287; x_wconf 82' lang='lat' dir='ltr'>secuti</span> <span class='ocrx_word' id='word_1_319' title='bbox 409 2256 502 2288; x_wconf 84' lang='lat' dir='ltr'>sunt</span> <span class='ocrx_word' id='word_1_320' title='bbox 520 2251 841 2287; x_wconf 80' lang='lat' dir='ltr'>constitutionem</span> <span class='ocrx_word' id='word_1_321' title='bbox 859 2251 958 2301; x_wconf 86' lang='lat' dir='ltr'>imp.</span> <span class='ocrx_word' id='word_1_322' title='bbox 969 2250 1162 2286; x_wconf 86' lang='lat' dir='ltr'>Marciani</span> <span class='ocrx_word' id='word_1_323' title='bbox 1177 2262 1339 2287; x_wconf 89' lang='lat' dir='ltr'>omnem</span> <span class='ocrx_word' id='word_1_324' title='bbox 1358 2248 1520 2285; x_wconf 81' lang='lat' dir='ltr'>omnino</span> 
     </span>
    </p>
   </div>
   <div class='ocr_carea' id='block_1_5' title="bbox 0 2304 1518 2358">
    <p class='ocr_par' dir='ltr' id='par_1_13' title="bbox 0 2304 1518 2358">
     <span class='ocr_line' id='line_1_40' title="bbox 0 2304 1518 2358; baseline -0.003 -14"><span class='ocrx_word' id='word_1_325' title='bbox 0 2319 1 2322; x_wconf 51' lang='lat'>¹</span> <span class='ocrx_word' id='word_1_326' title='bbox 57 2307 304 2358; x_wconf 73' lang='lat' dir='ltr'>sparsionem</span> <span class='ocrx_word' id='word_1_327' title='bbox 321 2312 535 2355; x_wconf 78' lang='lat' dir='ltr'>vetantem,</span> <span class='ocrx_word' id='word_1_328' title='bbox 566 2318 668 2358; x_wconf 83' lang='lat' dir='ltr'>quae</span> <span class='ocrx_word' id='word_1_329' title='bbox 690 2308 900 2357; x_wconf 81' lang='lat' dir='ltr'>Asporatio</span> <span class='ocrx_word' id='word_1_330' title='bbox 926 2314 964 2343; x_wconf 90' lang='lat' dir='ltr'>et</span> <span class='ocrx_word' id='word_1_331' title='bbox 983 2306 1222 2343; x_wconf 87' lang='lat' dir='ltr'>Herculiano</span> <span class='ocrx_word' id='word_1_332' title='bbox 1243 2318 1329 2342; x_wconf 86' lang='lat' dir='ltr'>coss</span> <span class='ocrx_word' id='word_1_333' title='bbox 1348 2304 1428 2341; x_wconf 77' lang='lat' dir='ltr'>lata</span> <span class='ocrx_word' id='word_1_334' title='bbox 1446 2310 1518 2351; x_wconf 80' lang='lat' dir='ltr'>est,</span> 
     </span>
    </p>
   </div>
   <div class='ocr_carea' id='block_1_6' title="bbox 55 2361 1518 2741">
    <p class='ocr_par' dir='ltr' id='par_1_14' title="bbox 56 2361 1518 2470">
     <span class='ocr_line' id='line_1_41' title="bbox 58 2361 1518 2415; baseline -0.003 -15"><span class='ocrx_word' id='word_1_335' title='bbox 58 2369 99 2400; x_wconf 82' lang='lat' dir='ltr'>et</span> <span class='ocrx_word' id='word_1_336' title='bbox 126 2375 247 2415; x_wconf 88' lang='lat' dir='ltr'>quam</span> <span class='ocrx_word' id='word_1_337' title='bbox 272 2364 407 2400; x_wconf 85' lang='lat' dir='ltr'>minus</span> <span class='ocrx_word' id='word_1_338' title='bbox 437 2363 521 2400; x_wconf 83' lang='lat' dir='ltr'>iam</span> <span class='ocrx_word' id='word_1_339' title='bbox 551 2363 736 2413; x_wconf 85' lang='lat' dir='ltr'>religiose</span> <span class='ocrx_word' id='word_1_340' title='bbox 767 2369 965 2401; x_wconf 78' lang='lat' dir='ltr'>servatam</span> <span class='ocrx_word' id='word_1_341' title='bbox 996 2363 1238 2400; x_wconf 81' lang='lat' dir='ltr'>lastinianus</span> <span class='ocrx_word' id='word_1_342' title='bbox 1264 2362 1323 2399; x_wconf 89' lang='lat' dir='ltr'>M.</span> <span class='ocrx_word' id='word_1_343' title='bbox 1355 2361 1518 2398; x_wconf 87' lang='lat' dir='ltr'>omnino</span> 
     </span>
     <span class='ocr_line' id='line_1_42' title="bbox 56 2419 465 2470; baseline 0.002 -14"><span class='ocrx_word' id='word_1_344' title='bbox 56 2419 277 2470; x_wconf 84' lang='lat' dir='ltr'>abrogavit.</span> <span class='ocrx_word' id='word_1_345' title='bbox 310 2420 465 2457; x_wconf 53' lang='lat' dir='ltr'>&gt;Boea</span> 
     </span>
    </p>

    <p class='ocr_par' dir='ltr' id='par_1_15' title="bbox 55 2471 1517 2741">
     <span class='ocr_line' id='line_1_43' title="bbox 175 2471 1517 2527; baseline -0.007 -11"><span class='ocrx_word' id='word_1_346' title='bbox 175 2477 239 2516; x_wconf 82' lang='lat'>12.</span> <span class='ocrx_word' id='word_1_347' title='bbox 295 2476 525 2527; x_wconf 69' lang='lat' dir='ltr'>sparsurus}</span> <span class='ocrx_word' id='word_1_348' title='bbox 554 2472 695 2513; x_wconf 81' lang='lat' dir='ltr'>alludit</span> <span class='ocrx_word' id='word_1_349' title='bbox 714 2473 766 2512; x_wconf 81' lang='lat' dir='ltr'>ad</span> <span class='ocrx_word' id='word_1_350' title='bbox 784 2475 978 2514; x_wconf 84' lang='lat' dir='ltr'>Senecam</span> <span class='ocrx_word' id='word_1_351' title='bbox 995 2471 1044 2514; x_wconf 81' lang='lat' dir='ltr'>de</span> <span class='ocrx_word' id='word_1_352' title='bbox 1062 2474 1198 2512; x_wconf 82' lang='lat' dir='ltr'>benef.</span> <span class='ocrx_word' id='word_1_353' title='bbox 1214 2477 1242 2517; x_wconf 81' lang='grc'>2</span> <span class='ocrx_word' id='word_1_354' title='bbox 1268 2475 1342 2515; x_wconf 84' lang='lat'>16:</span> <span class='ocrx_word' id='word_1_355' title='bbox 1363 2478 1409 2509; x_wconf 85' lang='lat' dir='ltr'>ut</span> <span class='ocrx_word' id='word_1_356' title='bbox 1421 2484 1517 2509; x_wconf 82' lang='lat' dir='ltr'>con—</span> 
     </span>
     <span class='ocr_line' id='line_1_44' title="bbox 55 2531 1515 2584; baseline -0.005 -15"><span class='ocrx_word' id='word_1_357' title='bbox 55 2532 193 2584; x_wconf 77' lang='lat' dir='ltr'>giaria</span> <span class='ocrx_word' id='word_1_358' title='bbox 210 2537 282 2568; x_wconf 79' lang='lat' dir='ltr'>tua</span> <span class='ocrx_word' id='word_1_359' title='bbox 299 2531 414 2569; x_wconf 71' lang='lat' dir='ltr'>urbes</span> <span class='ocrx_word' id='word_1_360' title='bbox 432 2533 532 2578; x_wconf 70' lang='lat' dir='ltr'>sint,</span> <span class='ocrx_word' id='word_1_361' title='bbox 569 2545 673 2583; x_wconf 75' lang='lat' dir='ltr'>quas</span> <span class='ocrx_word' id='word_1_362' title='bbox 694 2539 842 2583; x_wconf 79' lang='lat' dir='ltr'>quanto</span> <span class='ocrx_word' id='word_1_363' title='bbox 860 2533 1022 2569; x_wconf 77' lang='lat' dir='ltr'>maioris</span> <span class='ocrx_word' id='word_1_364' title='bbox 1039 2532 1168 2569; x_wconf 80' lang='lat' dir='ltr'>animi</span> <span class='ocrx_word' id='word_1_365' title='bbox 1171 2531 1264 2583; x_wconf 72' lang='lat' dir='ltr'>suit</span> <span class='ocrx_word' id='word_1_366' title='bbox 1280 2542 1359 2566; x_wconf 82' lang='lat' dir='ltr'>non</span> <span class='ocrx_word' id='word_1_367' title='bbox 1377 2539 1515 2577; x_wconf 77' lang='lat' dir='ltr'>capere</span> 
     </span>
     <span class='ocr_line' id='line_1_45' title="bbox 55 2585 1513 2640; baseline -0.005 -14"><span class='ocrx_word' id='word_1_368' title='bbox 55 2588 184 2640; x_wconf 66' lang='grc' dir='ltr'>ἶςιιαηι.</span> <span class='ocrx_word' id='word_1_369' title='bbox 199 2587 420 2639; x_wconf 65' lang='lat' dir='ltr'>spargere?</span> <span class='ocrx_word' id='word_1_370' title='bbox 473 2589 576 2627; x_wconf 84' lang='lat' dir='ltr'>Stat.</span> <span class='ocrx_word' id='word_1_371' title='bbox 597 2589 697 2626; x_wconf 80' lang='lat' dir='ltr'>Silv.</span> <span class='ocrx_word' id='word_1_372' title='bbox 718 2591 739 2629; x_wconf 87' lang='lat'>1</span> <span class='ocrx_word' id='word_1_373' title='bbox 760 2589 858 2626; x_wconf 83' lang='lat' dir='ltr'>ult.:</span> <span class='ocrx_word' id='word_1_374' title='bbox 895 2589 1005 2626; x_wconf 72' lang='lat' dir='ltr'>dives</span> <span class='ocrx_word' id='word_1_375' title='bbox 1032 2589 1188 2639; x_wconf 73' lang='lat' dir='ltr'>sparsio</span> <span class='ocrx_word' id='word_1_376' title='bbox 1216 2599 1314 2637; x_wconf 73' lang='lat' dir='ltr'>quos·</span> <span class='ocrx_word' id='word_1_377' title='bbox 1340 2585 1426 2634; x_wconf 63' lang='lat' dir='ltr'>agit</span> <span class='ocrx_word' id='word_1_378' title='bbox 1447 2590 1513 2618; x_wconf 81' lang='lat' dir='ltr'>tu-</span> 
     </span>
     <span class='ocr_line' id='line_1_46' title="bbox 59 2640 1512 2687; baseline -0.004 -6"><span class='ocrx_word' id='word_1_379' title='bbox 59 2644 224 2682; x_wconf 74' lang='lat' dir='ltr'>multus.</span> <span class='ocrx_word' id='word_1_380' title='bbox 260 2644 433 2682; x_wconf 83' lang='lat' dir='ltr'>Martial.</span> <span class='ocrx_word' id='word_1_381' title='bbox 450 2647 478 2686; x_wconf 91' lang='lat'><em>8</em></span> <span class='ocrx_word' id='word_1_382' title='bbox 495 2646 566 2685; x_wconf 87' lang='lat'>78.</span> <span class='ocrx_word' id='word_1_383' title='bbox 603 2643 691 2682; x_wconf 81' lang='lat' dir='ltr'>dixi</span> <span class='ocrx_word' id='word_1_384' title='bbox 710 2643 761 2681; x_wconf 85' lang='lat' dir='ltr'>ad</span> <span class='ocrx_word' id='word_1_385' title='bbox 779 2643 987 2684; x_wconf 84' lang='lat' dir='ltr'>Claudian.</span> <span class='ocrx_word' id='word_1_386' title='bbox 1006 2643 1058 2683; x_wconf 85' lang='lat' dir='ltr'>de</span> <span class='ocrx_word' id='word_1_387' title='bbox 1075 2647 1102 2687; x_wconf 85' lang='lat'><strong>6</strong></span> <span class='ocrx_word' id='word_1_388' title='bbox 1117 2645 1267 2682; x_wconf 80' lang='lat' dir='ltr'>Honor.</span> <span class='ocrx_word' id='word_1_389' title='bbox 1284 2640 1512 2679; x_wconf 81' lang='lat' dir='ltr'>consulatu:</span> 
     </span>
     <span class='ocr_line' id='line_1_47' title="bbox 57 2699 843 2741; baseline 0.003 -2"><span class='ocrx_word' id='word_1_390' title='bbox 57 2699 247 2740; x_wconf 74' lang='lat' dir='ltr'>ditandae</span> <span class='ocrx_word' id='word_1_391' title='bbox 260 2700 319 2738; x_wconf 81' lang='lat' dir='ltr'>ad</span> <span class='ocrx_word' id='word_1_392' title='bbox 332 2700 438 2738; x_wconf 81' lang='lat' dir='ltr'>dona</span> <span class='ocrx_word' id='word_1_393' title='bbox 456 2699 596 2739; x_wconf 70' lang='lat' dir='ltr'>tribzw.</span> <span class='ocrx_word' id='word_1_394' title='bbox 654 2702 843 2741; x_wconf 69' lang='lat' dir='ltr'>Dtnrs&#39;r.</span> 
     </span>
    </p>
   </div>
  </div>
 </body>
</html>
