1702 3060
484 104 562 147 DE
595 102 869 148 LAUDIBUS
902 101 1125 146 IUSTINI.
1431 97 1530 146 411

187 215 256 258 59.
313 214 520 266 apostolici
536 215 698 252 nomine
726 227 842 252 omne
864 211 973 265 quod
993 213 1198 264 egregium
1220 218 1279 250 est
1298 211 1400 250 inter
1419 223 1528 251 sacra

74 271 301 319 honoratur,
330 278 374 309 ut
393 272 652 322 apostolicum
667 278 781 308 vocat
798 270 995 320 templum
1005 270 1269 320 Cpolitanum,
1301 267 1407 321 quod
1425 270 1527 307 alio—

74 330 170 382 quin
185 329 236 367 S.
259 326 431 379 Sophiae
453 326 626 364 dicatum
652 334 755 375 erat,
795 327 1002 377 Corippus.
1039 328 1204 364 BAnrn.
1268 324 1453 364 Barthius
1476 325 1528 363 ad

74 383 182 423 huno
198 385 331 422 locum
352 382 539 422 historiae
560 385 691 421 minus
711 384 883 434 peritum
901 395 944 420 se
965 381 1109 433 prodit.
1168 382 1444 420 Constantinus
1470 384 1527 421 M.

72 448 231 492 praeter
252 439 393 478 aedem
413 438 656 490 Sophianam
688 439 884 490 templum
917 439 1035 475 etiam
1066 452 1119 477 ss.
1141 440 1410 489 apostolorum
1432 452 1527 478 con-

73 496 188 546 didit,
218 495 326 549 quod
346 509 427 534 non
449 509 563 534 secus
587 508 632 533 ac
648 494 788 532 aedem
807 493 1053 546 Sophianam
1070 496 1309 533 Iustinianus
1330 496 1386 533 M.
1409 509 1527 534 reno-

71 555 192 591 vavit.
249 553 291 589 in
321 551 397 590 hoc
427 559 559 589 autem
588 553 738 602 templo
768 552 849 588 illis
869 551 1140 599 solummodo,
1186 553 1256 603 qui
1276 551 1324 589 de
1347 555 1527 603 Augusta

71 615 183 647 erant
201 608 355 646 familia
368 638 378 656 ,
414 608 572 659 sepeliri
591 608 653 646 fas
672 614 768 646 erat.
826 606 918 645 vide
938 609 1175 659 Procopium
1194 608 1264 645 lib.
1287 612 1306 648 1
1333 606 1382 646 de
1399 608 1526 646 Aedi-

70 665 182 703 ficiis.
238 666 372 716 itaque
391 664 543 702 ibidem
561 663 762 715 depositus
787 670 845 701 est
862 665 1114 702 lastinianus.
1173 665 1304 703 Foco.

159 722 250 766 ῃ60.
307 722 516 758 Iustiniani
545 721 769 772 sepulcrum
796 733 920 772 usque
953 719 1004 757 ad
1022 722 1254 758 Latinorum
1276 721 1526 759 invasionem

69 778 190 826 stetit,
209 783 249 814 et
268 778 426 814 Nicetas
443 776 656 815 Choniates
674 777 722 814 de
740 779 884 814 statuis
909 776 1040 814 Const.
1065 784 1197 814 narrat
1214 779 1389 825 Latinos,
1409 791 1527 828 aper-

67 835 120 871 tis
137 834 420 883 imperatorum
441 834 630 884 sepulcris
655 834 794 884 positis
811 835 852 870 in
871 835 1001 870 Heroo
1022 832 1074 870 ad
1092 846 1285 884 magnum
1305 833 1524 885 discipulo-

43 896 45 903 *
67 902 157 927 rum
173 887 318 926 Christi
338 890 543 940 templum,
572 895 692 926 noctu
709 891 842 926 omnia
866 888 1087 940 diripuisse,
1119 897 1157 927 et
1174 892 1382 928 Iustiniani
1401 890 1523 928 cada-

66 958 138 984 ver
155 946 390 983 inviolatum
404 951 499 982 tunc
517 958 602 982 esse
625 952 837 995 repertum.
874 945 965 982 vide
984 945 1230 983 Bandurium
1245 949 1347 997 Imp.
1370 948 1519 985 Orient.

69 1004 90 1042 1
112 1001 185 1039 lib.
206 1004 232 1042 6
251 1014 292 1052 p.
318 1003 410 1042 107.
467 1002 598 1038 Foee.

177 1059 246 1098 61.
295 1058 413 1108 pius]
436 1058 556 1107 prius
576 1063 672 1108 puto
692 1056 849 1104 melius,
879 1055 922 1094 id
943 1063 1002 1095 est
1017 1064 1232 1109 antequam
1250 1058 1395 1096 obiret:
1422 1071 1518 1096 nam

63 1113 308 1152 monimenta
330 1113 406 1150 sibi
433 1114 515 1151 vivi
540 1114 754 1150 struebant.
814 1114 977 1151 Sueten.
1002 1114 1107 1164 Aug.
1136 1127 1168 1151 c.
1190 1116 1285 1155 100.
1344 1115 1438 1152 Seu.
1467 1114 1516 1153 de

62 1170 202 1208 brevit.
222 1170 326 1206 vitae
347 1182 381 1206 c.
405 1170 503 1206 ult.:
533 1169 749 1220 disponunt
762 1170 880 1206 etiam
898 1183 1000 1220 quae
1017 1170 1125 1206 ultra
1145 1172 1270 1208 vitam
1291 1178 1402 1216 sunt,
1431 1185 1516 1208 mo-

63 1225 120 1264 les
146 1224 431 1276 sepulcrorum.
471 1226 660 1264 Dssms'r.
718 1226 907 1276 intelligit
931 1227 1211 1277 imperatorem
1239 1229 1516 1276 lastinianum,

61 1294 103 1335 q.
123 1280 163 1320 d.
185 1281 208 1322 ὁ
224 1282 459 1334 μακαρίτης,
491 1280 515 1322 o‘
529 1285 603 1333 τῆς
617 1278 808 1333 εὐσεβοῦς
827 1279 997 1334 λήξεως,
1036 1289 1080 1319 ut
1101 1283 1316 1334 imperator
1343 1281 1392 1320 de
1412 1291 1517 1321 retro

58 1338 303 1390 priucipibus
321 1338 434 1389 loqui
453 1345 558 1375 amat
578 1340 621 1374 in
638 1339 828 1376 Novellis.
869 1350 989 1390 quare
1008 1351 1090 1375 non
1106 1340 1230 1390 probo
1251 1340 1519 1378 coniecturam

59 1396 190 1433 Ruizii
209 1395 342 1445 legere
367 1394 535 1431 volentis
549 1396 668 1444 prius·
685 1407 756 1445 pro
768 1395 881 1444 piuS.
941 1396 1066 1432 Rrr'r.

170 1449 226 1488 ib.
286 1448 380 1487 hino
407 1449 599 1487 creditum
628 1457 688 1488 est
707 1451 916 1488 Iustiniani
944 1451 1171 1502 sepulcrum
1192 1464 1245 1488 ex
1265 1464 1359 1489 auro
1375 1451 1515 1490 fuisse.

58 1505 130 1545 sed
146 1504 246 1555 hoo,
282 1504 391 1558 quod
410 1508 542 1544 minus
562 1507 762 1544 versimile
780 1505 907 1544 videri
927 1513 1061 1558 posset
1073 1536 1083 1555 ‚
1121 1507 1269 1545 falsum
1288 1509 1408 1545 etiam
1429 1522 1515 1546 esse

59 1569 211 1602 constat
240 1575 293 1600 ex
320 1563 532 1600 manifesto
550 1563 799 1601 Constantini
819 1562 1187 1614 Porphyrogenneti
1212 1564 1438 1602 testimonio
1463 1564 1514 1603 de

59 1619 316 1657 caeremoniis
340 1619 468 1656 Aulae
494 1621 738 1671 Byzantinae
754 1649 765 1668 ,
800 1619 869 1656 ubi
897 1623 923 1660 2
958 1619 1033 1667 42,
1077 1620 1267 1671 inscripto
1296 1620 1345 1658 de
1379 1621 1516 1671 sepul-

58 1677 138 1717 cris,
160 1677 442 1726 imperatorum
452 1703 470 1721 ,
500 1689 602 1726 quae
630 1683 723 1712 sune
753 1677 795 1712 in
826 1675 971 1726 templo
996 1690 1048 1713 ss.
1080 1676 1375 1726 apostolorum,
1403 1684 1515 1715 notat

17 1766 27 1774 ,
56 1730 368 1783 sarcophagum,
390 1748 395 1754 ·
415 1733 459 1768 in
485 1744 563 1784 quo
589 1732 742 1769 iacebat
771 1744 911 1783 corpus
938 1733 1146 1770 Iustiniani
1177 1733 1259 1782 M.,
1303 1733 1426 1771 fuisse
1467 1747 1515 1771 ex

57 1801 250 1826 marmore
271 1789 483 1838 peregrino
507 1789 594 1825 rari
622 1795 659 1824 et
683 1789 777 1825 miri
802 1788 959 1834 coloris,
989 1790 1060 1839 qui
1085 1789 1238 1826 medius
1256 1789 1350 1839 sere
1373 1791 1425 1826 sit
1446 1790 1513 1827 in—

11 1846 18 1871 ³·
56 1851 116 1882 ter
151 1844 319 1882 colorem
344 1844 531 1894 Bithynii
566 1851 604 1881 et
634 1844 915 1882 Chalcedonio-1:
947 1846 1180 1890 marmoris,
1221 1845 1364 1882 similis·
1399 1859 1510 1882 mar-

15 1920 18 1926 ,
55 1902 158 1939 mori
186 1900 370 1938 Ostritae.
428 1901 563 1952 itaque
590 1902 633 1938 in
656 1899 732 1938 hoc
761 1901 922 1952 Corippi
949 1913 1067 1939 versu
1096 1902 1282 1940 Ruizium
1311 1902 1417 1939 male
1446 1903 1510 1939 le-

0 1963 18 1987 ·³
55 1959 160 2009 gisse
183 1958 359 2008 suspicor
380 1963 664 2002 construxerat,
694 1964 733 1995 et
758 1958 890 2008 potius
918 1957 1134 2007 legendum
1160 1971 1246 1995 esse
1269 1959 1510 1995 constrinxe-

54 2020 136 2060 rat,
163 2013 230 2052 vel
245 2013 338 2065 quia
355 2025 482 2050 serras
503 2026 556 2051 ex
575 2026 669 2051 auro
692 2014 918 2065 apposuerit
938 2013 1013 2065 (sic
1030 2016 1138 2051 enim
1155 2014 1290 2051 Cicero
1308 2027 1379 2065 pro
1392 2014 1508 2052 Sext.

55 2071 108 2111 16
125 2070 293 2120 scripsit,
322 2070 541 2121 constringi
556 2071 720 2115 catenis,
750 2071 969 2120 constringi
985 2068 1168 2121 laqueis),
1199 2071 1265 2107 vel
1283 2071 1377 2122 quia
1395 2069 1509 2107 adie-

7 2137 11 2146 =
55 2126 151 2162 oerit
169 2126 302 2177 aliqua
319 2137 371 2162 ex
391 2137 485 2162 auro
504 2126 570 2163 vel
590 2139 642 2163 ex
657 2127 819 2163 metallo
837 2132 971 2163 aurato
990 2132 1222 2163 ornamenta
1233 2155 1244 2174 ,
1283 2139 1362 2178 qua
1379 2128 1508 2177 signi-

3 2228 5 2230 ,
53 2181 234 2218 ficatione
261 2181 384 2218 utitur
405 2193 503 2218 voce
533 2183 755 2233 constringo
782 2182 975 2219 Martialis
1006 2185 1053 2223 11
1078 2182 1153 2222 57:
1185 2183 1511 2233 constringatque

3 2275 6 2277 ,
54 2243 142 2274 tuos
156 2249 342 2288 purpura
360 2243 464 2273 texta
480 2243 600 2282 toros,
627 2236 704 2276 hoc
726 2244 784 2275 est
806 2239 1016 2287 cooperiat.
1075 2238 1207 2275 Fooo.

165 2295 234 2334 68.
290 2293 333 2329 in
350 2292 508 2343 publica
527 2295 756 2346 privataque
780 2294 928 2331 laetitia
948 2293 1134 2331 velabant
1158 2294 1264 2331 fores
1292 2294 1445 2331 coronis
1467 2300 1508 2331 et

0 2369 3 2393 χ
51 2356 185 2400 postes
205 2349 333 2388 sertis.
390 2350 528 2387 Iuven.
553 2352 601 2392 6:
632 2357 740 2387 necte
769 2363 953 2387 coronam
972 2349 1173 2400 postibus,
1207 2356 1244 2386 et
1270 2349 1424 2387 densos·
1432 2363 1507 2400 per

53 2404 196 2442 limina
226 2405 340 2443 tende
368 2404 580 2455 corymbos.
640 2405 685 2443 id
712 2407 833 2444 ramis
870 2407 1066 2457 protensis
1100 2406 1233 2444 fiebat.
1289 2405 1399 2443 idem
1430 2413 1506 2443 sat.

0 2463 2 2467 ’
54 2460 218 2499 eadem:
251 2467 415 2499 ornatas
429 2461 575 2512 paullo
594 2470 688 2499 ante
699 2463 832 2514 sores,
854 2463 1072 2514 pendentia
1092 2462 1240 2514 linquit
1259 2462 1350 2499 vela
1367 2463 1506 2499 domus

54 2524 92 2554 et
116 2516 251 2555 adhue
275 2517 420 2555 virides
446 2519 490 2554 in
518 2518 655 2555 limine
679 2533 824 2557 ramos.
886 2517 1126 2557 Claudianus
1152 2518 1201 2556 de
1222 2525 1338 2569 raptu
1356 2520 1406 2566 2,
1436 2517 1506 2554 ubi

53 2573 191 2624 plura:
219 2587 320 2624 pars
339 2573 486 2611 aulaea
515 2581 660 2622 tenent,
688 2576 764 2612 alii
778 2583 1005 2626 praetexere
1030 2576 1156 2612 ramis
1182 2575 1338 2612 limina.
1401 2580 1439 2610 et
1460 2573 1503 2609 in

0 2656 6 2666 -,
55 2631 180 2680 epigr.
209 2629 259 2667 de
284 2636 488 2680 magnete:
515 2631 631 2682 festa
654 2632 892 2683 frondentia
924 2638 1049 2683 myrto
1085 2631 1230 2668 limina
1270 2631 1499 2679 cinguntur.

52 2685 240 2724 Dtmsr.
295 2699 412 2724 sacra
437 2688 592 2724 moenia
620 2695 711 2726 sunt
738 2687 856 2727 aedes
885 2701 1040 2736 sacrae,
1083 2687 1246 2738 templa.
1304 2683 1375 2722 sed
1398 2695 1500 2736 quo-

55 2740 173 2780 modo
192 2741 330 2780 tectis?
356 2742 446 2793 lege
467 2746 662 2781 coronatis
677 2747 807 2792 textis,
834 2744 911 2783 hoc
933 2750 992 2783 est
1011 2742 1209 2781 textilibus
1234 2741 1397 2778 coronis.
1458 2746 1498 2777 et
