1702 3060
258 158 323 203 66
859 155 1073 200 CORIPPI

365 266 444 302 fata
463 270 641 315 premunt
661 264 821 301 miseros
834 293 843 311 ‚
870 276 1026 301 currens
1045 270 1083 299 et
1101 264 1246 299 territat
1267 262 1400 320 hostis.

364 329 472 366 ardet
491 336 528 366 et
548 331 776 381 insequitur.
831 331 977 367 cunctis
997 328 1045 366 de
1060 330 1233 380 partibus
1250 331 1386 380 ingens

365 395 474 430 turba
495 394 620 443 cadit,
649 408 811 447 seseque
831 398 911 433 suis
930 410 1000 447 per
1019 403 1174 447 pectora
1193 396 1282 432 telis

253 459 334 500 250
360 458 632 498 transfodiunt.
688 462 755 498 alii
772 463 932 499 veniunt
951 463 992 498 in
1009 462 1086 498 tela
1109 460 1315 498 cadentum

360 526 611 575 praecipites:
641 527 737 564 alios
756 527 908 578 pondus
927 529 1039 565 civile
1058 529 1226 579 repellit.

361 591 415 628 sio
431 593 574 641 pariter
589 593 740 630 turbata
759 600 874 630 ruunt
892 592 940 630 de
959 594 1154 630 montibus
1174 593 1262 629 altis

358 657 512 706 agmina
533 655 651 694 densa
670 659 815 706 virtum
844 662 979 696 mixfis
1000 667 1170 697 vectator
1187 665 1224 695 et
1244 657 1360 694 armis

359 722 469 759 fortis
491 735 633 773 equus,
666 722 790 772 rapidi
806 725 968 763 iactatus
986 727 1138 762 turbine
1156 737 1299 770 cursus,

251 788 330 830 255
359 789 535 834 confluit,
566 794 604 824 et
627 786 828 826 dominum
851 799 958 828 vasto
983 792 1052 828 sub
1075 790 1246 842 pondere
1266 789 1431 838 frangit-

358 865 428 890 ceu
446 854 626 903 glaucam
643 855 802 892 veniens
821 855 967 906 grando
991 855 1192 906 destringit
1211 857 1366 903 olivam,

358 919 502 955 arboris
522 920 720 956 excutiens
738 932 920 959 concusso
943 923 1081 958 vertice
1101 922 1267 958 fructus:

357 991 448 1021 tuno
466 986 609 1034 pariter
624 998 808 1036 praeceps
829 987 879 1024 ad
898 994 1041 1024 terram
1059 986 1229 1038 pondere
1245 986 1370 1023 nimbi

357 1057 395 1087 et
412 1057 520 1087 tener
539 1052 750 1098 excutitur,
781 1060 984 1102 quassatus
1007 1052 1214 1103 grandine,
1249 1065 1393 1089 ramus.

246 1119 327 1159 260
354 1129 432 1152 non
447 1117 568 1153 virtus
587 1117 744 1153 inimica
763 1119 863 1154 viros
875 1144 885 1163 ‚
917 1115 988 1153 sed
1008 1118 1088 1154 fata
1107 1119 1334 1169 premebant

353 1181 485 1219 invida
498 1211 508 1229 ‚
540 1193 638 1232 quae
656 1188 803 1218 tantam
822 1183 1076 1232 properabant
1092 1184 1252 1234 perdere
1268 1190 1437 1234 gentem.

407 1249 507 1285 Hinc
525 1249 625 1284 acies
645 1249 836 1285 confracta
854 1248 972 1297 redit,
1003 1262 1211 1301 regemque
1225 1256 1466 1297 trementem,

354 1326 543 1350 annorum
560 1313 708 1350 fessum
725 1327 885 1351 numero
904 1327 1112 1366 castunque
1128 1322 1346 1365 paventem,

352 1377 482 1415 deiicit
493 1407 503 1426 ‚
533 1385 570 1415 et
590 1386 784 1429 sceptrmn
801 1392 915 1417 saevo
935 1380 1040 1418 dedit
1057 1381 1148 1418 inde
1165 1389 1343 1432 tyranno.

242 1443 322 1486 265
350 1451 442 1480 tuno
466 1443 587 1481 doluit
606 1446 784 1495 princeps
807 1444 959 1496 dirupto
979 1446 1134 1483 foedere
1156 1449 1278 1496 regni,

352 1514 444 1545 tunc
462 1510 627 1560 Libyam
648 1511 770 1548 solitis
790 1513 980 1563 quaesivit
999 1514 1122 1550 Roma
1139 1511 1360 1562 trimnphis.

349 1574 420 1612 sed
438 1582 570 1612 tamen
589 1578 628 1612 in
647 1575 800 1614 modico
821 1579 1016 1628 perierunt
1033 1586 1206 1628 tempore
1228 1577 1348 1615 cladis

348 1641 491 1687 multa3
521 1642 613 1678 satis
635 1640 761 1678 dirum
780 1652 982 1682 senserunt
1003 1646 1133 1682 omnia
1152 1645 1314 1681 bellum.

344 1719 513 1758 namque
531 1707 632 1742 inter
647 1709 822 1756 geminas
840 1723 972 1760 pressa
989 1718 1047 1748 est
1063 1718 1153 1748 tunc
1172 1711 1302 1747 Africa
1317 1717 1466 1761 pestesz

237 1773 317 1813 270
343 1769 436 1807 hinc
454 1771 606 1808 fervens
623 1772 772 1810 bellum
784 1803 794 1821 ‚
824 1778 993 1826 spolians
1014 1778 1155 1827 premit
1175 1775 1266 1813 inde
1286 1784 1485 1828 tyrannus.

346 1835 537 1877 subtrahit
558 1849 580 1874 a
600 1840 753 1876 miseris
774 1842 899 1879 almae
919 1843 1071 1879 fortuna
1094 1843 1229 1880 salutis

343 1901 598 1953 praesidium,
627 1911 870 1958 mortemque
894 1909 1040 1945 alterno
1060 1910 1182 1945 Marte
1200 1909 1383 1945 minatur.

343 1981 461 2019 quem
479 1969 659 2018 fugiant?
695 1983 771 2022 qua
794 1980 900 2023 parte
923 1973 1088 2012 cadant?
1117 1974 1350 2025 praedantur
1369 1975 1536 2026 uquue3

343 2041 466 2071 terror
480 2035 624 2086 ubique
642 2038 747 2074 viris.
804 2052 939 2077 saevas
958 2042 1012 2078 sic
1030 2047 1110 2077 tota
1127 2055 1197 2091 per
1214 2042 1302 2078 illas

232 2100 312 2140 275
339 2101 513 2136 maxima
534 2108 722 2140 terrarum
741 2110 798 2141 est
817 2107 939 2156 Libye
956 2106 1099 2143 nudata
1118 2108 1284 2157 rapinas,

339 2172 382 2201 ut
402 2167 502 2214 perit
518 2167 558 2203 in
578 2166 704 2206 dubiis
720 2182 891 2221 puppes,
921 2170 1019 2220 heu,
1048 2172 1236 2221 naufraga
1253 2172 1391 2208 ventis.

337 2232 556 2269 Poenorum
571 2232 642 2271 has
659 2243 787 2284 pestes
807 2238 920 2274 solito
940 2240 1143 2275 miseratus
1162 2237 1306 2275 ademit

338 2309 444 2334 more
465 2299 552 2347 pius
570 2300 768 2352 princeps,
797 2303 902 2340 Afris
921 2304 1055 2341 solatia
1074 2305 1187 2342 fessis

338 2375 489 2399 sultuna
508 2365 657 2412 ferens;
691 2368 888 2419 victorque
905 2371 1055 2407 malum
1073 2370 1213 2407 deiecit
1231 2377 1449 2421 utrumque,

227 2429 306 2470 280
333 2428 514 2466 Sidonios
531 2436 659 2479 patres
675 2433 797 2470 titulis
815 2437 1040 2474 melioribus
1058 2449 1216 2486 augens.

333 2501 460 2532 vestra
476 2508 614 2533 manus
633 2498 795 2536 miseros
813 2503 947 2541 mortis
965 2502 1014 2540 de
1031 2503 1207 2540 faucibus
1223 2502 1338 2539 Afros

223 2612 289 2647 255
313 2613 454 2652 concidit
470 2614 510 2648 Μ
610 2615 675 2650 258
698 2627 859 2663 praeceps
874 2619 998 2664 pariter
1016 2621 1048 2654 Τ
1149 2621 1214 2655 261
1238 2619 1360 2653 invidia
1378 2621 1410 2654 Τ
1495 2621 1560 2656 263
1584 2631 1639 2654 nr-

224 2668 345 2690 morum
365 2659 396 2690 '1'
513 2658 581 2694 264
601 2659 722 2694 deiecit
738 2663 770 2694 '1'
891 2666 957 2699 265
981 2663 1099 2709 direpti
1117 2665 1150 2697 'l'
1263 2665 1329 2699 275
1355 2665 1481 2709 Libyae
1494 2666 1587 2712 apud
1601 2667 1641 2700 M

220 2702 286 2737 276
309 2702 427 2749 puppis
444 2704 475 2737 Τ
605 2705 671 2739 278
693 2710 800 2741 morte
819 2707 851 2741 Τ
982 2711 1048 2744 280
1069 2709 1212 2747 sidomos
1227 2711 1280 2745 vel
1295 2709 1428 2745 sitomos
1444 2711 1484 2745 Τ.

1675 106 1686 130 2-
1659 0 1690 92 &⁶³3
