1702 3060
249 95 344 143 374
667 101 851 144 NOTAE
882 101 940 143 IN
974 101 1186 145 LIBRUM
1212 103 1254 146 H

248 206 269 248 ὅ
283 205 523 274 πατριάρχης
541 205 756 259 Γερμανός,
786 204 887 260 ανὴρ
903 204 1064 255 συνετὰς
1079 207 1146 248 καὶ
1163 205 1282 265 αρετῇ
1298 208 1366 251 καὶ
1381 207 1482 265 λόγῳ
1498 208 1568 253 τὸν
1579 211 1671 264 βίον

248 260 462 315 κοσμήσας.
518 275 594 313 quo
614 263 700 300 loco
720 262 1002 301 eruditissimus
1021 264 1191 302 Wolfius
1213 278 1292 302 11011
1309 267 1402 304 satis
1417 266 1518 304 bene
1537 268 1670 307 sedena,

249 326 323 355 tem
343 320 386 354 in
407 318 527 366 clipeo
545 320 679 355 vertit:
709 332 801 355 nam
819 325 924 356 stans
942 320 1011 356 illo
1031 319 1255 357 elevabatur
1273 322 1500 372 imperator,
1535 329 1579 360 ut
1596 335 1670 361 ex*
1697 327 1702 374 j

247 386 378 423 presse
397 373 530 409 scribit
551 374 740 424 Corippus
757 387 794 411 v.
814 375 906 414 139.
962 375 1207 425 ungebantur
1233 389 1324 413 vero
1357 377 1475 413 etiam
1499 378 1670 437 1111Ρο1·οᾒ

247 435 348 464 tores
366 428 505 464 Graeci
523 429 572 465 ab
592 429 662 466 illo
684 429 822 467 eodem
842 430 1042 480 praesule,
1073 430 1178 482 quod
1198 432 1342 468 summi
1360 430 1520 469 honoris
1537 435 1670 471 eorum'

246 483 367 519 fuisse
386 489 544 534 apparet
563 497 614 520 ex
634 498 701 532 00,
732 483 837 536 quod
867 486 966 522 libro
990 488 1016 526 2
1044 484 1151 522 idem
1177 487 1366 536 Gregoras
1393 487 1526 524 scribit
1553 489 1671 527 Iustis
1696 509 1702 524 a

245 539 408 574 nianum
443 537 731 590 archiepiscopo
765 541 914 610 patriae
945 553 1037 577 suae
1065 515 1277 592 pleraque⁶
1275 543 1450 579 maxima
1477 543 1670 585 tribuisse.
1698 566 1702 580 1

247 591 295 629 de
327 591 538 631 michaele.
569 591 706 634 αυτίκα
735 593 778 634 δὲ
807 595 874 635 καὶ
903 596 1139 647 βασιλείας““
1121 599 1248 651 savz-515
1264 596 1546 665 περιτίθησιν’
1532 595 1671 650 ὄνομα,
1700 627 1702 637 2

245 645 311 686 καὶ
342 649 486 700 χρίεται
517 650 727 700 βασιλικῶς
754 649 860 702 παροῖ
896 653 968 690 τοῦ
1001 654 1215 702 τηνικαῦτα
1235 649 1309 702 τὴν
1331 655 1402 704 τῆς
1413 654 1674 719 Βουλγαρίας
1698 651 1702 691 ἶ

245 698 552 769 α’ρχιεπισκοπην
573 703 844 752 διιθύνοντος·
871 707 1063 752 πλείστοις
1077 722 1117 746 τε
1130 705 1203 759 γοῖρ
1225 704 1355 755 α’λλοις
1372 703 1496 759 αυτὴν
1521 708 1544 748 o‘
1559 710 1674 760 βασι·-

244 754 335 804 λευς
364 757 407 798 ἐκ
436 759 610 799 παλαιοῦ
635 760 837 811 τετίμηκεν
864 756 1159 828 Ἰουστινιανός,
1188 761 1331 803 ἑαυτοῦ
1359 766 1566 831 γεγονυῖαν
1595 779 1672 804 πα-

245 813 374 864 τρίδα,
403 813 471 853 καὶ
492 818 658 879 πρῶτον
687 812 891 866 ωνόμασεν
918 811 1219 880 Ἰουστινιανήν,
1245 816 1312 856 και
1338 815 1390 870 δή
1414 817 1480 858 καὶ
1504 814 1672 860 αὕτανο-
1697 851 1702 854 -

244 871 405 918 μεῖσθαι
429 865 577 920 ταύτην
600 870 655 917 εἰς
675 869 717 910 τὸ
738 869 913 921 διηνεκὲς
932 867 1220 938 προσετετάχει,
1249 869 1353 923 πλήν
1378 869 1448 924 οὐχ
1476 886 1572 914 ωστε
1603 873 1671 914 καὶ
1691 919 1697 922 ,

245 922 427 974 βασιλέας
445 925 566 975 χρίειν
581 923 795 975 Ῥωμαίων·
823 929 939 964 τοῦτο
959 923 1034 976 γὰρ
1054 923 1186 973 ἄλλοις
1207 926 1356 975 ἐφεῖται
1376 925 1484 979 παρα
1504 932 1584 968 ταῖν
1603 924 1672 968 νό-
1699 975 1702 980 ¹

246 993 344 1028 μων.
399 980 460 1015 1111
489 980 556 1016 alii
584 981 651 1016 alii
676 993 755 1017 non
771 987 861 1017 sunt
879 993 900 1016 a
919 979 1168 1029 patriarchis,
1197 993 1295 1032 quos
1315 980 1508 1030 diximus,
1538 984 1672 1047 cpoli-

243 1035 358 1070 taniS.
415 1035 469 1070 ita
493 1036 598 1070 enim
625 1034 732 1071 idem
756 1041 890 1071 auctor
915 1036 1046 1071 scribit
1065 1036 1164 1072 libro
1186 1039 1211 1076 3
1233 1037 1368 1074 initio:
1399 1036 1464 1078 ἐπὶ
1481 1053 1633 1085 τουτοις
1648 1037 1673 1080 o

244 1085 423 1139 βασιλευς
442 1105 547 1140 παρα
570 1093 642 1129 τοῦ
656 1085 895 1141 πατριάρχου
920 1089 1096 1154 χρισθεὶς
1111 1090 1176 1130 καὶ
1196 1106 1237 1131 το
1259 1090 1402 1141 στέφος
1427 1088 1673 1144 αναδησαμε·
1699 1102 1702 1103 ’

243 1158 311 1190 νος
332 1140 427 1194 πρὸς
447 1143 693 1194 ἐκστρατείαν
713 1142 1026 1196 παρεσκευαζετο.
1056 1147 1216 1183 BARTH.
1273 1145 1466 1185 Iohannes
1493 1149 1672 1198 pontifex
1700 1182 1702 1184 .

244 1206 499 1247 cognomento
523 1198 784 1236 Scholasticus
807 1202 849 1235 in
873 1199 1084 1251 epigraphe
1106 1203 1279 1239 numeris
1299 1201 1472 1252 praefixa
1493 1205 1672 1242 invenie-

242 1254 368 1289 batur.
428 1253 499 1291 sed
526 1254 753 1291 contradicit
782 1253 964 1292 historia:
994 1269 1088 1292 nam
1115 1263 1379 1294 consecratum
1402 1259 1596 1295 Iustinum
1622 1260 1670 1302 ab

242 1310 343 1358 Euty
349 1307 436 1346 chio
468 1309 688 1360 patriarcha
721 1317 871 1346 constat
897 1324 949 1346 ex
974 1312 1146 1348 Diacono
1174 1318 1212 1348 et
1239 1312 1346 1360 aliis,
1374 1313 1452 1349 nisi
1483 1316 1672 1352 memoria

242 1364 397 1413 lapsum
418 1363 613 1402 dicamus:
642 1378 736 1402 nam
753 1363 974 1416 Eutychio*
963 1379 1006 1402 111
1024 1364 1287 1417 patriarchatu
1305 1369 1500 1406 successit.
1529 1371 1670 1407 Zonar.

240 1419 422 1459 Dmn‘sr.

356 1499 446 1536 161.
503 1494 758 1533 benedicebat
783 1497 1001 1547 patriarcha
1021 1511 1167 1535 novum
1183 1499 1458 1549 imperatorem
1474 1513 1614 1538 manus
1634 1501 1670 1538 ei

241 1552 459 1602 imponens.
515 1552 569 1587 ita
598 1551 817 1601 patriarcha
842 1553 1085 1603 Epiphanius
1104 1555 1363 1590 lastinianum
1381 1556 1436 1591 M.
1458 1556 1670 1605 inaugura-

240 1607 317 1653 vit,
347 1613 390 1642 ut
410 1608 450 1642 in
468 1607 547 1642 vita
566 1607 606 1645 S.
624 1607 749 1643 Sabae
770 1607 1094 1645 archimandritae
1111 1615 1241 1646 narrat
1261 1610 1431 1660 Cyriilus
1452 1610 1535 1648 eius
1552 1610 1670 1648 disci-

238 1662 368 1711 pulus.
426 1663 555 1698 Foco.

354 1729 445 1769 163.
502 1729 655 1764 sancire
683 1741 763 1765 non
794 1735 852 1766 est
879 1730 1085 1777 Latinum3
1130 1742 1250 1782 quare
1291 1743 1428 1768 censeo
1460 1730 1673 1782 legendum

240 1784 403 1827 vincire,
434 1790 566 1833 aperto
582 1796 711 1820 sensu.
743 1783 980 1823 Claudianus
1000 1785 1048 1822 de
1066 1793 1176 1836 nupt.
1195 1787 1298 1822 Hon.
1318 1792 1356 1822 et
1373 1787 1540 1823 Mariae:
1570 1787 1676 1838 quod

235 1851 357 1888 gener
383 1845 454 1883 est,
484 1839 642 1882 invicte,
671 1845 778 1884 tuus,
807 1841 954 1876 vincire
978 1854 1132 1877 corona.
1164 1842 1349 1878 DEMPST.
1403 1843 1554 1879 sancire
1571 1842 1674 1879 nihil

240 1891 348 1929 aliud
379 1900 437 1930 est
468 1905 588 1943 quam
619 1892 796 1940 sinuare,
828 1895 1075 1942 confirmare,
1105 1902 1290 1932 testatum
1315 1896 1466 1944 facere,
1495 1904 1537 1934 ut
1567 1893 1671 1948 apud

240 1948 381 1984 Silium
402 1948 582 1985 Italicum
599 1948 700 1984 dicto
719 1950 826 1985 ocius
845 1963 934 1986 acer
951 1952 1092 1987 intorto
1113 1952 1240 1987 sancit
1256 1951 1398 1987 iaculo.
1453 1953 1578 2002 poetis
1598 1965 1670 1990 au-

239 2009 319 2039 tem
351 2002 580 2040 Christianis
611 2004 849 2041 sanctificare
862 2034 872 2068 .’
913 2013 956 2042 ut
985 2008 1152 2056 Corippo
1183 2005 1261 2043 1110.
1319 2004 1503 2045 sedulius
1531 2008 1600 2044 lib.
1621 2006 1670 2047 4:
1696 2045 1702 2050 ,

239 2072 333 2094 nam
353 2060 522 2108 emporis
543 2066 661 2108 atque
678 2061 885 2109 sanguinis
905 2061 972 2096 ille
990 2063 1054 2097 sui
1064 2068 1276 2111 postquam
1293 2061 1371 2098 duo
1391 2075 1554 2099 munera
1574 2076 1670 2105 san·-

237 2115 310 2157 ,1-ιῗι,
339 2121 456 2164 atque
476 2113 605 2149 cibum
623 2120 836 2164 polumque
853 2116 977 2162 cleclcjt
1006 2115 1080 2152 hoc
1100 2123 1157 2169 est
1176 2118 1426 2153 consecravit.
1482 2131 1555 2154 1100
1576 2131 1669 2155 vero

239 2170 449 2219 quicquam
467 2170 657 2219 Cor-ippus
672 2171 815 2207 melius
834 2171 961 2207 dicere
979 2173 1116 2221 potuit,
1140 2185 1230 2208 cum
1251 2185 1296 2208 eo
1315 2170 1433 2209 modo
1452 2173 1560 2210 velut
1574 2185 1668 2209 san-

238 2229 343 2259 ctum
362 2237 592 2274 sacrumque
612 2231 649 2260 et
666 2225 897 2263 inviolatum
916 2226 1100 2263 reddatur
1118 2234 1233 2278 caput
1250 2228 1448 2278 priuclpis.
1481 2229 1537 2264 ita
1556 2229 1666 2265 Maro

239 2277 286 2314 de
306 2281 417 2315 Iove:
450 2280 590 2315 audica
608 2279 680 2315 hoc
694 2284 864 2331 genitor,
894 2282 1319 2332 quisbecletasulmine
1334 2283 1472 2318 sancit.
1503 2284 1668 2320 BARTH.

349 2343 402 2380 ih.
464 2348 615 2382 saneim
646 2345 711 2383 hic
735 2361 814 2384 non
849 2355 906 2384 est
934 2350 1139 2395 Latinum,
1171 2349 1224 2384 ait
1243 2349 1516 2398 Dempsterus‚
1547 2361 1668 2399 quare

236 2399 370 2436 mallet
390 2401 543 2437 vincire.
585 2401 654 2438 sed
674 2405 824 2440 sancire
842 2404 958 2453 longe
975 2406 1100 2454 magis
1120 2401 1406 2452 emphaticam:
1434 2409 1543 2440 notat
1560 2406 1666 2448 ‘enim

238 2456 490 2505 inaugurare,
520 2464 696 2494 sanctum
726 2465 762 2494 et
794 2459 841 2495 ab
871 2459 1037 2495 aliorum
1066 2459 1276 2496 violatione
1293 2459 1468 2495 1111111111ιο
1489 2457 1664 2509 reddere²

241 2522 476 2547 consecrare.
535 2513 589 2548 sic
608 2515 758 2548 sancire
776 2514 963 2563 templum
982 2513 1081 2550 dixit
1100 2519 1230 2550 noster
1249 2511 1274 2552 4
1303 2512 1399 2554 284.
1450 2515 1608 2552 Voucx.

346 2576 399 2614 ib.
459 2578 679 2614 Marcianus
706 2579 778 2614 fuit
795 2580 1072 2628 imperatorum
1088 2580 1236 2629 primus
1249 2608 1258 2626 ‚
1289 2591 1408 2630 quem
1426 2586 1528 2617 certo
1549 2581 1661 2616 novi-

236 2644 324 2668 mus
358 2645 409 2669 ex
439 2634 659 2670 testimonio
697 2632 952 2683 Theophanis
983 2641 1207 2672 coronatum
1241 2635 1366 2672 fuisse
1395 2647 1417 2672 a
1445 2632 1660 2686 patriarcha

236 2687 450 2736 Cpolitauo.
508 2689 636 2724 Foco.
