1702 3060
451 97 526 140 DE
559 97 834 143 LAUDIBUS
867 96 1088 141 IUSTINI.
1397 93 1496 141 425

42 219 135 247 mus
153 206 334 259 Lipsius,
374 213 414 245 et
440 220 515 258 ego
534 213 625 259 post
643 208 759 245 illum
772 236 784 256 ‚
822 207 950 246 multa
974 207 1019 244 in
1042 212 1251 258 utramque
1270 214 1424 258 partem
1446 206 1499 245 ad

42 262 148 306 illud
167 262 376 302 claudian.
396 262 446 302 de
461 263 571 302 laud.
592 263 800 302 Stilichon.
821 266 872 304 2:
911 270 1160 314 gestatosque
1180 264 1296 314 patri
1322 263 1499 314 scapulis
1523 279 1526 282 ¹

43 319 299 359 radiantibus
315 333 434 358 enses.
495 321 590 358 licet
609 320 677 358 alii
693 321 835 357 malint
852 321 987 371 legere
1011 319 1193 371 capulis,
1223 327 1355 359 contra
1378 318 1498 358 fidem

0 393 3 427 ξ
44 389 108 415 ms
127 378 210 415 mei
227 383 267 415 et
279 378 421 416 Veneti
440 378 719 428 antiquissimi.
775 377 964 415 Dzmrsr.

158 435 253 475 171.
311 433 498 484 extantis]
527 434 618 484 lege
639 439 825 470 extantes.
885 434 1073 470 Dsmrsr.

158 490 253 529 176.
309 488 375 527 hie
403 502 540 527 versus
571 490 678 526 male
706 488 890 537 affectus,
934 489 1028 526 licet
1056 502 1108 526 ex
1135 490 1300 539 Virgilio
1322 491 1424 527 Aen.
1445 492 1496 532 9.

45 552 291 594 consurgunt
315 546 499 596 geminae
518 559 701 596 quercus,
738 546 971 596 intonsaque
999 545 1107 582 caelo
1136 545 1325 582 attollunt
1347 548 1499 596 capita,

38 607 85 641 ret
109 599 275 638 sublimi
300 602 443 639 vertice
469 608 626 638 nutant.
662 602 851 640 DEMPST.
908 603 1050 639 vertice
1068 602 1198 638 sidera
1218 602 1411 653 pulsant]
1443 604 1499 643 sic

28 654 237 698 >Boethius
263 668 371 708 pros.
393 659 414 698 1
451 656 500 695 de
527 656 782 709 philosophia
803 659 956 710 inquit,
995 659 1137 695 vertice
1156 658 1299 708 pulsat
1327 658 1494 701 caelum.

30 719 208 765 „uterque
230 715 450 751 imitatione
469 716 622 752 Horatii
643 715 666 754 1
695 715 718 754 1
745 716 812 755 36.
869 717 994 752 Rrrr.

157 770 252 812 177.
310 777 347 807 et
374 770 492 807 laeva
513 771 750 822 dextraque]
778 772 821 808 in
853 784 916 808 ms
946 772 1001 808 ita
1033 783 1216 821 perverse
1235 771 1333 808 fuit:
1363 771 1500 809 laeva-

43 838 122 877 que
147 825 362 878 dextraque
372 841 390 874 ;
432 826 771 879 quemadmodum
805 827 927 864 altero
956 840 1072 864 versu
1099 827 1266 865 inferius
1299 826 1502 873 terribilis,

35 879 153 934 *quod
167 894 240 920 nos
260 883 303 920 in
323 881 513 920 terribiles
529 884 786 921 mutavimus.
815 885 937 921 Rmz.
998 883 1191 934 laevaque
1218 885 1261 920 in
1283 897 1346 921 ms
1365 896 1436 925 suo
1457 897 1501 922 se

42 938 188 989 legisse
206 945 372 976 testatur
385 940 562 977 Ruizius.
621 953 690 976 cur
708 941 830 990 igitur
845 941 1014 977 mutavit
1032 947 1069 976 ec
1087 938 1234 976 laeva?
1289 941 1403 990 quia,
1435 941 1500 976 iu-

43 996 156 1046 quit,
186 1008 370 1045 perverse
399 996 458 1032 ita
471 996 575 1047 suit.
639 1008 706 1032 cor
729 993 970 1032 Aristarchi!
1010 1008 1061 1032 an
1089 1008 1170 1032 non
1195 996 1323 1033 multa
1354 997 1501 1034 similia

42 1049 155 1101 apud
169 1053 402 1103 praecipuos
421 1055 628 1103 poetarum
647 1049 826 1102 legerat?
855 1053 980 1089 Rrr‘r.
1037 1052 1079 1087 in
1099 1064 1161 1088 ms
1187 1051 1381 1103 laevaque
1405 1052 1500 1089 dex-

43 1113 199 1158 traque,
238 1121 360 1160 quam
386 1108 667 1158 elegantiorem
686 1108 896 1144 lectionem
912 1108 1057 1144 frustra
1078 1108 1304 1146 sollicitavit
1322 1110 1497 1157 Ruizius,

43 1169 83 1200 et
100 1163 187 1214 ipse
208 1166 419 1202 oscitanter
437 1166 640 1202 restituere
660 1165 920 1215 praetermisi.
978 1164 1110 1201 Foco.

156 1221 252 1262 179.
310 1221 421 1258 locus
439 1219 518 1269 hic,
549 1222 676 1258 ausim
693 1221 836 1268 iurare,
867 1226 1070 1270 corruptus
1089 1226 1148 1256 est
1170 1226 1209 1256 et
1224 1221 1497 1271 transpositus.

44 1287 118 1326 ego
139 1281 275 1314 tamen
291 1276 445 1314 mederi
461 1290 543 1315 non
562 1290 749 1329 possum,
791 1278 869 1314 nisi
901 1275 953 1314 ad
981 1276 1130 1313 arboris
1151 1276 1367 1314 referamus
1387 1284 1498 1314 aeta-

40 1338 139 1371 tem.
194 1335 383 1372 Biturs-r.

157 1390 253 1432 186.
309 1388 537 1429 melioribus
555 1389 927 1440 praestantioribus,
963 1392 1047 1436 τοῖς
1072 1388 1276 1441 κρείττοσι.
1334 1389 1500 1438 elegan-

43 1445 195 1484 tissime
211 1447 339 1484 solem
357 1446 452 1483 facit
471 1458 608 1496 regem
627 1452 842 1493 astrorum,
884 1446 953 1497 qui
979 1447 1111 1482 omnia
1140 1446 1217 1482 alia
1248 1451 1350 1482 astra
1379 1446 1498 1482 simul

43 1508 84 1540 et
105 1502 286 1540 obscuret
310 1509 350 1540 et
365 1508 501 1554 pascat
519 1515 591 1540 sua
610 1503 712 1540 luce.
770 1503 895 1540 ΒΗΤ.

158 1559 252 1600 196.
310 1558 529 1610 cymbia-9]
588 1560 687 1596 Acta
718 1556 966 1610 apocrypha,
1010 1556 1081 1595 sed
1102 1558 1285 1609 antiqua,
1330 1557 1372 1594 S.
1393 1558 1500 1594 Tor-

42 1615 147 1666 petis
175 1617 280 1653 inter
305 1617 405 1653 Acta
434 1615 506 1653 SS.
532 1621 562 1652 t.
591 1614 618 1655 4
639 1616 736 1651 Maii
759 1628 800 1666 p.
824 1617 873 1655 9:
922 1621 1016 1650 tunc
1038 1614 1270 1661 aedificavit
1296 1613 1500 1654 ecclesiam

42 1672 168 1709 mirae
198 1671 507 1723 magnitudinis,
541 1670 769 1722 fimclatam
798 1670 986 1708 cancellis
1017 1677 1054 1707 et
1084 1669 1234 1720 cymbio
1267 1683 1385 1706 aureo
1400 1670 1500 1720 fiil-

38 1734 212 1779 gentem.
286 1730 422 1780 itaque
457 1728 635 1780 cymbius
668 1734 727 1765 est
753 1728 888 1765 fornix
920 1727 1085 1778 cymbae
1116 1727 1287 1764 formam
1311 1726 1499 1764 referens.

40 1784 174 1823 Foco.

154 1842 252 1881 202.
309 1840 525 1879 Victoriam
554 1838 823 1891 depingebant
845 1840 1010 1890 virginis
1034 1839 1161 1875 alatae
1182 1836 1322 1875 habitu
1338 1868 1348 1886 ‚
1380 1851 1502 1890 quare

42 1896 94 1934 ab
113 1898 279 1934 Horatio
300 1898 323 1938 1
350 1909 413 1948 ep.
437 1898 489 1937 18
509 1903 547 1933 et
568 1896 784 1934 Claudiano
808 1898 832 1936 3
853 1896 1005 1933 consul.
1027 1896 1193 1932 Honorii
1214 1895 1325 1932 velox
1346 1894 1501 1932 dicitur.

41 1952 297 2004 Lampridius
315 1953 488 1990 Severo:
522 1959 642 2003 pater
671 1952 806 1989 eadem
834 1960 945 1989 nocte
973 1954 1016 1988 in
1050 1953 1195 1988 somnis
1224 1951 1326 1989 vidit
1351 1951 1430 1988 alis
1461 1964 1503 1991 se

41 2009 254 2047 Romanae
281 2009 495 2054 Victoriae,
534 2021 637 2060 quae
664 2011 782 2046 estin
802 2016 959 2054 senatu,
996 2008 1054 2045 ad
1070 2008 1224 2044 caelum
1242 2007 1344 2045 vehi.
1405 2007 1503 2046 Tri-

40 2067 188 2104 matius
207 2066 255 2104 ab
274 2067 434 2116 Hygino
457 2063 718 2116 reprehensus
739 2065 847 2117 quod
866 2065 936 2101 lib.
959 2068 986 2106 2
1004 2063 1163 2111 Iliados,
1194 2071 1238 2100 ut
1262 2064 1381 2100 refert
1404 2063 1502 2100 Gel-

29 2121 124 2160 -lius
142 2123 168 2162 6
191 2125 232 2172 6,
262 2120 452 2159 dixisset:
482 2122 580 2158 dum
606 2121 677 2158 dat
704 2122 879 2159 vincenti
898 2134 1069 2171 praepes
1095 2121 1271 2158 Victoria
1294 2119 1495 2170 palmam.

43 2190 98 2216 ex
125 2190 202 2230 quo
228 2177 517 2228 Auson.1dy11.
543 2179 591 2218 8:
624 2177 698 2215 hoc
729 2177 830 2214 milti
849 2175 1107 2227 praepetibus
1138 2177 1314 2214 Victoria
1346 2176 1501 2213 nuntiet

42 2234 136 2272 atis.
197 2233 248 2272 ad
272 2234 513 2271 celeritatem
534 2240 748 2270 eventuum
775 2231 1074 2284 significandam
1092 2233 1182 2269 talis
1202 2234 1238 2269 ei
1254 2233 1406 2283 pictura
1425 2230 1499 2268 ad-

44 2292 215 2342 scripta3
254 2297 293 2328 et
322 2291 379 2328 sic
405 2291 448 2327 in
477 2291 584 2326 curia
608 2290 735 2326 stabat
753 2291 924 2337 Romae,
962 2295 1006 2326 ut
1025 2302 1077 2326 ex
1095 2290 1284 2326 relatione
1309 2291 1354 2335 9.
1378 2289 1500 2339 Sym-

42 2345 178 2385 machi
197 2346 400 2385 discimus.
458 2347 515 2383 sic
535 2347 575 2382 in
594 2344 758 2382 aedibus
779 2347 966 2396 privatis:
990 2344 1096 2383 disco
1113 2359 1166 2382 ex
1181 2346 1351 2396 Apuleio
1367 2346 1498 2382 Miles.

35 2406 74 2444 ,2
86 2414 99 2441 z
126 2405 233 2442 atria
252 2403 370 2454 longe
386 2402 676 2453 pulcherrima,
705 2402 899 2439 columnis
916 2402 1210 2453 quadrifariam
1225 2415 1300 2452 per
1320 2400 1500 2451 singulos

44 2459 219 2511 angulos
239 2458 454 2504 stantibus,
477 2457 712 2495 attollebant
728 2465 883 2495 statuas
892 2458 1095 2508 palmaris
1115 2458 1224 2495 deae.
1244 2459 1380 2510 jacies
1400 2470 1503 2508 qua-

32 2529 130 2567 -qua
145 2517 287 2567 pinnis
308 2515 503 2566 explicitis
531 2515 616 2552 sine
639 2529 781 2566 gressa
802 2514 917 2565 pilae
937 2514 1141 2560 volubilis,
1182 2514 1368 2552 instabile
1386 2513 1503 2550 vesti-

42 2573 160 2623 giam
179 2572 335 2622 plantis
363 2571 529 2609 roscidis
556 2571 787 2617 decicantes,
827 2585 898 2607 nec
925 2578 972 2608 ut
993 2578 1183 2608 maneant
1206 2571 1429 2614 inhaerent,
1466 2574 1503 2604 et

45 2629 129 2665 iam
144 2628 279 2665 volare
296 2629 522 2666 creduntur.
557 2640 656 2679 quas
675 2628 745 2664 ille
765 2628 907 2679 pinnas
927 2629 1151 2678 explicitas,
1182 2626 1345 2664 Ovidius
1368 2627 1504 2662 Amor.

45 2687 72 2725 3
96 2687 124 2725 2
150 2697 306 2736 sparsas
333 2690 469 2722 vocat:
511 2685 650 2734 prima
680 2684 763 2721 loco
784 2684 924 2734 fertur
952 2685 1102 2734 sparsis=
1139 2684 1315 2721 Victoria
1343 2682 1501 2731 pennis.

47 2739 155 2792 apud
175 2744 313 2792 poetas
337 2739 480 2779 dicitur
502 2739 632 2779 dubiis
660 2741 801 2792 pennis
828 2741 930 2780 inter
953 2746 1169 2792 utramque
1187 2745 1340 2790 partem
1358 2737 1505 2779 volare.
