1702 3060
251 106 347 155 364
663 108 849 151 NOTAE
882 106 941 150 IN
972 106 1183 150 LIBRUM
1199 106 1266 150 211&

253 218 463 255 cruralibus
484 213 721 252 indumentis
742 213 848 252 aliud
864 215 966 265 ignis
988 216 1189 266 proprium
1205 215 1360 264 tribuit,
1394 227 1534 254 sonum
1546 207 1662 254 nimi&

252 287 353 310 rum.
408 272 492 321 pari
512 271 668 307 omnino
687 270 810 320 figura
827 271 977 308 locutus
995 273 1184 308 Iuvencus
1200 277 1331 308 noster
1348 271 1448 308 libro
1463 271 1513 312 4:
1528 271 1663 310 ..s-idem
1686 283 1687 286 ¹

249 330 330 364 iam
348 327 430 363 luci
447 325 675 370 concedunt,
705 333 740 362 et
761 326 925 375 rapidus
942 326 1002 362 sol
1014 326 1279 377 progreditur,
1300 326 1429 363 radiis
1445 332 1567 362 terras
1585 339 1663 363 ere-e

245 380 466 431 pitantibus
507 380 685 430 implens.
745 393 863 432 quem
892 382 1023 418 locum
1053 382 1191 418 insulsi
1217 382 1547 432 incogitantesque
1578 387 1664 419 sunt

249 438 316 487 qui
341 442 506 472 mutant.
565 437 636 473 etsi
652 437 757 472 enim
775 449 890 473 nemo
910 449 1081 487 unquam
1099 437 1350 486 crepitantem
1366 436 1489 473 solem
1507 434 1664 473 audive-

250 493 321 539 rit,
351 492 442 542 quia
471 497 603 527 tamen
629 492 1021 542 praecellentissimus
1044 493 1147 541 ignis
1166 498 1243 539 est,
1271 495 1386 542 poeta
1402 489 1477 528 hoc
1496 492 1579 527 iure
1599 503 1666 529 suo

250 547 310 583 illi
338 547 492 594 tribuit,
523 545 628 597 quod
653 547 831 584 flammae
856 548 1092 584 fiorescentis
1117 548 1317 597 proprium
1329 550 1407 584 est.
1465 547 1521 583 sic
1540 547 1666 583 avium

250 602 425 638 volatum
451 604 636 651 crepitare
664 603 771 638 aiunt
795 603 861 638 alii
890 607 1048 652 poetae,
1087 615 1176 638 cum
1203 603 1477 652 plerarumque
1496 613 1575 638 non
1598 613 1667 638 au-

252 656 391 693 diatur.
449 657 700 693 Dracontius:
731 657 856 693 exsilit
882 658 972 694 inde
998 657 1136 694 volans
1159 671 1257 707 gens
1274 657 1439 707 plumea
1469 656 1572 693 laeta
1597 660 1667 705 per

250 725 387 755 auras,
416 711 510 747 ae'ra
538 713 757 748 concutiens
775 714 919 761 pennis
935 714 1146 761 crepitante
1159 712 1306 750 volatu.
1364 713 1522 749 Iuvenci
1542 718 1668 747 autem

251 767 463 803 versiculus
507 766 638 803 crebra
676 767 879 803 iteratione
914 766 1084 804 radentis
1115 767 1221 804 velut
1247 768 1399 804 litterae
1419 767 1546 814 ,etiam
1577 778 1669 803 sono

250 822 450 858 flammam
474 823 726 871 crepitantem
745 822 949 872 expressit.
1004 823 1166 859 BARTH.

365 875 456 917 104.
512 889 650 926 regum
682 883 720 912 et
754 875 919 913 heroum
947 877 1208 913 calceamenta
1235 877 1445 927 antiquitus
1473 882 1580 913 erant
1605 888 1669 912 co—
1685 913 1692 916 ,

250 930 398 968 thumi.
454 930 497 967 id
512 944 603 967 vero
618 930 891 967 indumentum
909 931 1108 980 eleganter
1127 930 1310 968 describit
1322 929 1504 968 Sidonius
1521 930 1572 967 ad
1589 932 1670 967 An·-

250 986 456 1023 themium.
511 988 673 1023 BAnTn.

365 1040 458 1081 105.
516 1041 696 1077 inducere
722 1037 810 1080 ἀντὶ
835 1043 906 1080 τοῦ
930 1039 1090 1078 induere
1109 1041 1239 1092 posuit
1263 1041 1381 1078 etiam
1402 1051 1539 1091 supra:
1568 1052 1671 1090 egre-
1700 1069 1702 1080 ,

253 1097 377 1141 ditur,
406 1097 616 1146 tunicaque
633 1097 729 1144 pius
753 1096 954 1133 inducitur
979 1104 1103 1133 artus.
1134 1099 1295 1134 BAn’rn.
1351 1096 1509 1146 vinclis]
1539 1095 1672 1132 subere
1701 1082 1702 1112 ἕ

253 1152 463 1189 sublevatis
484 1150 680 1187 cothurnis
699 1163 816 1188 ansae
838 1150 1031 1202 quaedam
1047 1165 1117 1202 per
1137 1165 1222 1188 crus
1239 1149 1516 1198 tendebantur,
1544 1156 1588 1186 ut
1608 1149 1673 1186 fir-
1696 1175 1702 1179 -

251 1209 354 1244 mius
382 1204 599 1242 haererent.
630 1205 767 1243 Sidon.
823 1206 931 1243 idem
950 1209 975 1248 8
995 1221 1055 1257 ep.
1078 1209 1148 1246 11:
1177 1213 1294 1257 atque
1315 1205 1560 1242 vinculorum
1585 1218 1674 1242 con-

251 1260 494 1297 currentibus
518 1260 688 1306 ansulis,
716 1261 859 1310 reflexa
878 1262 935 1298 ad
951 1275 1039 1298 crus
1050 1275 1125 1311 per
1143 1274 1336 1298 cameram
1361 1267 1498 1297 eatena
1521 1266 1671 1310 surgat.

251 1315 366 1353 Ovid.
392 1317 551 1352 Metam.
575 1318 621 1355 3:
651 1316 783 1353 vinela
800 1317 902 1353 duae
911 1316 1080 1366 pedibus
1098 1317 1268 1353 demunt.
1326 1315 1461 1352 Manil.
1479 1314 1528 1355 4:
1557 1322 1675 1364 etpe-

251 1371 367 1408 dibus
396 1372 517 1407 niveis
535 1371 745 1421 fulserunt
766 1385 889 1408 aurea
915 1372 1061 1409 vincla.
1120 1373 1224 1408 Fest.
1256 1375 1300 1410 1:
1337 1377 1511 1414 amenta,
1539 1369 1676 1419 quibus

249 1428 479 1463 vinciuntur
495 1427 688 1463 solearum
708 1427 806 1464 lora.
866 1425 1102 1464 Scholiastes
1118 1433 1230 1464 vetus
1250 1426 1443 1463 Iuvenalis
1465 1423 1516 1462 ad
1537 1431 1608 1461 sat.
1629 1424 1655 1464 5
1666 1436 1676 1461 ε
1690 1433 1702 1437 “

251 1481 436 1518 calcearii
468 1495 557 1518 cum
572 1482 790 1532 festinant,
820 1489 856 1518 et
877 1496 996 1519 ansas
1011 1482 1232 1532 caligarum
1242 1486 1492 1532 praetereunt
1509 1478 1676 1516 nonnul-

250 1538 325 1573 las.
385 1537 535 1573 Tibull.
571 1538 593 1575 1
624 1537 669 1584 5,
712 1539 737 1576 6
769 1543 806 1573 et
834 1540 873 1578 8.
933 1536 1166 1574 Ovid.Fast.
1185 1539 1236 1576 2:
1265 1535 1426 1574 vincula
1453 1533 1677 1572 scindebant

247 1592 384 1642 pedes,
414 1598 451 1628 et
474 1594 524 1631 3:
554 1591 716 1628 vinc-ula
728 1591 913 1640 plantae,
942 1599 980 1628 et
999 1592 1047 1632 5:
1069 1592 1191 1641 pedes
1210 1591 1324 1628 nulla
1341 1589 1486 1627 habent
1502 1589 1678 1635 vincula,

252 1654 296 1684 ut
312 1659 429 1684 ansae
446 1648 602 1684 vincula
621 1654 658 1683 et
675 1647 759 1684 lora
779 1646 919 1683 eadem
938 1648 1028 1683 sint.
1072 1646 1119 1683 de
1139 1648 1291 1696 magico
1309 1646 1406 1683 sacri
1423 1646 1500 1682 ritu
1515 1645 1642 1681 Flacc.
1653 1645 1679 1684 8

252 1705 467 1751 Argonaut.
501 1715 553 1738 ex
583 1702 610 1741 4
637 1700 835 1739 Aeneidos
867 1703 1139 1739 Maronianae:
1181 1701 1290 1738 ducit
1315 1708 1351 1737 et
1371 1700 1429 1737 ad
1441 1700 1610 1749 fluvios,
1646 1705 1680 1735 et

253 1757 415 1794 vincula
436 1758 580 1794 solvere
599 1764 789 1794 monstrat
799 1758 936 1806 prima
948 1757 1110 1807 pedum.
1172 1755 1339 1808 denique
1365 1756 1590 1793 Petronius:
1619 1759 1679 1790 at-

254 1826 330 1863 que
355 1813 460 1848 alius
487 1813 662 1848 tunicam
690 1825 817 1848 meam
843 1812 1007 1858 lacerat,
1035 1813 1140 1849 alius
1160 1812 1320 1850 vincula
1339 1811 1681 1848 calceamentorum

255 1867 415 1903 resolvit
435 1881 484 1903 ac
505 1866 637 1903 trahit.
697 1868 883 1904 DEMPST.

371 1923 461 1962 106.
519 1923 641 1959 rarior
666 1920 771 1971 apud
798 1929 974 1959 auctores
1004 1921 1272 1959 Parthicorum
1301 1921 1492 1959 vellerum
1521 1921 1681 1958 mentio.

256 1979 393 2029 lynces
421 1984 552 2013 autem
577 1983 670 2027 puto
689 1978 879 2027 intelligi,
913 1990 1077 2028 quarum
1093 1977 1261 2027 pellibus
1281 1975 1438 2014 inducta
1455 1977 1572 2014 fuerit
1588 1989 1681 2026 pur-

255 2045 367 2083 pura.
426 2033 560 2082 lynces
578 2033 756 2082 Assyrias
781 2033 818 2069 ei
835 2034 924 2069 usui
947 2031 1074 2069 adhuc
1097 2031 1213 2069 hodie
1236 2030 1524 2069 commendatas
1545 2031 1682 2068 docem

257 2089 395 2124 eximii
425 2089 499 2123 viri
527 2094 566 2124 et
597 2087 828 2138 primatibus
857 2089 982 2124 omnis
1003 2089 1089 2125 aevi
1107 2086 1337 2124 accensendi
1355 2089 1516 2137 Augerii
1532 2087 1683 2123 Busbe-

258 2145 342 2194 quii
371 2143 572 2192 epistolae.
630 2141 805 2179 eiusdem
820 2144 938 2193 pretii
956 2149 1050 2193 puto
1072 2141 1224 2180 habitas
1242 2143 1494 2180 Arabioorum
1514 2143 1683 2178 murium

256 2199 402 2248 pelles,
437 2196 485 2234 de
507 2198 647 2249 quibus
664 2199 869 2235 Paullinus
889 2200 1020 2236 Iunior
1034 2200 1076 2235 iu
1093 2197 1380 2235 Eucharisticoz
1409 2197 1549 2234 cultior
1565 2203 1684 2247 utque

256 2252 356 2290 mihi
369 2254 482 2289 vestis
491 2253 601 2303 sora
617 2260 654 2289 et
667 2267 770 2290 nova
790 2267 921 2303 saepe,
950 2267 1123 2304 quaeque
1140 2253 1274 2290 Arabi
1286 2254 1408 2290 muris
1426 2252 1506 2289 leni
1509 2252 1684 2302 fiagra-

256 2314 315 2344 ret
340 2307 466 2344 odore.
526 2309 682 2345 invenio
716 2309 865 2346 Arabas
895 2309 1064 2360 pellibus
1093 2307 1315 2345 molliendis
1341 2307 1536 2358 singulare
1566 2305 1686 2343 artifi-

258 2364 364 2400 cium
402 2361 599 2400 habuisse.
660 2371 792 2401 auctor
828 2364 919 2401 libri
948 2363 995 2400 de
1026 2378 1067 2401 re
1096 2365 1278 2400 militari:
1315 2362 1492 2399 vitulinis
1513 2360 1686 2412 pellibus

256 2417 438 2456 Arabica
463 2425 546 2453 arte
569 2418 744 2455 mollitis.-
776 2425 833 2455 est
857 2421 959 2456 enim
986 2419 1100 2469 apud
1122 2432 1182 2455 eos
1201 2419 1419 2468 praecipua
1439 2417 1686 2468 confictionis

259 2486 354 2510 cura
369 2479 529 2522 propter
545 2486 692 2523 aquam
714 2474 762 2510 de
771 2475 904 2523 puteis
910 2474 1084 2525 jbllibus
1103 2473 1378 2510 hauriendam.
1431 2473 1570 2509 ultimo
1590 2483 1687 2508 aevo

259 2527 501 2566 Phoenicum
518 2529 641 2578 pelles
659 2529 701 2564 in
721 2531 800 2566 vita
821 2530 948 2567 Caroli
968 2530 1102 2579 Magni
1125 2529 1294 2565 celebrat
1313 2528 1578 2578 sangallensis
1595 2539 1685 2563 mo-

260 2582 422 2620 nachus.
478 2584 613 2620 Italica
636 2596 727 2621 vero
749 2585 915 2621 tinctura
935 2584 1191 2621 nobilissima.
1248 2585 1452 2620 Horatius:
1482 2582 1578 2619 lana
1607 2582 1684 2617 Ta-

263 2640 411 2675 rentino
442 2639 567 2676 violas
594 2639 748 2675 imitata
771 2639 907 2689 colore.
966 2639 1171 2676 Paullinus
1197 2637 1248 2675 ad
1275 2640 1471 2676 Nicetam:
1508 2635 1684 2687 Appulia

262 2694 332 2730 sed
356 2701 391 2731 te
419 2695 485 2732 via
505 2695 641 2743 prima
664 2695 791 2740 terris,
821 2701 855 2732 te
881 2693 996 2732 vehat
1015 2694 1130 2746 longo
1148 2695 1319 2744 spatzbsa
1330 2693 1475 2744 plana,
1503 2705 1583 2743 qua
1606 2690 1683 2727 Ca·-
