1702 3060
432 117 509 160 DE
541 115 816 161 LAUDIBUS
850 115 1038 159 lUSTIN
1039 115 1072 158 1.
1385 114 1481 160 393

23 239 174 280 -rgpone
193 238 248 264 ex
265 224 388 265 ductu
408 227 603 265 similium
622 228 845 265 litterarum
864 226 1007 264 tribuo.
1069 231 1216 278 quanta
1235 231 1368 263 autem
1386 226 1484 272 Qui-

24 284 151 327 ¹m’tum
186 285 308 322 etiam
343 284 608 332 Graecorum,
628 291 682 322 ut
710 297 733 321 a
758 283 922 322 Sidonio
947 289 1157 330 vocantur,
1187 284 1230 319 in
1253 282 1486 334 spectaculis

28 338 256 391 'ffigitandis
284 342 440 378 insania
466 341 610 389 fuerit,
638 348 683 378 ut
717 353 790 391 ego
821 341 1008 389 arbitror,
1038 341 1112 377 toti
1133 341 1301 390 imperio
1318 339 1487 377 Orientis

36 397 228 444 exitialis,
258 409 339 434 non
358 404 418 435 est
439 396 506 434 hio
530 410 628 448 opus
646 396 799 434 disseri.
828 398 993 434 Bima.
1053 395 1226 432 tribuam
1246 397 1460 446 Fogginus.

95 469 99 472 ·
146 453 242 495 351·
299 451 378 490 hoo
397 452 488 490 ideo
511 467 534 490 a
558 455 728 505 Corippo
748 453 898 490 dictum
917 459 995 500 est,
1027 451 1134 504 quod
1160 460 1250 503 post
1267 454 1405 490 Basilii
1424 455 1492 489 Iu-

29 509 159 548 1110118
175 509 423 548 consulatum
439 523 511 561 per
532 511 586 551 25
609 523 732 547 annos
753 511 890 547 Oriens
909 511 994 546 sine
1013 510 1240 546 consulibus
1262 510 1393 557 fuerit,
1423 522 1494 546 us-

27 578 115 619 -que
137 564 189 603 ad
205 567 381 617 primum
399 567 549 604 scilicet
568 579 716 603 3111111111
733 568 875 603 Iustini
899 567 1089 614 Iunioris,
1121 567 1191 617 qui
1218 566 1345 604 factus
1363 568 1494 616 impe—

24 627 142 660 orator
173 623 345 660 consulis
369 635 515 660 nomen
544 625 770 673 usurpavit,
818 630 856 660 et
887 625 942 660 ita
970 630 1059 673 post
1089 635 1181 659 eum
1210 623 1495 674 subsequentes

28 679 316 730 1imperatore83
349 684 393 715 ut
423 692 476 716 ex
506 680 726 716 Marcellini
754 680 866 716 fastis
889 681 1048 716 Graecis
1072 685 1110 716 et
1128 678 1380 717 Maffeiorum
1402 678 1497 716 dili-

38 736 267 788 gentissime
288 735 429 786 probat
448 734 674 786 Onuphrius
691 738 924 773 Panviuius.
982 738 1104 773 Ruiz.

151 792 249 834 352.
307 793 479 843 pertinet
507 791 558 829 ad
583 793 873 830 restitutionem
902 794 1119 830 consularis
1144 793 1286 840 officii,
1318 793 1411 843 quia
1431 794 1500 829 Iu—

41 849 142 887 stino
170 849 384 900 imperiuui
411 850 572 886 ineunte
604 851 657 888 26
685 851 819 897 annis,
860 862 882 885 a
913 850 1118 886 consulatu
1143 851 1332 885 nimirum
1361 850 1500 886 Basilii

41 906 88 944 V.
121 905 187 953 C.‚
223 911 434 942 vacaverat
461 906 496 941 is
527 907 780 955 magistratus
800 906 843 942 in
863 907 1042 953 Oriente,
1075 918 1195 957 quem
1216 907 1386 943 restituit
1410 907 1502 957 qui-

42 959 135 999 dem
166 962 341 999 Iustinus
373 962 507 1012 aliquo
532 960 675 1008 modo,
722 960 794 997 sed
822 963 906 998 eius
936 969 1070 998 tamen
1096 964 1286 1012 temporis
1311 960 1500 999 historiae

40 1030 124 1056 non
146 1018 228 1055 iam
248 1030 321 1068 per
342 1017 522 1055 consules
543 1030 666 1054 annos
686 1024 917 1064 numerant,
947 1024 991 1054 ut
1006 1020 1049 1054 in
1069 1019 1276 1055 Iustiniani
1299 1018 1416 1055 rebus
1437 1019 1502 1054 fe·-

44 1075 98 1112 cit
119 1075 337 1111 etiamnum
352 1075 486 1112 Victor
504 1074 806 1121 Tunnonensis,
838 1072 910 1110 sed
936 1086 1009 1124 per
1038 1087 1161 1112 annos
1182 1076 1426 1125 principum,
1457 1081 1502 1111 ut

42 1128 241 1169 Iohannes
266 1129 503 1167 Biclarensis
530 1130 698 1167 Victoris
726 1130 942 1180 suppletor.
1003 1130 1110 1181 quod
1138 1138 1271 1168 autem
1300 1132 1403 1168 inter
1426 1144 1502 1182 po-

43 1187 131 1239 puli
152 1186 343 1224 beneficia
364 1193 541 1224 recenset
559 1187 733 1223 Iustinus
755 1187 982 1223 consulatus
1003 1188 1312 1236 restitutionem,
1343 1195 1504 1239 propter

46 1243 154 1281 dona
170 1243 241 1281 illa
259 1242 518 1280 calendarum
541 1255 703 1280 suarum
724 1241 839 1288 dicit:
869 1255 964 1279 nam
982 1244 1167 1280 immanis
1191 1246 1308 1294 pretii
1331 1246 1505 1295 sparsio-

45 1312 118 1338 nes
134 1301 177 1337 in
192 1299 359 1350 vulgum
376 1298 708 1350 impendebantur
719 1328 729 1346 ,
761 1299 904 1350 quibus
930 1301 1167 1350 patrimonia
1185 1299 1426 1351 praeditium
1449 1302 1507 1337 ci-

47 1351 160 1396 fium
190 1354 548 1404 exhauriebantur3
579 1354 686 1393 unde
713 1357 864 1393 insanis
892 1356 973 1393 illis
1001 1356 1196 1393 sumtibus
1218 1356 1510 1395 interdixerunt

49 1410 289 1466 quandoque
319 1413 539 1464 principes,
569 1419 614 1449 ut
645 1412 947 1450 Valentinianus
979 1419 1017 1449 et
1044 1414 1263 1450 Martianus
1295 1426 1380 1465 cap.
1405 1417 1432 1456 2
1461 1412 1511 1450 de

51 1482 153 1508 coss.
181 1469 253 1507 lib.
279 1470 332 1510 12
359 1467 447 1506 cod.
475 1470 615 1506 lustin.
674 1469 915 1506 Iustinianus
946 1481 1040 1506 vero
1070 1468 1390 1507 interdictionem
1422 1483 1510 1507 eam

51 1525 212 1565 sustulit
232 1525 399 1563 Novella
424 1525 517 1566 105.
574 1527 741 1562 ΒΛΜἯ.
1218 1573 1222 1579 .

167 1580 264 1622 354·
320 1582 560 1619 Iustinianus
588 1583 696 1622 enim
723 1582 937 1630 imperator
962 1580 1112 1618 obierat
1135 1581 1249 1632 Cpoli
1272 1581 1403 1620 idibus
1427 1585 1511 1620 No-

54 1637 281 1676 vembribus
301 1651 403 1676 anno
424 1636 569 1675 christi
586 1637 687 1686 565,
717 1636 823 1674 unde
843 1638 923 1673 iam
941 1650 1067 1674 novus
1086 1650 1212 1676 annus
1233 1653 1303 1676 seu
1325 1638 1513 1676 calendae

54 1695 261 1734 Ianuariae
279 1694 501 1742 instabant,
533 1694 677 1745 quibus
697 1706 785 1731 mos
806 1700 888 1730 erat
911 1692 1017 1744 apud
1040 1695 1221 1746 antiquos
1241 1702 1279 1733 et
1300 1697 1428 1733 varios
1447 1696 1514 1734 lu-

57 1750 130 1790 dos
161 1763 368 1799 exercere,
400 1751 574 1801 auspicia
601 1751 696 1788 novi
723 1751 816 1786 anni
846 1763 1007 1800 capere,
1040 1748 1142 1787 dona
1169 1760 1207 1789 et
1233 1760 1384 1790 strenas
1409 1754 1516 1789 acci-

57 1820 153 1859 pere
184 1814 322 1844 mutuo
354 1813 392 1844 et
427 1806 543 1855 dare,
574 1805 645 1844 sed
677 1808 909 1857 praesertim
937 1806 1106 1843 conferri
1128 1808 1175 1844 ab
1199 1809 1516 1860 imperatoribus,

58 1870 106 1902 ut
130 1863 296 1901 inferius
317 1863 419 1901 libro
438 1863 464 1904 4
478 1893 488 1912 ,
521 1869 560 1900 et
578 1861 741 1900 tandem
760 1861 901 1900 eodem
921 1865 1040 1900 etiam
1060 1861 1124 1901 die
1139 1866 1231 1903 iniri
1252 1867 1514 1903 consulatum.

57 1921 181 1961 Rmz.

172 1975 270 2018 359.
325 1977 383 2015 sic
407 1977 449 2013 in
476 1976 698 2027 exemplari
718 1982 799 2013 erat
818 1976 943 2014 male:
969 1991 1043 2027 per
1071 1977 1193 2015 laetos
1221 1979 1362 2029 ingens
1372 1979 1517 2029 fremit

60 2032 237 2084 undique
250 2047 443 2071 murmur.
474 2034 662 2071 Dems'r.
718 2046 883 2070 mancus
898 2041 957 2071 est
973 2047 1122 2083 versus,
1143 2033 1215 2072 sed
1230 2034 1517 2072 restituendum

61 2090 271 2127 existimo:
297 2103 371 2140 per
390 2089 529 2136 laetos,
551 2091 691 2141 ingen-s·
692 2091 839 2139 fremit
854 2090 1046 2141 undique,
1076 2099 1110 2127 et
1129 2092 1303 2142 undique
1319 2105 1516 2139 murmur,-

63 2158 168 2197 quae
197 2147 431 2184 coniectatio
464 2149 584 2184 etiam
609 2147 723 2183 Eliae
749 2145 928 2184 Putschii
955 2148 1045 2185 fuit.
1102 2149 1359 2200 Dempsterus
1390 2149 1516 2185 aliter.

62 2203 230 2240 ΒΑΜ-11.

177 2257 232 2295 ib.
294 2260 489 2297 rationem
521 2258 721 2296 emendati
750 2260 816 2298 vel
841 2260 971 2311 potius
1003 2260 1175 2311 suppleti
1202 2273 1338 2298 versus
1365 2258 1522 2297 reddidi

66 2327 187 2366 supra
205 2313 258 2352 ad
277 2328 317 2353 v.
337 2315 434 2357 314.
471 2317 596 2354 Rrr’r.
662 2317 848 2353 lacunam
874 2317 1083 2367 supplebat
1111 2316 1418 2365 Rittershusius‚
1450 2315 1527 2353 du-

29 2398 32 2403 ·
67 2371 222 2423 plicans
251 2385 392 2410 vocem
420 2374 573 2424 ingens.
634 2374 829 2411 Meursius
848 2375 890 2410 in
912 2374 1004 2412 Crit.
1023 2374 1173 2411 Arnob.
1192 2373 1218 2413 4
1251 2374 1302 2415 15
1336 2374 1528 2424 supplen-

27 2427 34 2437 “
68 2425 169 2464 dum
184 2430 357 2466 censuit:
375 2429 522 2480 fremit
536 2429 711 2481 undique
728 2437 764 2466 et
779 2430 955 2481 undique
970 2444 1164 2476 marmur.
1204 2436 1417 2483 utrumque
1434 2442 1529 2481 pro·

69 2484 217 2522 babile.
273 2486 403 2526 Foco.

184 2543 281 2582 360·
339 2541 445 2580 hunc
474 2543 607 2580 locum
634 2540 812 2580 laudavit
839 2543 1109 2594 Bulengerus,
1137 2543 1199 2580 vir
1225 2543 1427 2580 maximus
1452 2553 1531 2576 non

22 2640 26 2642 ,
73 2597 207 2635 minus
234 2598 278 2634 in
307 2600 427 2636 sacris
457 2612 578 2651 quam
605 2597 905 2637 humanioribus
933 2600 1089 2638 litteris.
1146 2601 1181 2637 is
1211 2612 1305 2650 ergo
1332 2599 1404 2635 lib.
1430 2598 1451 2636 1
1484 2594 1533 2631 de

74 2651 230 2691 theatro
251 2667 286 2691 0.
303 2653 357 2695 51
374 2654 536 2694 adducit
553 2671 574 2694 e
591 2655 808 2694 Claudiano
830 2655 879 2693 de
897 2658 923 2697 6
937 2659 1087 2694 Honor.
1106 2657 1267 2694 Consul.
1285 2654 1359 2691 hos
1375 2662 1535 2690 versus:

76 2722 343 2761 consen-euque
367 2725 490 2749 cavae
516 2711 698 2751 sublatus
726 2715 770 2750 in
794 2713 955 2750 aethera
981 2713 1101 2752 vallis
1121 2711 1255 2763 plebis
1270 2710 1459 2747 adoratae
1474 2720 1537 2743 re·-

80 2764 172 2804 boat
185 2766 350 2819 fragor.
411 2775 452 2806 et
480 2770 537 2807 sic
566 2769 650 2808 vult
680 2771 782 2821 legi:
813 2783 1003 2808 consensu.
1033 2782 1176 2808 caveae
1202 2765 1383 2805 sublatus
1404 2766 1448 2802 in
1467 2777 1537 2801 ae—
