1702 3060
282 141 379 187 456
687 143 869 184 NOTAE
900 143 966 188 IN.
990 144 1200 186 LIBRUM
1230 145 1292 186 IV

280 249 402 286 inulto
425 249 535 299 plura
558 247 750 286 observari
771 249 985 299 potuissent
1005 250 1052 286 ab
1071 251 1156 288 aliis
1171 278 1181 298 ,
1212 252 1279 301 qui
1299 257 1336 288 et
1354 251 1508 302 ingenio
1529 260 1567 291 et
1589 253 1683 291 dili-

280 305 410 354 gentia
435 304 522 352 plus
550 303 702 352 valent,
743 310 827 341 tum
857 303 907 340 ad
935 306 1123 354 poematis
1151 307 1355 343 lectionem
1385 306 1681 346 emendatiorem

281 356 540 403 reddendam,
570 363 654 394 tum
682 371 773 396 vero
802 357 852 395 ad
877 357 1076 396 historiam
1094 361 1229 396 Iustini
1248 364 1273 400 2
1295 363 1466 399 Caesaris
1483 374 1535 398 ex
1550 365 1680 401 multis

281 412 496 448 auctoribus
527 412 682 450 Graecis
707 420 744 450 et
769 415 914 450 Latinis
939 416 1062 464 magis
1084 414 1368 464 illustrandam,
1397 429 1561 466 qnorum
1582 429 1680 454 ιιειι-Δ

279 473 383 502 trum
400 479 539 503 munus
558 474 614 504 est
631 476 850 518 susceptum
875 481 897 504 a
922 469 1052 517 nobis,
1079 471 1218 520 quibus
1237 477 1388 507 tautum
1404 472 1445 507 in
1463 472 1589 508 animo
1607 472 1680 509 fuit

279 522 486 570 Corippum
510 522 639 571 ipsum
664 525 718 560 ita
743 525 783 559 iu
809 524 935 560 lucem
951 522 1062 571 dare,
1091 531 1133 560 ut
1150 531 1279 562 nostra
1299 537 1415 575 opera
1435 525 1482 562 ab
1505 527 1680 563 omnibus

277 575 459 613 studiosis
489 577 680 625 legeretur
708 585 745 615 et
773 578 855 616 sine
884 579 1017 616 multis
1051 577 1337 618 difficultatibus
1369 580 1485 617 etiam
1515 581 1680 631 intelligi

274 637 418 679 posset.
472 632 591 669 Rmz.

384 707 479 746 321.
522 708 670 759 fidem]
709 709 750 745 in
774 708 884 747 initio
910 710 1144 761 principatus
1174 711 1254 759 sui,
1291 716 1335 748 ut
1356 723 1470 761 supra
1486 708 1692 759 admonui,-

277 761 447 797 Iustinus
476 763 609 812 pietati
635 762 808 811 deditus,
843 772 881 802 et
908 772 999 802 tunc
1020 765 1171 803 videtur
1189 764 1263 802 hoc
1282 778 1377 816 opus
1393 766 1588 816 scriptum.
1642 768 1698 802 at*

276 822 410 865 postea
436 818 686 866 Pelagianam
707 820 910 869 amplexus
925 818 1117 858 haeresim
1133 821 1208 857 iuri
1226 820 1480 858 ecclesiastico
1498 832 1577 857 non
1594 833 1680 856 me-

275 869 455 907 diocriter
471 870 687 922 derogavit,
716 880 759 910 ut
778 875 971 912 nonnullis
992 876 1129 915 visum.
1183 876 1364 912 Dzmsr.

383 950 476 989 831.
531 951 615 986 sine
634 951 796 1001 semine]
826 952 954 988 allecti
980 959 1087 989 erant
1115 963 1204 1000 ergo
1234 951 1302 1002 qui
1326 962 1405 987 non
1432 955 1539 999 sunt,
1562 957 1606 988 ut
1627 952 1698 988 ait'

271 1002 447 1051 Persius,
483 1006 676 1052 patricius
702 1007 880 1056 sanguis,
919 1005 987 1043 sed
1011 1009 1052 1043 in
1081 1006 1260 1056 patricios
1287 1006 1465 1055 cooptati.
1521 1006 1700 1043 Suetons

271 1057 364 1096 Tib.
385 1061 403 1097 1
418 1086 428 1104 ‚
458 1059 583 1097 Tacit.
602 1061 741 1099 Annal.
761 1062 809 1099 11
823 1072 834 1096 2
861 1061 996 1097 iisdem
1012 1061 1145 1098 diebus
1161 1062 1203 1096 in
1219 1061 1680 1110 numerumpatriciontm

271 1111 438 1150 adscivit
459 1113 602 1149 Caesar
619 1116 914 1151 venalissimum
930 1129 1116 1166 quemque
1133 1129 1153 1152 e
1167 1122 1320 1159 senatu,
1343 1122 1415 1151 aut
1430 1113 1570 1165 quibus
1583 1115 1683 1151 clari

270 1174 446 1214 parentes
453 1167 639 1216 fuerant,
663 1170 803 1216 paucis
819 1171 899 1205 iam
916 1170 1073 1220 reliquis
1076 1170 1348 1221 familiarum,
1375 1183 1474 1219 quas
1488 1170 1682 1206 Romulus

269 1222 462 1256 maiorum
491 1229 526 1257 et
554 1223 593 1258 L
621 1223 760 1259 Iunius
787 1224 939 1261 Brutus
969 1226 1159 1261 minorum
1177 1225 1353 1274 gentium
1369 1223 1680 1274 appellaverant,

270 1275 467 1311 exhalas-tis
486 1278 601 1312 etiam
620 1291 718 1327 quas
736 1278 900 1315 dictator
923 1279 1066 1316 Caesar
1084 1279 1167 1330 lege
1194 1279 1329 1317 Cassia
1343 1285 1379 1314 et
1389 1281 1572 1328 princeps
1587 1280 1680 1315 Λιι-

265 1337 408 1379 guslas
430 1330 514 1381 lege
540 1332 658 1368 Senia
677 1332 885 1383 sublegere.
945 1335 1091 1370 clarum
1110 1346 1200 1384 ergo
1220 1339 1392 1370 vetustae
1412 1334 1539 1383 stirpis
1565 1346 1679 1370 seua-

268 1391 372 1422 tores
391 1387 624 1435 conse-raptos
644 1386 741 1435 dici,
775 1389 870 1425 alios
891 1388 1066 1434 allectos,
1092 1402 1171 1426 non
1189 1386 1348 1439 quidem
1362 1389 1404 1424 in
1423 1389 1484 1424 ius
1503 1388 1678 1436 civitatis,

269 1452 348 1490 quo
369 1439 465 1490 quid
485 1440 715 1478 absurdius?
745 1442 815 1478 sed
840 1444 880 1479 in
909 1450 1104 1492 senatum,
1133 1450 1175 1480 ut
1194 1444 1379 1480 assentiar
1395 1443 1478 1480 viro
1498 1441 1680 1480 eruditis-

269 1496 370 1531 simo
388 1496 534 1545 legenti
553 1495 656 1546 apud
676 1497 905 1534 Suetonium
922 1500 1022 1548 Aug.
1044 1502 1091 1540 2:
1121 1512 1165 1535 ea
1178 1511 1277 1548 geras·
1294 1499 1393 1533 inter
1406 1498 1568 1534 minores
1579 1510 1679 1548 gezz-

269 1556 326 1585 iea
351 1549 510 1595 allecta,
541 1552 641 1588 claro
673 1565 808 1600 sensu,
836 1559 880 1589 ut
909 1552 1005 1592 dixi.
1062 1560 1173 1590 antea
1194 1553 1295 1589 male
1313 1553 1516 1589 Romanas
1528 1559 1674 1602 gentes.

266 1617 386 1653 supra
403 1604 478 1641 hoc
495 1606 592 1642 libro
614 1608 702 1646 143.
732 1608 912 1647 Dmn‘sr.
966 1615 1056 1644 nota
1076 1622 1127 1644 ex
1143 1609 1225 1644 iure
1241 1613 1372 1644 nostro
1390 1620 1450 1644 res
1462 1635 1473 1654 ,
1499 1608 1680 1656 patricia-

266 1666 332 1695 tus
360 1658 527 1709 dignitas
541 1690 551 1708 ,
581 1674 678 1711 quae
707 1668 787 1697 erat
815 1670 1019 1712 perpetua,
1053 1676 1128 1714 qua
1148 1664 1293 1700 ratione
1313 1668 1351 1698 et
1371 1674 1522 1699 suimna
1542 1660 1679 1698 dicitur

269 1727 294 1750 a
314 1717 525 1752 Iustiniano
546 1717 586 1752 in
607 1714 629 1766 ξ
641 1716 946 1767 filiusfamilias.
1006 1720 1128 1756 Instit.
1153 1718 1256 1769 quib.
1281 1715 1385 1755 mod.
1405 1717 1478 1755 ius.
1500 1723 1578 1766 pat.
1597 1723 1678 1766 pot.

266 1771 365 1809 solv.
424 1770 649 1807 dicebantur
663 1777 789 1807 autem
809 1774 958 1821 patricii
973 1781 1151 1824 parentes
1166 1772 1349 1823 principis
1362 1800 1372 1818 ‚
1400 1777 1446 1808 ut
1465 1772 1506 1807 in
1525 1770 1678 1808 Antho-

266 1825 349 1873 log.
371 1824 398 1864 4
425 1824 452 1864 4
480 1824 529 1860 de
546 1827 752 1862 Aureliano
769 1827 956 1876 legimus:
986 1826 1034 1868 ὃν
1055 1826 1305 1879 τρισέπαρχον
1323 1825 1389 1865 καὶ
1403 1824 1547 1878 πατέρα
1566 1827 1679 1877 βασι-
1697 1832 1699 1834 ’

268 1881 362 1928 λῆες
381 1877 450 1918 {dv
470 1879 675 1918 καλέσαντο
693 1879 872 1931 μέγιστοι.
900 1889 939 1918 et
958 1882 1095 1920 eodem
1113 1883 1210 1918 libro
1230 1884 1289 1920 tit.
1308 1883 1360 1920 28
1379 1879 1427 1916 de
1445 1881 1676 1918 Ammonio:

264 1929 509 1983 ’Λμμῶνιος,
539 1931 581 1980 ὅς
606 1931 794 1984 βασιλῆός
817 1935 894 1974 ἐστι
922 1935 1058 1988 πατήρ.
1114 1939 1169 1974 sic
1202 1943 1239 1972 et
1265 1942 1392 1985 patres
1422 1935 1506 1972 sine
1528 1937 1676 1972 semine

266 1989 391 2025 factos
411 1987 538 2024 dicere
557 1991 680 2038 possis
692 2018 702 2036 ,
732 1991 798 2040 qni
818 1992 935 2028 nullis
955 1993 1044 2028 licet
1064 1991 1270 2041 procreatis
1290 1991 1551 2040 susceptisque
1574 1990 1676 2026 libe-

269 2044 322 2080 ris
342 2045 427 2080 iura
445 2045 562 2079 trium
580 2052 758 2080 natorum
775 2044 1013 2094 indulgentia
1035 2046 1226 2095 imperiali
1246 2044 1597 2095 consequebantur3
1627 2044 1676 2080 de

268 2098 411 2149 quibus
437 2097 522 2135 dixi
538 2098 717 2135 nonnihil
737 2099 787 2135 ad
803 2101 919 2136 Plinii
943 2113 986 2137 ac
1001 2101 1161 2138 Traiani
1181 2100 1361 2150 epistolas
1379 2099 1605 2137 amoebaeas
1625 2101 1689 2138 10·

264 2167 329 2203 ep.
348 2154 401 2194 95
419 2161 459 2190 et
474 2156 525 2194 96
547 2167 586 2203 p.
606 2157 697 2195 298.
752 2157 872 2195 Βιττ-

365 2223 469 2260 ·333.
518 2227 635 2269 paler
661 2222 832 2271 imperii]
862 2221 1062 2257 Iustinian.
1092 2221 1214 2260 Instit.
1239 2223 1259 2261 1
1287 2221 1346 2260 tit.
1370 2221 1420 2260 12
1449 2217 1472 2270 ᾗ
1497 2218 1547 2258 4:
1589 2219 1675 2269 quis·

258 2275 440 2322 patiatur
464 2276 751 2324 imperatoriam
776 2276 1039 2312 celsitudinem
1067 2290 1144 2313 non
1163 2275 1299 2312 valere
1327 2288 1415 2312 eum
1423 2301 1439 2318 ‚
1465 2275 1580 2324 'quem
1601 2273 1676 2309 sihi

257 2334 413 2377 patrem
441 2329 572 2378 elegit,
597 2329 649 2366 ab
665 2331 794 2366 aliena
810 2332 967 2367 eximere
981 2331 1193 2380 potestate?
1232 2329 1338 2367 idem
1357 2330 1385 2366 l.
1406 2329 1431 2369 5
1449 2329 1493 2364 C.
1512 2327 1561 2364 de
1579 2340 1674 2364 con-

264 2384 362 2420 sul-2
391 2396 440 2419 ne
469 2385 689 2430 videantur,
723 2387 792 2435 qui
822 2399 848 2421 α
878 2385 986 2423 nobis
1013 2386 1094 2422 loco
1114 2386 1244 2435 patris
1267 2384 1519 2428 honomnmr,
1546 2382 1672 2418 alieno

266 2439 344 2475 iuri
367 2451 445 2475 esse
467 2438 640 2475 subiecti.
701 2439 948 2490 designantur
968 2442 1189 2491 patriciatus
1207 2439 1352 2477 honore
1372 2438 1577 2485 sublimes,
1604 2438 1692 2488 qui.

260 2499 397 2541 patres
424 2495 618 2542 principis·
653 2493 850 2542 dicuntur,
891 2494 1051 2545 Niceph.
1083 2496 1230 2532 Eccles.
1259 2495 1402 2531 Histor.
1435 2495 1482 2532 13
1513 2495 1550 2533 1.
1607 2491 1672 2528 adi

266 2549 485 2584 Marcilium
508 2549 848 2598 incomparabilem
876 2551 961 2587 loco
987 2551 1153 2589 Institut.
1183 2551 1308 2587 citato.
1365 2553 1466 2584 recte
1487 2559 1578 2596 ergo
1598 2558 1671 2596 pa-

265 2604 400 2639 tricius
418 2602 653 2654 Luitprando
667 2606 876 2654 exponitur
891 2602 1019 2656 πατὴρ
1036 2602 1231 2655 βασιλέως,
1259 2610 1298 2640 et
1314 2602 1458 2640 Suidae
1473 2601 1672 2653 πατρίκιος

265 2657 393 2711 πατὴρ
410 2661 480 2699 τοῦ
499 2661 644 2700 κοινοῦ.
693 2666 824 2698 noster
840 2658 905 2698 hic
919 2661 1072 2710 imperii
1079 2665 1203 2709 pater.
1251 2657 1357 2696 idem
1372 2655 1512 2697 suidas
1527 2655 1570 2694 in
1586 2657 1669 2697 Au—
