1702 3060
259 113 325 163 94
738 131 742 134 ·
870 113 1088 159 CORIPPI

369 222 588 275 comprimit
608 222 692 272 ipse
712 232 782 258 sua
803 227 840 258 et
859 221 969 258 letali
990 219 1162 272 pondere
1181 230 1351 275 quassat.

369 292 620 326 Manzorasen
643 287 819 325 medium
835 287 962 338 rigido
981 302 1165 326 mucrone
1184 289 1408 328 tremendus

259 356 338 398 765
369 355 528 402 dividit3
558 357 677 406 inque
694 355 796 392 latus
815 357 970 405 gemina
991 355 1154 392 defluxit
1171 363 1379 408 utrumque

367 429 475 472 parte
496 420 652 458 cadens.
709 423 890 471 iugulum
911 424 1064 472 rapiens
1089 421 1228 460 deiecit
1247 425 1353 460 Icirti

367 495 633 539 armatamque
654 501 837 526 manum:
866 490 1013 526 ferrum
1033 497 1139 527 tenet
1157 490 1227 526 illa
1248 495 1471 539 retractans,

367 554 532 604 frigidus
552 556 620 591 ille
641 554 757 592 cadit.
815 563 940 594 terrae
961 563 1107 594 tremor
1126 557 1267 606 ingerit
1286 558 1400 605 ictus,

368 623 570 659 excutiens
593 622 728 660 calidis
747 625 952 663 morientia
971 622 1130 660 brachia
1149 625 1294 660 nervis.

255 688 283 727 7
285 689 336 728 70
419 689 581 725 Mazana
601 691 839 739 prospiciens
859 690 1075 727 ferventem
1094 689 1210 727 caede
1228 688 1456 740 Iohannem,

367 754 528 802 obvius,
559 753 726 792 adducto
746 762 899 793 tentans
917 755 1058 794 hastile
1079 758 1234 805 lacerto,

366 821 499 868 irruit3
528 823 647 872 inque
669 823 798 858 virum
815 824 976 859 veniens
998 829 1041 859 ut
1061 824 1208 860 missile
1226 823 1350 870 torsit,

365 888 484 924 flectit
504 901 650 939 equum
671 887 879 926 domitans.
936 890 1046 926 fortis
1069 888 1138 926 sed
1155 889 1316 926 vulnera
1337 887 1471 926 ductor

365 955 475 990 nulla
499 967 667 1004 pavens,
700 957 824 1007 clipeo
846 962 1067 993 contentam
1090 954 1219 992 deviat
1239 954 1395 992 hastam

257 1017 337 1060 775
367 1021 600 1070 suscipiens,
631 1024 839 1074 ipsumque
857 1025 956 1073 petit
974 1036 1052 1060 non
1069 1023 1223 1059 territus
1241 1021 1409 1070 hostem,

366 1093 406 1123 et
424 1088 513 1123 ferit
531 1087 762 1138 intrepidus.
817 1088 961 1126 virides
985 1103 1095 1126 cruor
1113 1088 1234 1125 inficit
1253 1087 1395 1126 herbas

367 1155 553 1192 exsiliens
567 1184 576 1203 ,
606 1162 836 1207 tantumque
853 1157 953 1193 iacet
968 1169 1038 1206 per
1053 1168 1142 1192 rura
1159 1153 1337 1191 cadaver.

420 1220 579 1258 Viderat
600 1223 802 1272 ingentem
823 1221 1015 1259 deiectum
1038 1223 1196 1259 vuhlere
1216 1221 1377 1257 fratrem

369 1286 559 1333 Gardius;
591 1291 834 1337 exitiumque
854 1302 994 1337 parans
1017 1287 1226 1325 defendere
1243 1287 1372 1325 fratris

255 1356 335 1395 780
366 1366 453 1389 ecce
474 1353 600 1401 volat,
629 1360 754 1390 tectus
774 1354 898 1403 clipeo
918 1353 1085 1403 telisque
1103 1355 1306 1404 superbus,

367 1419 644 1471 ductoremque
664 1421 776 1470 petit.
833 1419 1032 1469 compellit
1051 1421 1202 1456 conscia
1222 1422 1347 1458 virtus

363 1489 618 1538 germanique
642 1485 766 1524 dolor.
821 1484 922 1522 ludit
941 1483 1036 1522 dum
1050 1487 1197 1536 poplite
1217 1487 1319 1523 flexo

363 1555 591 1602 subsiliens,
621 1554 832 1590 tremulam
848 1566 919 1603 per
937 1558 1062 1589 costas
1085 1554 1224 1604 accipit
1247 1551 1401 1590 hastam

360 1622 531 1671 tegmine
550 1627 761 1668 transacto,
791 1618 1007 1670 ceciditque
1025 1618 1169 1656 infixus
1188 1632 1342 1657 arenae.

252 1687 332 1730 785
361 1701 479 1739 quem
499 1688 623 1724 bonus
638 1687 783 1724 affatur
801 1687 949 1724 victum
965 1687 1046 1723 iam
1063 1693 1188 1723 morte
1207 1685 1418 1726 Iohannesa

355 1749 456 1790 “hoc
479 1760 578 1800 erat,
606 1754 770 1800 infelix,
801 1752 906 1803 quod
923 1765 994 1789 nos
1014 1755 1154 1789 virtute
1172 1753 1345 1802 petebas,

360 1821 513 1857 nescius
524 1818 542 1856 ’ἔ
578 1832 627 1855 an
651 1819 761 1855 fratri
781 1821 909 1868 potius
931 1831 1059 1855 comes
1079 1820 1135 1854 ire
1153 1817 1347 1868 parabas?

364 1900 414 1924 en
431 1887 601 1937 perfecta
619 1892 687 1923 tua
709 1892 786 1933 est,
819 1891 1019 1921 consumta
1037 1891 1166 1934 parte,
1195 1885 1387 1933 voluntas,

365 1953 460 1991 dure
480 1953 626 2002 magis3
656 1950 917 2003 praedamque
936 1951 1053 1987 simul
1071 1958 1315 2003 mortemque
1335 1958 1489 1992 secutus

254 2023 334 2063 790
360 2020 501 2057 finibus
521 2032 543 2055 a
562 2019 718 2069 Libycis
738 2020 882 2068 pariter
901 2031 990 2054 cum
1007 2018 1124 2055 fratre
1144 2014 1338 2056 recedis‚”

415 2088 598 2124 Protinus
619 2083 780 2122 adversa
802 2085 939 2122 Cullan
956 2086 1053 2135 petit
1070 2084 1211 2123 arduus
1230 2084 1355 2135 hasta,

359 2155 678 2205 persequiturque
701 2150 798 2188 dire.
856 2165 1012 2202 campos
1037 2151 1102 2189 dat
1121 2159 1231 2202 terga
1251 2166 1322 2203 per
1341 2162 1490 2192 omnes·

359 2222 518 2256 Maurus
540 2232 679 2270 eques,
707 2231 850 2268 magno
868 2219 1024 2269 fugiens
1046 2223 1273 2256 conterritus
1291 2218 1420 2258 hoste.

360 2286 524 2337 perfurit
542 2287 626 2336 ipse
647 2298 835 2337 sequens,
863 2287 993 2323 missis
1015 2286 1171 2337 configit
1189 2293 1227 2323 et
1246 2284 1368 2324 hastis

252 2353 332 2396 795
360 2360 470 2403 terga
489 2354 639 2400 virum3
669 2353 893 2404 multusque
910 2352 1081 2390 infundit
1099 2354 1254 2404 sanguis
1273 2364 1423 2391 arenas.

360 2432 520 2470 corpora
543 2419 664 2456 densa
687 2419 829 2456 cadunt
849 2420 974 2456 latum
993 2421 1167 2457 revoluta
1186 2433 1256 2470 per
1274 2431 1432 2472 aequor.

361 2494 483 2525 terror
503 2489 760 2537 Languantan
775 2487 943 2537 impellit
959 2488 1121 2525 Martius
1135 2485 1308 2524 hostem:

251 2607 317 2644 765
341 2607 478 2642 deflexit
505 2608 599 2654 apud
622 2607 664 2641 M
791 2607 859 2641 766
880 2606 995 2652 Icirti]
1017 2607 1154 2640 inertem
1180 2607 1223 2640 M
1351 2606 1417 2642 788
1439 2605 1618 2638 consancta
1641 2603 1673 2637 Τ

250 2655 316 2688 789
340 2653 423 2686 dura
440 2654 480 2689 M
608 2653 676 2687 792
696 2650 768 2685 dire
786 2653 827 2692 Τ,
850 2651 939 2684 uiros
953 2652 1004 2685 Μ.
1047 2653 1168 2687 saltem
1182 2652 1288 2687 virum
1431 2649 1499 2685 794
1521 2648 1671 2693 confugit

252 2702 287 2733 et
301 2699 404 2734 hostis
422 2699 455 2732 Τ
582 2699 649 2734 797
671 2701 761 2732 tetro
776 2696 945 2741 ssaguaten
964 2698 1003 2732 T.
