1702 3060
291 161 353 208 74
889 162 1104 205 CORIPPI

400 272 604 321 proliciunt
628 283 696 307 sua
717 271 795 307 tela
815 271 910 318 viri,
943 271 1181 323 genibusque
1201 273 1355 322 tyranni

399 342 598 372 accurrunt
617 336 759 373 celeres
771 365 781 383 ‚
812 343 849 372 et
865 339 986 374 amica
1007 351 1100 374 voce
1120 339 1299 374 salutant.

319 405 370 442 60
397 401 587 438 iudicibus
606 403 684 438 iam
702 403 809 438 nulla
830 404 948 440 salus.
1005 403 1099 455 quid
1119 410 1252 440 cuncta
1274 403 1442 441 referre?

398 479 550 503 oramus
572 470 748 505 veniam:
779 467 890 506 datur
910 471 1027 506 ilicet.
1085 472 1236 520 egimus
1253 467 1382 507 hostes

395 545 466 582 per
484 535 601 569 vitam
616 535 741 571 iurare
758 547 888 572 suam:
918 537 1043 573 fecere
1061 538 1196 573 coacti.

394 599 579 636 finximus
597 600 765 637 infandis
783 602 903 638 veluti
923 604 1064 639 servire
1081 603 1268 653 tyrannis.

394 666 603 702 Iustiniana
627 667 727 716 polis
744 670 869 704 saevis
886 675 979 706 tunc
996 668 1135 706 tradita
1156 671 1300 706 Mauris

309 728 362 770 65
390 737 491 767 sorte
509 731 579 767 sub
600 734 770 782 ancipiti.
827 736 1017 771 sociorum
1038 735 1186 772 flectere
1201 742 1352 772 mentes

390 803 477 845 post
496 797 605 832 licuit
622 811 692 847 per
709 799 825 835 verba
842 799 954 836 mihi.
1011 803 1217 839 Marturius
1235 815 1312 838 una

396 864 555 899 consilio
574 871 747 901 maturus
770 872 862 900 erat.
922 868 1187 916 compellimus
1211 869 1323 904 ambo

393 934 571 966 nutantes
593 932 742 967 animos
765 933 929 981 propriis
951 945 991 969 se
1012 931 1174 968 reddere
1197 933 1334 982 signis.

394 1007 590 1032 assensere
610 998 706 1033 viri:
741 1000 873 1035 castris
894 1011 1047 1036 sensere
1071 999 1254 1048 malignis

313 1061 365 1098 70
390 1060 578 1109 paulatim
595 1068 741 1100 tentare
759 1064 907 1114 fugam.
963 1077 1026 1100 me
1044 1066 1167 1101 noctis
1184 1065 1330 1099 amicae

395 1127 561 1175 eripiunt
576 1127 789 1178 trepidum,
819 1131 932 1166 turba
950 1132 1154 1167 comitante
1166 1159 1175 1177 ,
1203 1129 1404 1175 *tenebram

394 1195 699 1245 perveniensque
717 1208 824 1232 meas
843 1196 925 1233 vicli
947 1209 1035 1233 cum
1055 1198 1215 1246 coniuge
1236 1194 1363 1232 sedes.

398 1256 539 1295 deserit
558 1260 739 1298 infandos
758 1262 911 1311 fugiens
930 1264 1134 1300 Max-tutius
1151 1261 1296 1299 hostes.

394 1331 481 1373 post
501 1328 676 1376 sequitur
690 1329 818 1364 miles.
874 1329 998 1363 voluit
1014 1330 1253 1380 quicunque,
1283 1327 1478 1365 remansit.

313 1387 366 1429 75
395 1392 606 1428 Iustiniana
624 1393 726 1442 polis
745 1394 940 1429 nocturnis
958 1393 1142 1443 panditur
1158 1396 1273 1432 armis
1286 1406 1299 1432 τ

391 1456 610 1505 proditione
628 1459 694 1507 pia
713 1459 806 1495 civis
822 1459 1004 1509 patefecit
1024 1462 1182 1497 amicus.

390 1520 455 1558 hic
476 1525 566 1573 iuga
585 1536 664 1560 non
686 1527 812 1574 potuit
830 1526 935 1562 saevi
952 1525 1112 1563 sufferre
1131 1526 1300 1577 tyranni.

389 1591 499 1638 signa
518 1596 647 1626 tamen
671 1591 810 1628 clausis
831 1591 1034 1629 servabant
1055 1593 1211 1643 publica
1225 1593 1361 1629 muris.

387 1667 458 1691 nec
477 1658 603 1705 potuit
624 1658 851 1708 quisquam,
882 1671 1018 1708 campo
1039 1671 1264 1709 congressus
1281 1666 1426 1708 aperto,

307 1723 359 1763 80
387 1720 569 1758 hostilem
589 1729 737 1759 tentare
758 1735 941 1770 manum3
971 1737 1043 1760 nec
1064 1724 1198 1761 cedem
1219 1723 1354 1760 ductor

388 1789 467 1824 iam
486 1789 609 1825 voluit
628 1789 750 1824 socios
764 1817 773 1835 ‚
807 1789 932 1826 Stutia
954 1793 1107 1827 vivente
1127 1792 1316 1841 maligno.

449 1855 582 1891 Africa
602 1853 695 1890 dum
711 1857 828 1892 tantis
847 1862 1005 1905 urgetur
1021 1858 1123 1894 fessa
1139 1858 1307 1907 periclis,

391 1919 637 1956 Ariobindeis
655 1920 847 1957 fulserunt
869 1934 1035 1972 aequora
1054 1925 1192 1972 proris.

394 1985 562 2022 adventu
582 1993 760 2037 stupuere
782 1986 911 2034 ducis3
944 2000 1039 2037 gens
1055 1989 1186 2024 territa
1205 1988 1318 2024 cessit

311 2051 363 2093 85
391 2054 646 2101 Languantan
665 2054 790 2089 terris.
847 2054 997 2091 utinam
1014 2067 1092 2090 non
1110 2054 1177 2090 ille
1194 2060 1357 2103 penates

390 2120 610 2155 Poenorum
628 2117 789 2155 vidisset
805 2117 927 2156 iners!
985 2126 1077 2155 tunc
1096 2120 1226 2156 Africa
1248 2119 1378 2156 clades

394 2186 582 2236 persensit
602 2186 777 2234 graviore
795 2186 900 2222 malo
919 2198 1129 2236 saevasque
1151 2188 1306 2235 rapinas

392 2253 492 2288 inter
509 2257 714 2301 utriunque
734 2249 886 2287 ducem.
942 2254 1064 2288 nescit
1085 2254 1291 2288 commissa
1312 2258 1482 2301 potestas

393 2318 574 2368 aequales
594 2316 752 2353 sufferre
771 2315 888 2354 duos:
918 2319 1101 2355 censortis
1120 2319 1288 2354 amicum

310 2387 362 2426 90
391 2384 543 2420 saecula
564 2383 674 2419 nulla
692 2383 835 2419 ferunt.
891 2383 947 2419 sic
961 2395 1031 2419 nos
1049 2384 1228 2433 exempla
1248 2383 1420 2432 priorum

391 2452 475 2500 ipsa
495 2448 644 2485 docent.
701 2450 816 2498 primi
838 2449 1012 2498 sequitur
1027 2461 1095 2498 pes
1113 2456 1216 2485 mota
1235 2447 1428 2486 secundus

391 2528 498 2553 crura
514 2514 646 2564 pedis;
678 2516 795 2550 ritum
815 2514 950 2564 capitis
966 2526 1035 2550 sua
1052 2515 1224 2550 membra
1240 2520 1432 2561 secuntur,

391 2590 427 2619 et
449 2582 595 2633 proprii
615 2582 767 2630 generis
789 2581 957 2617 fructum
976 2577 1068 2615 dant
1088 2581 1221 2617 arbore
1239 2581 1350 2617 rami.

282 2682 325 2716 58
350 2679 512 2726 proiciunt
529 2679 560 2712 Τ
662 2679 707 2712 66
729 2676 885 2710 maturius
905 2677 937 2710 T
1035 2677 1080 2710 76
1102 2676 1182 2710 civis
1196 2677 1242 2710 L:
1266 2678 1358 2721 apud
1374 2677 1413 2710 M
1426 2677 1527 2713 cuius.

282 2725 425 2770 protec'n.
442 2725 477 2758 M
610 2722 655 2758 83
677 2721 772 2756 ariob
793 2721 876 2756 indis
895 2722 945 2764 Τ,
967 2721 1138 2756 Ariobindi
1153 2722 1201 2757 M.
1248 2722 1390 2758 correxit
1405 2723 1442 2760 la.

1617 2679 1697 2712 ibid.
