1702 3060
402 107 406 111 ’
450 92 525 135 DE
558 91 834 137 LAUDIBUS
867 91 1088 137 TUSTINI.
1387 93 1491 140 *303

55 211 110 242 t
127 202 220 245 86.
276 202 382 254 iam]
427 208 518 241 ante
553 215 699 253 annos,
738 209 857 255 puta,
894 203 984 255 plus
1013 203 1145 241 minus
1168 201 1341 254 triginta.
1399 201 1490 241 vide

28 257 345 308 fflffiafionem.
402 260 532 297 Foco.

45 325 87 368 ᾖς.
151 317 220 358 37.
277 316 385 352 senio
413 315 616 366 dextram}
646 315 702 358 sic
725 314 829 353 infra
853 327 892 352 v.
914 313 992 356 48:
1009 288 1148 366 fissae
1174 316 1350 353 miserere
1379 328 1490 352 sene-

38 377 138 417 que.
197 371 407 424 utroquue
432 370 624 423 significat
649 372 840 422 Corippus
859 384 903 408 se
919 372 995 409 ista
1016 372 1099 409 iam
1118 385 1255 410 senem
1274 372 1488 423 scripsisse,

39 433 80 471 qt
98 425 262 480 quidem
282 428 568 477 calamitosum,
600 435 766 465 exutum
782 428 954 465 fortunis
977 429 1059 465 suis
1078 435 1117 465 et
1131 429 1294 465 vulnera
1312 440 1488 479 passum.

26 483 278 524 levationem
302 485 423 535 igitur
449 491 489 522 et
517 482 757 522 medicinam
791 484 976 534 implorat
1003 490 1090 522 tum
1124 485 1372 535 imperatoris
1403 491 1490 522 tum

38 540 235 579 Anastasii
263 542 504 593 quaestoris,
544 541 650 590 sive,
689 547 733 578 ut
758 553 831 578 nos
859 538 980 577 hodie
1005 541 1227 593 loquimur,
1267 541 1489 579 cancellarii

22 596 268 648 inperialis.
323 598 448 637 Rrr'r.

145 650 216 695 42.
274 653 471 692 ciceronis
492 659 551 691 est
566 652 761 691 sententia
778 652 821 690 in
837 653 945 691 Orat.
965 665 1036 704 pro
1053 654 1109 691 M.
1131 653 1334 691 Marcello.
1362 654 1488 692 Rrrr.

145 706 216 753 44.
272 711 386 761 veni]
415 707 669 750 scribendum
685 710 825 761 opinor
843 710 901 747 ad
913 709 1108 748 medicum
1125 711 1254 747 venio.-
1282 711 1365 748 iam
1381 711 1488 748 enim

39 736 268 817 deprecatur
288 767 582 817 imperatoriam
603 767 807 817 pietatem.
865 767 1029 804 Banu.

136 819 216 865 4’5.
272 822 389 860 verbo
401 829 554 873 pestem
574 823 646 874 qui
662 835 827 860 summm
834 829 878 858 et
896 824 996 874 uno]
1027 821 1118 859 talis
1144 835 1279 860 revera
1307 822 1485 860 caelestis

35 877 106 923 ilisa
130 877 326 917 archiater
346 878 538 922 Christus,
567 881 691 916 Rrrr.
741 885 892 928 pestem
919 879 1187 930 pestilentiam
1215 877 1329 926 dicit3
1364 891 1485 930 quam

23 946 176 972 =vocem
194 948 240 972 eo
260 935 483 987 significatu
501 935 606 974 male
628 934 789 974 damnat
808 935 988 972 Gifanius
1007 948 1123 972 versu
1139 935 1294 972 ultimo.
1319 936 1484 973 ΒΑιιτιι.

147 989 218 1032 48.
266 1005 344 1042 pro
371 1004 530 1033 munere
558 992 738 1034 earmina
759 1003 894 1040 poseo.
954 992 1078 1028 immo
1100 1004 1178 1041 pro
1200 992 1374 1027 carmine
1394 1005 1485 1029 mu-

34 1059 145 1086 nera.
206 1055 377 1087 erratum
405 1047 578 1096 librar-ii,
624 1053 668 1084 ut
693 1044 863 1085 videtur.
903 1047 1028 1085 Rrrr.
1112 1049 1190 1084 Ios.
1222 1046 1482 1097 Scaligerum,

35 1115 237 1141 summum
266 1105 352 1143 sine
385 1104 645 1144 controversia
664 1104 707 1145 in
727 1101 791 1141 his
815 1103 957 1141 litteris
977 1104 1130 1151 virum,
1154 1116 1282 1154 porga
1306 1104 1484 1141 scriben-

36 1158 134 1198 dum
154 1166 314 1211 putasse
335 1161 450 1203 nobis
473 1161 583 1199 Elias
602 1157 812 1198 Putschius
835 1159 934 1196 olim
951 1158 1187 1210 significavit
1208 1157 1339 1197 adhuc
1359 1158 1484 1211 ephe-

0 1243 1 1248 η
17 1215 110 1254 ¹his.
168 1216 270 1254 bene
289 1228 406 1254 sane.
429 1229 595 1254 munera
613 1217 721 1253 enim
738 1216 847 1252 velut
867 1214 941 1253 deo
957 1228 999 1252 se
1019 1214 1160 1252 offerre
1178 1221 1368 1264 autumat,
1398 1229 1484 1255 car-

30 1273 142 1311 mina
163 1285 278 1322 vero,
309 1274 402 1325 quia
428 1279 658 1324 paupertate
678 1284 839 1324 pressus
859 1270 970 1309 aliud
986 1270 1088 1311 nihil
1107 1270 1267 1308 habeat.
1325 1284 1372 1308 ea
1392 1285 1486 1310 sen-

31 1329 156 1367 tentia
174 1327 270 1367 huic
285 1330 374 1367 loco
393 1331 622 1380 aptissima
617 1329 681 1366 sit.
739 1327 811 1366 sed
828 1324 875 1368 τό
892 1341 1043 1378 semper
1057 1329 1103 1364 in
1122 1328 1283 1378 vulgata
1301 1328 1486 1377 lectione,

33 1391 76 1424 et
100 1387 323 1436 praesentia
350 1398 514 1436 precum
544 1386 661 1433 facit,
690 1390 736 1421 ut
761 1382 954 1422 mendum
978 1382 1088 1423 aliud
1110 1384 1234 1421 latere
1258 1391 1415 1435 putem,
1447 1391 1486 1423 et

32 1441 212 1494 polliceri
238 1443 370 1492 potius
399 1442 615 1492 Corippmn
640 1453 712 1491 pro
733 1440 933 1478 medicina
959 1441 1178 1478 carminum
1197 1452 1342 1480 munus
1364 1453 1484 1493 quam

31 1498 239 1537 exsolvere
251 1527 262 1547 ‚
294 1511 385 1543 cum
403 1499 535 1549 inepte
555 1503 692 1549 poscat
711 1497 947 1535 beneficium
968 1498 1038 1548 qui
1056 1497 1177 1536 simul
1194 1495 1296 1534 illud
1315 1510 1357 1538 se
1376 1510 1484 1535 sem-

29 1567 104 1607 per
124 1567 380 1606 compensare
401 1555 479 1592 alio
499 1555 632 1592 iactet.
691 1554 841 1591 scribe:
870 1560 1006 1605 grates
1023 1566 1173 1604 semper
1188 1567 1331 1604 agam,
1358 1561 1395 1590 et
1406 1568 1485 1604 pro

30 1624 192 1650 munere
214 1612 396 1648 carmisza
403 1624 588 1661 pascam.
649 1611 685 1648 si
703 1611 787 1650 voti
804 1612 886 1648 mei
905 1623 1063 1661 compos
1088 1623 1153 1648 ero
1174 1608 1331 1661 haeque
1346 1623 1486 1661 preces

29 1679 112 1705 non
134 1667 268 1707 irritae
290 1665 450 1716 cadent,
479 1680 638 1718 semper
653 1668 926 1718 imperatorias
943 1665 1082 1711 laudes
1103 1679 1242 1703 canam
1255 1695 1266 1714 ,
1295 1673 1334 1704 et
1351 1668 1483 1706 votiva

32 1724 208 1761 carmina
234 1724 358 1762 instar
380 1723 546 1762 alicuius
574 1725 758 1764 victimae
786 1721 1016 1774 gratitudiui
1056 1721 1274 1760 destinatae
1307 1736 1483 1774 pascam.

27 1780 328 1831 elegantissima
359 1780 562 1818 translatio
585 1780 633 1818 ab
653 1781 704 1818 iis
724 1781 794 1832 qui
814 1780 964 1830 aegroti
992 1779 1188 1817 vovebant
1208 1777 1282 1818 diis
1306 1778 1482 1829 donar1a‚

29 1835 271 1875 medicinam
290 1837 487 1877 malorum
507 1835 661 1887 adeptis
680 1835 943 1883 exsolvenda,
972 1848 1053 1873 non
1071 1842 1254 1886 percepta
1272 1848 1294 1874 a
1312 1836 1484 1875 librariis

27 1905 112 1941 ,non
147 1891 315 1933 absurde
348 1891 506 1931 videtur
543 1891 617 1931 has
648 1893 783 1930 turbas
811 1892 967 1931 fecisse.
1024 1892 1059 1930 si
1094 1893 1158 1929 cui
1185 1899 1323 1930 tamen
1349 1893 1484 1931 scitius

26 1961 154 2002 fluam
175 1950 308 1988 verius
329 1947 430 1987 haec
447 1947 632 1988 videntur
653 1955 859 2000 concepta,
887 1962 960 2000 per
986 1961 1059 1986 nos
1082 1961 1165 1986 non
1185 1949 1302 1986 stabit
1323 1950 1482 2000 quomi-

28 2016 108 2045 -nus
132 2018 210 2051 :suo
237 2018 358 2044 sensu
381 2006 548 2058 quilibet
573 2012 719 2044 utatur.
776 2004 967 2043 Putschio
992 2006 1124 2042 visum
1147 2011 1206 2043 est
1227 2005 1372 2045 melius
1399 2006 1482 2056 legi

30 2071 172 2114 posse:
194 2075 273 2112 pro
300 2064 475 2100 carmine
501 2076 666 2101 munera
685 2076 822 2112 posco.
883 2060 991 2114 quod
1012 2067 1147 2099 tamen
1173 2060 1309 2098 durius
1332 2068 1371 2098 et
1388 2075 1483 2111 per-

26 2129 154 2163 [nonae
190 2119 433 2169 pauperrimi
456 2118 628 2156 hominis
658 2120 792 2156 minus
819 2125 958 2169 aptum
986 2116 1162 2165 videtur,
1207 2119 1270 2154 cui
1298 2116 1484 2166 blandiri,

26 2185 114 2220 3011
138 2187 300 2226 poscere
335 2175 445 2213 velut
474 2174 674 2224 debitum,
703 2176 863 2212 fortuna
889 2173 1023 2212 dictat.
1086 2172 1135 2210 de
1159 2174 1261 2212 votis
1282 2179 1321 2210 et
1340 2174 1483 2212 votivis

26 2228 125 2277 {ide
153 2229 408 2272 Thesaurum
432 2232 709 2270 Formularum
739 2230 996 2269 eruditissimi
1020 2230 1232 2277 Brissonii,
1270 2243 1322 2268 ne
1341 2243 1414 2269 nos
1435 2243 1482 2268 ea

32 2287 123 2340 quis
138 2295 290 2340 poscat.
318 2289 482 2326 Bura.
538 2289 628 2339 lege
646 2301 787 2339 agam,
817 2286 925 2339 quod
944 2287 1070 2337 exigit
1087 2286 1303 2324 sententiae
1323 2288 1485 2325 concin-

30 2343 151 2386 nitas.
206 2356 322 2396 porro
343 2344 496 2383 restitui
509 2352 645 2395 porta,
675 2351 713 2381 et
739 2343 904 2396 quidem
921 2342 1122 2382 indubius.
1180 2343 1236 2380 sic
1255 2343 1365 2393 Virg.
1383 2344 1484 2380 Aen.

28 2398 90 2446 212
118 2401 199 2446 333
225 2407 397 2441 oratores
416 2402 649 2442 Latinonun
670 2399 723 2438 ad
738 2403 917 2441 Aeneam
933 2401 1077 2439 missos
1096 2398 1191 2438 dicit
1208 2412 1374 2437 munera
1388 2413 1489 2450 por-

28 2460 163 2504 mie&
178 2458 344 2509 aurique
361 2456 467 2495 ebor
450 2472 561 2509 taque
581 2458 747 2496 talenta.
805 2458 836 2494 F
841 2469 938 2496 OGG

145 2512 347 2553 Dtmcnr.
403 2515 595 2553 Titulus
583 2528 627 2552 ιιι
644 2515 769 2552 veteri
787 2513 921 2553 codice
938 2511 1015 2553 hoc
1032 2510 1152 2553 modo
1173 2511 1485 2562 concipiebatur.

34 2563 140 2609 Im
153 2572 443 2634 panegyricum
466 2572 510 2608 in
535 2571 697 2610 laudem
722 2571 938 2608 Anasta-sii
967 2570 1192 2620 Quaesieris
1215 2575 1253 2604 et
1276 2567 1489 2618 Ilffagistri,

37 2622 145 2664 male
163 2627 346 2665 omnino:
366 2630 635 2679 panegyricus
657 2626 736 2665 dici
754 2626 903 2666 debuit.
960 2628 1042 2666 scio
1057 2624 1254 2664 Isidorum
1273 2623 1448 2673 Etymol.
1463 2623 1488 2660 6

35 2681 68 2723 8
87 2683 378 2731 Panegyricum
402 2685 447 2722 in
471 2691 612 2724 neutro
641 2682 792 2722 dixisse
818 2697 890 2736 pro
918 2683 1124 2721 lascivioso
1146 2688 1184 2718 et
1203 2681 1400 2719 licentiose
1414 2690 1490 2727 ge·-

39 2746 130 2772 nere
145 2735 334 2774 dicendi·
317 2752 359 2775 ιη
377 2739 563 2779 laudibus
578 2754 735 2792 regum,
770 2747 888 2794 atque
906 2741 961 2777 ita
981 2739 1199 2789 concipitur
1216 2738 1258 2773 in
1278 2733 1411 2772 codice
1428 2744 1489 2770 ms

36 2838 47 2850 ι
101 2806 232 2844 Μαι-οῦ.
260 2812 294 2844 et
323 2808 399 2843 Gor.
1162 2800 1215 2843 24
