1702 3060
430 73 641 119 IUSTINI
675 73 914 120 MINORIS
946 73 1051 118 LIB.
1084 72 1120 117 1.

50 240 53 241 ⁷
153 199 240 226 cara
259 199 332 238 per
348 187 581 224 exanimum
597 185 845 224 circumdans
863 183 1027 223 brachia
1049 194 1190 236 corpus

41 253 124 299 260
152 269 242 292 cum
261 255 435 292 lacrimis
456 256 630 292 Iustinus
650 256 703 292 ait
714 250 739 266 “
749 256 823 292 lux
840 254 949 291 urbis
970 260 1008 290 et
1030 253 1149 300 orbis,

151 323 368 360 Iustiniane
387 329 519 373 pater,
557 321 745 359 dilectam
764 321 912 359 deseris
930 322 1061 358 {ullam
1073 319 1093 358 ’ἒ

149 397 337 440 cognatos
355 390 528 428 famulos
554 396 593 426 et
612 396 744 427 tantos
763 390 913 441 linquis
933 390 1116 426 alumnos
1128 386 1148 425 'l

150 459 371 495 contemnis
390 455 541 494 terras?
571 457 676 494 fesso
701 470 781 500 non
803 458 994 508 prospicis
1013 454 1129 493 orbi?

150 538 200 562 eu
215 526 365 563 Avares
384 526 604 576 Francique
622 531 753 562 truces
774 523 1026 576 Gepidesque
1052 525 1255 575 Getaeque

38 591 119 636 255
148 599 284 645 totque
305 594 406 630 aliae
427 600 566 644 gentes
585 593 790 630 commotis
811 591 985 644 undique
1007 593 1130 642 signis

148 660 253 698 bella
270 668 453 698 movent:
484 673 563 712 qua
583 661 623 696 vi
645 667 776 697 tantos
796 661 1070 711 superabimus
1094 659 1240 706 hostes,

148 742 240 766 cum
258 730 382 766 virtus
401 730 580 766 Romana
595 729 698 765 iacet
708 723 760 765 ’F’
818 726 919 766 haec
938 730 1060 779 patris
1082 741 1216 765 amore

149 797 268 834 verba
286 796 524 848 loquebatur
540 797 773 835 lacrimans:
802 810 897 833 nam
916 804 1073 847 pectore
1094 803 1176 832 toto

147 864 346 901 bellorum
364 866 446 900 iam
465 877 556 900 cura
576 865 672 912 fuit3
699 866 780 901 iam
801 866 913 915 signa
935 864 1135 916 ducesque

36 933 119 973 260
150 931 352 983 dispositi,
384 933 529 969 classes
543 961 553 980 ,
585 934 687 969 acies
701 962 710 980 ,
742 934 960 979 exercitus,
992 945 1099 968 arma

150 1001 314 1037 consilio
331 998 535 1036 moderata
555 1012 659 1037 novo
680 1002 878 1052 taciteque
894 1007 1045 1051 parata.

149 1069 291 1104 Iustini
307 1074 406 1104 nutu
425 1074 563 1117 gentes
585 1074 623 1103 et
640 1079 762 1117 regna
780 1069 1034 1104 tremiscunt:

146 1135 279 1171 omnia
299 1135 482 1171 terrificat
504 1133 655 1184 rigidus
677 1136 804 1185 vigor.
861 1133 926 1172 hic
945 1136 1136 1186 pietatem

148 1201 319 1240 ostendit
333 1210 473 1240 natura
492 1216 626 1250 suam,
658 1203 887 1254 iustumque
913 1203 1090 1240 dolorem

33 1269 114 1312 265
145 1269 291 1308 divinis
310 1272 454 1308 animis
473 1271 577 1307 nulli
598 1271 796 1308 evitabilis
818 1273 931 1308 auxit

146 1339 274 1375 carnis
296 1338 473 1376 condicio
487 1368 496 1386 ‚
533 1340 682 1375 cunctis
701 1339 934 1375 mortalibus
954 1351 1095 1390 aequa.

145 1404 212 1443 hic
230 1408 357 1456 pietas
376 1405 578 1443 laudanda
595 1407 670 1442 viri
690 1412 749 1442 est
769 1418 1004 1457 semperque
1029 1404 1221 1442 canenda.

147 1473 285 1521 dicite,
317 1475 407 1525 quis
426 1471 637 1510 hominum
655 1473 830 1510 lacrimis
852 1475 905 1510 ita
925 1475 1050 1524 possit
1069 1474 1212 1509 amaris

147 1543 239 1579 flere
259 1543 365 1579 senis
383 1547 554 1577 mortem
564 1539 583 1577 ’ἔ
615 1542 727 1590 regni
745 1554 946 1578 successor
963 1547 1000 1577 et
1019 1540 1132 1578 heres

33 1611 116 1651 270
145 1610 313 1660 imperat
333 1615 372 1646 et
391 1607 520 1646 dolet:
549 1609 761 1659 imperium
782 1609 957 1659 proferre
979 1611 1133 1660 parenti

143 1677 283 1714 mallet
300 1689 420 1728 quam
439 1678 551 1727 regni
571 1677 738 1724 solium,
770 1690 890 1728 quam
911 1684 1063 1728 sceptra
1087 1685 1235 1717 tenere.

200 1747 282 1782 Nec
297 1747 430 1782 minus
445 1745 602 1796 imperii
617 1751 773 1794 gratum
791 1751 944 1796 patrem
963 1747 1099 1783 inclita
1117 1761 1274 1785 consors

146 1812 284 1860 flebat,
317 1820 355 1850 et
376 1811 594 1850 humanam
613 1820 761 1850 sortem
779 1815 926 1864 pietate
947 1813 1121 1852 dolebat.

143 1882 346 1932 exsequiis
366 1879 487 1917 adicit
507 1881 623 1918 solito
644 1882 735 1932 plus
755 1880 858 1918 dona
876 1884 1071 1933 paternis,

31 1946 111 1989 275
140 1948 276 2000 ireque
295 1955 511 1994 contractas
534 1946 656 1986 denso
675 1949 785 1986 iubet
805 1952 962 2000 agmine
979 1951 1128 1988 turbas.

143 2023 182 2053 et
202 2017 292 2053 tulit
309 2018 506 2053 intextam
525 2018 698 2066 pretioso
718 2020 869 2055 murice
890 2026 1055 2067 vestem,

143 2085 452 2121 Iustinianorum
472 2085 592 2120 series
611 2084 681 2120 ubi
698 2092 781 2122 tota
796 2086 978 2122 laborum

141 2158 234 2189 neto
256 2165 351 2189 auro
371 2153 558 2201 insignita
578 2152 654 2188 fuit
674 2155 923 2205 gemmisque
945 2167 1120 2191 corusca.

141 2220 223 2257 illic
243 2219 465 2257 barbaricas
480 2219 584 2255 flexa
603 2222 753 2257 cervice
771 2219 1005 2272 phalanges,

30 2287 112 2330 280
139 2289 288 2325 occisos
310 2298 424 2337 reges
444 2286 718 2339 subiectasque
741 2287 878 2325 ordine
897 2295 1035 2338 gentes

141 2356 268 2406 pictor
287 2368 360 2392 acu
378 2355 488 2391 tenui
507 2355 633 2392 multa
653 2356 892 2394 formaverat
911 2363 1008 2393 arte.

141 2422 288 2460 fecerat
308 2429 346 2460 et
364 2423 521 2459 fulvum
548 2422 693 2460 distare
718 2424 915 2461 coloribus
931 2437 1084 2473 aurum,

143 2492 272 2528 omnis
291 2496 335 2527 ut
350 2492 545 2542 aspiciens
563 2503 610 2527 ea
627 2504 789 2542 corpora
809 2505 902 2529 vera
919 2499 1099 2543 putaret:

145 2557 294 2608 effigies
313 2571 406 2596 auro
419 2587 429 2607 ,
460 2562 622 2609 sanguis
644 2558 873 2610 depingitur
892 2566 1012 2598 ostro.

31 2622 115 2666 285
144 2624 276 2675 ipsum
293 2632 426 2662 autem
441 2627 483 2662 in
499 2626 632 2664 media
653 2629 843 2665 victorem
857 2629 1042 2679 pinxerat
1065 2629 1155 2666 aula

145 2690 264 2729 effera
283 2692 487 2732 Vandalici
506 2695 725 2732 calcantem
743 2696 845 2734 colla
866 2697 1049 2749 tyranni3

1409 69 1503 116 173
