1702 3060
251 123 351 172 440
635 128 820 173 NOTAE
851 128 911 172 IN
942 129 1152 174 LIBRUM
1182 131 1247 174 lv
1660 0 1702 177 11

1675 179 1702 228 ἠέ

252 235 471 273 coniectura
491 233 701 272 Inachides
719 237 983 286 reposuimus,
1022 250 1099 290 quo
1120 239 1278 276 nomine
1296 239 1433 289 Argivi
1450 240 1525 291 ipsi
1544 241 1670 291 signi-
1698 282 1702 294 ,Ι

251 290 433 338 ficantur,
463 290 532 340 qui
548 302 635 326 eam
654 291 818 329 classem
834 293 1034 343 ingentem
1054 294 1163 331 mille
1185 295 1344 332 navium
1362 301 1492 332 contra
1508 297 1668 335 Troiam

251 350 581 396 comparaverunt.
636 346 756 383 Rmz.

358 401 426 440 51.
482 399 609 450 mille]
650 407 709 438 tot
743 402 849 439 enim
875 415 995 439 naves
1026 401 1140 439 duxit
1169 405 1454 453 Agamemnon.
1518 411 1670 455 praeter

248 451 450 490 historicos
478 461 516 490 et
534 457 748 493 Homerum
778 457 870 495 Seu.
891 459 1032 508 Agam.
1061 464 1133 494 act.
1154 460 1178 498 3
1199 471 1252 495 sc.
1273 460 1318 498 1:
1358 465 1501 496 aurata
1515 461 1670 508 primae

242 522 363 557 prora
393 510 567 558 signavit
595 512 698 556 vias,
731 513 931 562 aperitque
959 526 1111 556 cursus,
1148 513 1256 549 mille
1282 527 1376 564 qnos
1401 521 1532 550 secant
1550 521 1668 552 rates.-

250 563 386 612 virgil.
412 566 512 601 Aen.
543 567 593 604 2:
639 579 719 602 non
753 568 850 603 anni
875 568 1052 604 domuere
1077 569 1222 612 decem,
1259 581 1338 606 non·
1360 568 1468 605 mille
1496 571 1665 606 carinae.

249 619 422 655 Statiana
441 618 580 656 Thetis
599 619 743 657 Achill.
772 623 819 661 1:
861 623 970 659 video
997 624 1077 660 iam
1103 623 1211 659 mille
1234 624 1382 660 carinis·
1404 623 1560 661 Ionium
1581 624 1669 661 Ao-

241 687 461 723 gaeumque
471 676 613 723 premi.
672 677 855 714 DEMPST.

356 731 422 768 63.
478 727 719 766 theatrorum
748 744 792 767 ac
819 732 909 767 circi
933 731 1050 769 verba
1068 738 1157 770 sunt
1174 732 1318 782 favere
1334 738 1382 769 *et
1394 732 1538 782 favor,
1567 744 1667 784 quae

246 795 324 820 nou
345 783 563 832 sIgnificant
584 787 743 822 tacitam
761 787 1086 833 benevolentiam,
1117 786 1187 824 sed
1205 800 1292 823 eam
1308 799 1408 838 quae
1426 800 1521 824 voce
1540 789 1668 824 accla-

246 839 482 875 mationibus
501 851 545 875 ac
563 847 675 889 gestu
697 847 733 877 et
752 842 939 891 applausu
960 844 1251 891 exprimeretur,
1273 838 1484 892 εὐφημίαν,
1503 840 1668 892 ἒπιβὸη-

248 905 324 940 σιν,
346 892 451 943 quod
467 894 544 930 late
561 895 698 944 probat
717 896 965 933 casaubonus
982 898 1022 932 iu
1045 904 1126 933 not.
1147 895 1197 932 ad
1215 898 1274 934 Fl.
1291 898 1500 947 Vopiscum
1516 910 1558 947 p-
1573 897 1666 945 525,

245 947 313 984 ubi
337 950 455 984 etiam
474 947 578 986 hunc
601 951 730 999 ipsum
749 950 882 987 laudat
903 953 1057 1001 Corippi
1079 953 1222 988 locum.
1277 952 1399 989 Rrrr.

355 1003 422 1043 65.
478 1003 584 1040 latus
600 1017 669 1054 pro
689 1005 788 1042 latos
809 1004 883 1042 hoc
902 1007 986 1042 loco
1007 1008 1260 1055 reposuimus.
1315 1007 1436 1044 Rmz.

357 1061 423 1098 67.
480 1059 694 1096 Salmasius
723 1059 773 1096 ad
799 1061 859 1096 Fl.
884 1062 1092 1110 Vopiscum
1127 1060 1175 1098 de
1203 1061 1413 1098 Aureliano
1446 1061 1667 1112 concepisse

246 1112 376 1148 animo
394 1111 548 1150 videtur
566 1114 771 1162 fabricam,
802 1113 892 1151 huic
916 1128 938 1151 a
956 1116 1120 1165 Corippo
1140 1115 1352 1165 descriptae
1368 1117 1558 1163 similem,
1586 1123 1668 1153 ste-

245 1169 338 1203 tisse
360 1168 455 1203 olim
474 1176 701 1218 perpetuam
721 1171 763 1206 in
782 1170 865 1206 foro
885 1171 1107 1219 cpolitano,
1136 1177 1179 1207 ut
1194 1171 1248 1207 ibi
1264 1171 1374 1220 plebs
1391 1172 1432 1207 in
1451 1173 1532 1208 suis
1554 1183 1667 1208 arcu-

245 1222 318 1258 bus
347 1234 391 1258 ac
418 1225 536 1272 septis
565 1230 670 1260 stans
701 1231 738 1260 et
763 1238 833 1274 per
858 1223 1000 1275 gradus
1020 1232 1135 1276 atque
1156 1224 1309 1263 ordines
1334 1224 1456 1263 divisa
1473 1238 1667 1263 annonam

246 1278 409 1313 civicam
425 1279 629 1327 acciperet.
674 1280 803 1316 Foco.

356 1334 420 1371 68.
478 1334 648 1382 turmas]
688 1333 857 1371 divisum
880 1346 902 1370 a
922 1334 1036 1384 plebe
1055 1340 1233 1371 senatum
1251 1334 1292 1371 in
1309 1334 1536 1385 spectaculis
1553 1335 1666 1385 equi-

242 1387 351 1437 tique
379 1399 495 1423 suum
521 1387 699 1425 ordinem
719 1401 944 1427 concessum
962 1391 1098 1426 monui
1117 1400 1252 1439 supra:
1287 1401 1391 1426 nunc
1413 1396 1544 1426 autem
1563 1389 1667 1439 quod

243 1442 348 1491 plebi
367 1441 582 1479 secuudum
599 1450 766 1492 turmas,
806 1443 882 1481 hoc
901 1451 958 1481 est
975 1445 1098 1481 tribus
1112 1473 1121 1491 ‚
1156 1443 1334 1482 distincta
1352 1445 1496 1481 fuerint
1514 1443 1665 1491 sedilia,

241 1508 321 1532 nou
340 1497 441 1546 legi,
478 1510 552 1534 nec
570 1505 664 1548 puto
682 1513 831 1536 verum.
887 1512 966 1536 nou
986 1500 1125 1550 loquor
1145 1498 1195 1535 de
1215 1512 1351 1549 campo
1369 1506 1436 1536 aut
1457 1500 1597 1549 septiS,
1625 1500 1668 1535 in

242 1552 384 1601 quibus
406 1559 554 1589 certum
576 1560 634 1590 est
651 1555 841 1604 populum
861 1555 902 1590 in
923 1555 1045 1591 tribus
1069 1553 1256 1601 divisum,
1293 1561 1337 1592 ut
1358 1555 1512 1591 facilius
1526 1553 1668 1591 suffra-

241 1608 306 1655 gia
325 1607 418 1643 ferri
435 1615 607 1657 possent.
665 1616 703 1645 at
723 1611 764 1645 in
786 1609 889 1646 ludis
912 1623 991 1646 nou
1012 1609 1150 1646 eadem
1171 1611 1282 1646 ratio.
1337 1611 1520 1647 Demrs’r.

353 1663 420 1701 69.
478 1662 643 1700 aviditas
667 1663 842 1714 rapiendi
862 1667 1058 1714 congiaria
1075 1666 1319 1714 exprimitur.
1374 1665 1570 1702 Ammian.
1591 1665 1667 1704 16:

241 1729 335 1760 non,
365 1724 409 1752 ut
429 1719 547 1754 moris
566 1725 638 1762 esc,
667 1733 839 1768 expansa
854 1719 1074 1769 chlamyde,
1101 1720 1171 1756 sed
1184 1727 1326 1756 cavata
1344 1733 1466 1756 manu
1483 1719 1663 1768 suscepit.

239 1778 283 1806 at
301 1773 525 1820 imperator,
564 1787 717 1822 rapere,
756 1776 900 1825 inquit,
938 1789 1015 1811 non
1033 1776 1206 1825 accipere
1228 1776 1356 1812 sciunt
1373 1775 1588 1824 agentesin
1603 1787 1667 1809 re-

242 1825 326 1862 bus.
387 1834 497 1863 notat
526 1829 719 1866 casselius
750 1830 911 1867 Sueton.
939 1831 1041 1880 Aug.
1076 1832 1150 1870 91:
1195 1831 1332 1880 stipem
1365 1830 1573 1880 quotannis·
1605 1829 1667 1865 die

241 1888 341 1917 cerlo
363 1882 630 1919 emendicabat
653 1898 680 1919 a
699 1885 867 1933 populo,
905 1898 1045 1922 cavam
1073 1898 1234 1921 manum
1253 1898 1357 1921 asses·
1376 1882 1667 1935 porrigentibus

236 1936 441 1987 praebens.
503 1950 640 1975 avarus
657 1939 724 1974 ille
743 1947 874 1989 pastor
891 1939 995 1990 apud
1013 1940 1218 1988 Virgilium
1239 1941 1311 1976 ecl.
1338 1943 1357 1979 1
1385 1942 1558 1990 queritur
1577 1951 1667 1974 ma-

243 2005 340 2029 num
368 2006 572 2042 nunquam
599 1994 724 2030 redire
755 1994 912 2031 domum
937 2007 1100 2045 gravem
1126 2007 1225 2030 aere.
1284 1994 1435 2031 Tibull.
1458 1997 1485 2035 2
1512 1994 1562 2033 4:
1590 1993 1664 2029 illa

243 2060 343 2083 cava
355 2049 526 2096 pretium
537 2049 708 2098 flagitat
722 2063 843 2099 usque
861 2063 996 2087 manu.
1054 2049 1154 2086 infra
1177 2047 1242 2085 hic
1263 2048 1355 2090 145.
1410 2055 1448 2085 et
1467 2051 1550 2089 210
1566 2047 1664 2096 pal-

242 2115 403 2152 masque
418 2101 468 2138 ad
486 2103 727 2152 rapiendum,
755 2107 938 2155 sinusque
955 2104 1004 2141 ad
1021 2103 1308 2141 recondendum
1318 2102 1506 2152 parabat.
1537 2101 1663 2139 habeo

241 2158 366 2194 multa
394 2156 498 2194 dicta
524 2158 575 2195 ad
600 2159 801 2196 claudian.
833 2161 875 2196 iu
899 2160 1043 2197 Ruffin.
1066 2163 1115 2201 21
1153 2159 1306 2196 dextera
1331 2159 1547 2210 quinetiam
1570 2157 1663 2194 ludo

242 2225 419 2249 concessa
438 2221 611 2263 vagatur
630 2228 723 2252 aera
738 2222 886 2265 petens.
945 2217 1129 2253 Demes'r.

350 2271 417 2308 73.
474 2268 616 2320 imber]
647 2271 802 2307 nimbus
819 2271 1026 2320 sparsionis
1044 2269 1210 2306 Martial.
1229 2270 1255 2310 8
1277 2271 1346 2310 78.
1399 2267 1497 2306 Stat..
1518 2268 1542 2308 1
1563 2266 1663 2305 Silv-

238 2323 335 2359 ult.:
365 2324 461 2359 dum
478 2326 599 2360 nostri
616 2326 722 2362 Iovis
737 2325 980 2375 hifirantur
1000 2324 1152 2362 imbres.
1211 2325 1394 2361 Dzmrsv.

348 2380 415 2418 78.
472 2380 637 2431 quique]
678 2382 819 2418 melius
847 2379 955 2418 haud
981 2379 1097 2417 dubie
1127 2380 1301 2431 quisque.
1370 2390 1444 2414 neo
1474 2377 1574 2414 forte
1606 2376 1662 2414 sic

235 2433 430 2483 scripserit
449 2441 595 2472 auctor.
651 2437 808 2474 Voncx.

348 2490 414 2528 82.
471 2501 572 2526 novo
601 2490 772 2541 quodam
809 2498 848 2527 et
873 2491 1055 2528 inusitato
1082 2490 1200 2540 plane
1224 2485 1342 2525 modo
1371 2488 1560 2537 Corippus
1585 2485 1661 2524 hoc

238 2543 323 2580 loco
343 2557 436 2580 usus
457 2551 514 2580 est
531 2547 689 2582 nomine
696 2547 809 2596 seria
838 2547 879 2582 in
903 2553 1040 2583 neutro
1064 2557 1204 2594 genere
1224 2556 1294 2593 pro
1316 2544 1468 2580 solenni
1483 2543 1659 2594 festaque

237 2600 450 2636 cessatione
467 2601 603 2649 populi
620 2600 667 2636 ab
687 2603 793 2637 omui
813 2613 929 2650 opere
949 2614 1037 2637 cum
1050 2600 1197 2636 laetitia
1216 2598 1385 2648 publica.
1396 2600 1517 2635 Rmz.
1544 2598 1657 2647 seria]

239 2654 406 2691 formula
429 2661 595 2704 recepta.
650 2656 754 2693 Pliu.
774 2658 801 2696 2
821 2669 883 2705 ep.
907 2659 980 2696 13:
1010 2668 1099 2692 cam
1120 2653 1193 2691 hoc
1211 2654 1330 2699 seria,
1358 2667 1448 2691 cum
1468 2653 1661 2690 hoc-iocos

239 2710 390 2747 miscui.
448 2708 555 2748 idem
575 2709 602 2752 4
623 2723 685 2763 ep.
711 2713 780 2754 17:
819 2710 923 2750 nillil
935 2724 962 2748 a
978 2723 1038 2748 me
1055 2710 1123 2748 ille
1139 2715 1341 2755 secretum,
1376 2722 1455 2747 non
1473 2708 1661 2752 ioculare,
