1702 3060
452 84 806 129 IOHANNIDOS
839 84 948 130 LIB.
981 83 1080 129 VH.
1400 84 1492 131 143

145 192 351 244 fatidicus,
380 196 524 234 nostris
549 194 700 234 donans
718 209 790 248 per
809 196 958 247 proelia
981 196 1131 234 MauriS

141 261 302 313 Byzacii
328 277 487 316 campos
500 294 511 313 ,
541 265 735 302 Carcasan
756 265 813 301 ire
833 265 1048 315 superbum

143 342 216 380 per
239 331 409 383 Libycos
429 333 598 384 populos
618 339 658 369 et
676 344 818 383 pacem
837 331 1002 370 reddere
1018 330 1183 370 mundo.

142 398 351 438 Almnonis
369 399 432 438 his
450 400 565 438 dictis
585 406 723 450 gentes
740 400 907 437 Bellona
929 401 1057 450 coegit

34 461 116 508 620
141 466 370 505 innumeras
386 474 536 506 vestros
555 469 700 505 iterum
717 481 891 505 remeare
911 481 983 519 per
1006 480 1135 518 agros.

142 533 308 587 ipseque
328 536 396 587 qui
416 534 556 573 ductor
573 542 706 573 tecum
727 537 972 574 committere
991 547 1171 586 pugnam

140 601 222 638 iam
242 603 389 652 voluit,
418 610 576 641 vertens
596 605 748 642 animos
770 604 987 642 Gueufeius
1007 602 1133 640 hostis

130 668 294 710 'distulit
315 683 424 708 arma
444 672 520 709 viri
538 679 793 724 mentemque
812 685 833 709 a
852 673 978 709 Marte
999 671 1168 718 reflexit,

141 738 303 794 consilio
323 737 394 776 sed
411 738 528 776 valde
548 741 672 790 gravi.
732 747 775 777 tu
795 741 943 793 quippe
973 740 1149 790 fugaces,

29 801 109 846 525
139 817 239 857 quos
259 806 428 857 populos
452 819 534 844 non
553 809 612 845 ira
635 809 763 858 magis
776 837 787 857 ,
816 821 897 846 non
914 814 1039 845 terror
1056 806 1220 843 acerbus

137 870 212 910 hos
231 875 375 924 agitat,
400 875 603 927 victosque
621 882 781 926 pavent.
837 882 882 913 ut
901 882 1030 914 vestra
1052 876 1193 924 fatiget

139 948 265 979 castra
284 943 431 992 fames,
460 942 612 980 finxere
630 943 787 993 fugam,
817 943 1008 995 vobisque
1024 943 1179 980 labores

138 1015 221 1046 arte
244 1018 396 1061 parant.
453 1018 591 1061 gentes
612 1018 766 1049 nostras
782 1024 834 1048 ne
855 1009 970 1048 crede
990 1011 1166 1061 fugaces,

139 1077 174 1114 si
191 1079 322 1115 veniat
340 1079 523 1130 princeps
535 1107 545 1127 ‚
575 1085 782 1131 totumque
803 1077 1012 1116 exhauriat
1031 1079 1181 1127 orbem,

25 1141 108 1185 530
137 1157 272 1182 secum
296 1145 347 1183 ad
368 1147 472 1183 bella
492 1159 671 1184 movens.
713 1159 803 1184 *nec
822 1148 1089 1184 Maximianus
1109 1152 1263 1198 apertas

134 1212 195 1250 bis
213 1213 341 1264 potuit
358 1213 535 1250 conferre
550 1227 693 1252 manus
706 1244 716 1263 ‚
748 1227 839 1252 cum
857 1221 1012 1266 sceptra
1036 1222 1189 1253 teneret

134 1281 304 1318 Romani
322 1282 505 1332 princeps
523 1283 682 1333 populi,
712 1284 917 1335 victorque
934 1296 1008 1334 per
1024 1296 1162 1321 omnes

133 1349 358 1386 Poenorum
377 1356 514 1400 gentes
535 1350 652 1388 bellis
669 1352 854 1388 transiret
875 1350 1041 1387 acerbis.

134 1422 175 1453 at
190 1415 309 1454 modo
322 1445 332 1465 ,
363 1430 454 1453 cum
474 1415 593 1455 donet
615 1420 811 1470 responsis
829 1419 969 1455 certior
987 1419 1161 1455 Ammon

22 1480 104 1526 535
133 1496 319 1535 prospera
337 1485 442 1521 bella
463 1486 564 1534 suis,
593 1489 856 1537 Lauguantau
877 1484 1016 1524 cedere
1036 1486 1159 1536 signiS

133 1559 201 1588 aut
219 1552 368 1603 fugisse
385 1559 500 1604 putas
512 1551 532 1590 ’ἒ
590 1555 714 1591 velles
733 1553 809 1592 hoc
821 1584 832 1604 ‚
865 1553 1004 1591 ductor
1023 1556 1176 1591 aci-ive:

133 1618 205 1657 sed
223 1632 303 1656 non
323 1622 380 1658 sic
396 1629 464 1658 tua
484 1622 565 1659 fata
585 1617 763 1660 volent.'’
817 1629 913 1659 ttulc
932 1622 1052 1659 verba
1071 1622 1237 1659 furentis

134 1686 347 1739 indignans
366 1690 517 1727 saevire
538 1689 629 1739 diu,
659 1691 714 1728 sic
735 1703 803 1727 ora
820 1691 1005 1727 resolvit:

127 1750 198 1793 “ut
216 1757 344 1808 magis
364 1754 436 1794 hos
453 1764 605 1796 nostros
625 1759 791 1795 teneatis
813 1759 954 1795 certius
974 1753 1133 1808 agros.''

21 1819 102 1866 540
129 1825 185 1861 sic
208 1825 283 1873 ait,
314 1831 352 1862 et
375 1826 549 1878 quinque
572 1827 710 1864 erectis
731 1826 842 1862 iubet
861 1825 998 1863 ordine
1018 1827 1137 1878 liguis

129 1892 262 1942 stipite
283 1892 471 1944 suspendi
489 1896 717 1932 Maurorum
738 1894 836 1931 colla
856 1894 1023 1933 bicorni.

128 1959 238 1999 iussu
257 1962 462 2013 praecipiti
486 1963 633 2001 celeres
652 1963 784 2000 fecere
807 1963 992 2001 ministri.

279 2192 588 2253 LIBER
672 2192 1245 2266 SEPTIMUS..

130 2290 368 2371 Postquam
394 2321 605 2360 consilium
626 2320 763 2360 ductor
784 2323 968 2373 cognovit
987 2321 1183 2373 iniquum,

128 2391 246 2437 atque
265 2400 402 2426 omnes
422 2395 584 2440 patuere
605 2389 706 2438 doli,
738 2391 942 2443 gentisque
963 2388 1160 2426 nefandae

128 2456 319 2504 persensit
344 2455 501 2493 crudele
522 2458 655 2507 nefas,
685 2463 780 2495 tuuc
803 2464 940 2496 cuncta
960 2458 1166 2496 revolvens

130 2521 268 2559 obtutu
289 2524 405 2562 tacito
425 2527 570 2564 mentis
592 2525 773 2564 discurrit
794 2539 961 2564 acumen

16 2617 84 2662 521
109 2628 176 2663 que
191 2620 272 2655 add.
290 2621 331 2654 M
475 2624 543 2660 524
566 2629 635 2659 tum
652 2626 693 2660 M
835 2626 902 2662 525
925 2625 995 2660 irre
1012 2625 1045 2660 Τ
1181 2623 1248 2660 529
1270 2622 1384 2656 ueniet
1404 2621 1475 2654 ΜΤ

8 2662 86 2701 ,535
109 2664 236 2710 signis]
261 2665 328 2700 suis
345 2668 378 2701 Τ
494 2671 564 2706 536
587 2673 665 2716 aut]
691 2683 732 2705 an
749 2672 788 2705 M
904 2673 987 2708 ibid.
1010 2672 1121 2707 vallas
1137 2672 1168 2706 Τ
1281 2669 1345 2705 541
1370 2669 1471 2703 Mau-

14 2719 129 2754 protum
146 2711 204 2753 Μ,
227 2711 388 2746 morietur
405 2714 437 2748 Τ
570 2718 639 2754 542
660 2718 758 2753 iussit.
775 2719 816 2754 '1'-

80 2773 212 2810 Merob.
241 2779 274 2811 et
303 2776 383 2810 Gor.
1148 2775 1198 2817 14
