1702 3060
242 116 339 161 232
735 118 1171 161 MAZZUCCHELLII

246 232 416 262 attamen
439 224 480 261 in
508 223 623 262 1Νόνο
648 224 809 275 linguae
839 231 875 261 et
901 225 1123 266 erudittbnis
1150 226 1354 265 Romame
1382 229 1575 269 Thesauro
1603 235 1676 270 lo.³

245 279 383 318 Matth.
405 282 565 316 Gesneri
584 286 712 316 exstat
729 293 818 316 cum
838 281 1019 330 exemplo
1040 282 1206 318 Martial.
1228 282 1253 322 5
1272 285 1340 324 29.

354 333 448 374 140.
502 334 676 372 alternis.
734 348 771 374 v.
793 349 907 385 supra
927 334 978 372 ad
995 338 1015 375 1
1037 337 1132 377 216.

352 387 447 428 145.
504 403 555 426 ex
573 391 796 427 Ptolemaeo
813 392 889 427 feci
914 392 1122 428 Geminam
1140 393 1300 430 Petram
1313 408 1326 430 .·
1365 393 1400 431 is
1420 407 1562 446 nempe
1584 399 1660 434 Pe-
1682 388 1685 403 ¹

242 451 325 480 trae
343 444 523 493 Magnae
539 452 576 482 et
593 446 735 482 Petrae
749 459 902 496 parvae
931 453 1063 497 portus
1092 446 1270 498 designat
1283 450 1327 485 in
1345 450 1470 501 Libya
1491 453 1661 490 Marma-

239 501 332 536 rica.
390 500 523 538 confer
541 501 680 538 cellar.
700 500 726 541 4
744 505 770 542 2
793 515 831 551 p-
851 503 1026 542 102—3.

353 553 444 594 148.
500 558 759 606 Arzugitauae
778 559 998 607 provinciae
1016 558 1194 594 meminit
1207 557 1250 595 S.
1261 559 1440 596 Aurelius
1460 562 1661 612 episcopus

242 607 572 658 Carthaginiensis
596 612 824 662 (Concilior.
855 612 1011 649 collect.
1031 614 1159 649 Mansi
1177 619 1206 650 t.
1226 615 1278 651 IV
1297 615 1370 650 col.
1385 614 1485 664 447)
1512 618 1553 652 in
1577 619 1662 667 epi-

241 665 342 701 stola
364 666 455 700 anni
474 666 554 707 419
576 667 622 703 ab
643 680 688 703 eo
706 669 827 704 missa
853 669 1038 717 episcopis
1059 682 1135 716 per
1156 675 1323 705 trac-tum
1331 671 1560 718 provinciae
1574 673 1661 721 By-

240 732 406 755 zacenae
421 727 458 755 et
475 719 751 771 Arzngitanae
770 724 983 759 constitutis
992 737 1007 769 ;
1046 722 1150 759 unde
1173 731 1320 760 constat
1340 724 1518 775 Arzugis
1545 727 1661 764 tellu—

240 787 322 810 rem
339 776 562 824 Byzacenae
582 778 864 813 conterminam
881 778 944 814 vel
966 779 1048 815 eius
1066 786 1216 828 partem
1228 807 1238 826 ‚
1268 786 1311 816 ut
1326 786 1436 829 putat
1454 783 1662 821 Morcellus

239 829 338 879 Asr.
367 829 509 867 Christ.
529 837 559 867 t.
581 834 600 871 1
627 845 667 881 p.
686 831 761 878 84,
791 833 925 869 fuisse.

357 885 447 926 149.
504 888 641 936 procul
666 885 783 923 dubio
809 901 835 923 a
863 887 974 923 celsis
1001 889 1077 923 oris
1110 888 1254 923 montis
1279 889 1434 924 Aurasii
1468 890 1663 928 descendit

238 940 314 976 ista
332 953 474 977 manus
487 941 762 990 barbaroriun3
784 940 832 979 de
853 955 930 993 quo
947 949 1079 979 monte
1100 941 1190 979 vide
1199 944 1433 993 Procopium
1448 945 1549 982 infra
1565 949 1662 985 cita-

239 1002 325 1032 tmn
344 995 394 1032 ad
414 999 439 1036 6
458 998 552 1038 273.

354 1050 445 1091 153.
502 1064 563 1088 ms
587 1058 719 1088 cetura
737 1064 824 1101 sepe
845 1052 940 1088 levis
959 1052 1022 1088 vel
1041 1052 1164 1089 brevis
1176 1067 1188 1089 .·
1228 1066 1320 1090 nam
1339 1067 1417 1091 vox
1437 1061 1495 1092 est
1517 1057 1662 1094 immu—

238 1111 318 1142 tata
343 1112 381 1143 et
400 1118 479 1142 non
499 1108 590 1143 satis
615 1108 716 1143 clara
737 1108 778 1142 in
800 1107 944 1144 codice.
985 1115 1088 1143 cetra
1107 1115 1239 1144 autem
1256 1116 1314 1146 est
1336 1117 1489 1146 sculum
1505 1111 1661 1160 loreum,

238 1175 316 1211 quo
337 1168 504 1198 utantur
518 1162 563 1198 A
554 1162 620 1212 sn'
639 1169 674 1197 et
690 1163 895 1211 Hispani,
922 1169 965 1199 ut
985 1164 1039 1200 ait
1059 1163 1218 1201 Servius
1238 1163 1288 1201 ad
1308 1165 1408 1202 illud
1426 1167 1532 1216 Virg.
1552 1168 1657 1204 Aen.

236 1219 264 1257 7
288 1219 388 1258 732:
419 1216 553 1252 laevas
570 1224 674 1253 cetra
691 1218 796 1266 tegit.

350 1269 442 1310 156.
500 1273 605 1321 Virg.
632 1273 775 1321 Georg.
802 1275 821 1312 1
845 1273 947 1311 289:
977 1279 1085 1309 nocte
1103 1273 1217 1310 arida
1227 1281 1350 1321 prata
1371 1275 1588 1312 tondentur.
1622 1278 1661 1314 in

236 1326 421 1362 Numidia
439 1327 514 1362 fuit
531 1326 640 1363 Vada
657 1326 768 1364 sedes
788 1327 1039 1376 episcopalis,
1069 1334 1112 1364 ut
1130 1328 1234 1379 apud
1256 1330 1395 1366 Cellar.
1420 1333 1445 1369 4
1462 1330 1487 1370 5
1507 1345 1547 1380 p.
1572 1333 1660 1379 185,

234 1383 321 1418 car.
348 1395 370 1418 a
388 1381 430 1418 S.
451 1382 574 1419 Paulo
600 1383 743 1433 Geogr.
771 1383 884 1419 Sacr.
905 1395 945 1432 p.
968 1384 1034 1430 96,
1053 1389 1090 1419 et
1106 1385 1284 1422 Morcelli
1300 1385 1400 1435 Astu
1427 1385 1566 1423 Christ.
1591 1394 1619 1424 t.
1640 1391 1659 1428 1

231 1449 273 1486 p.
294 1437 388 1479 343.
1660 1474 1661 1477 ,
1699 1456 1702 1458 ·

344 1491 438 1532 157.
493 1489 584 1528 vide
600 1491 718 1541 paulo
738 1505 854 1542 supra
875 1490 925 1528 nd
945 1505 983 1528 v.
1001 1494 1068 1532 72.

345 1547 437 1587 158.
495 1546 647 1583 Phoebi
661 1547 862 1583 candentis
879 1549 985 1596 Virg.
1003 1548 1110 1584 Aen.
1136 1550 1161 1588 8
1181 1551 1274 1589 720.

343 1602 438 1642 159.
494 1604 602 1652 Virg.
631 1603 738 1638 Aen.
778 1606 824 1642 11
858 1605 960 1642 782:
1005 1603 1178 1652 praedae
1203 1611 1239 1640 et
1265 1604 1475 1654 spoliorum
1501 1606 1663 1642 ardebat

230 1671 373 1694 amore.

344 1713 435 1752 161.
493 1712 641 1748 Martis
658 1725 790 1748 amore
805 1714 910 1762 Virg.
928 1711 1034 1749 Aen.
1055 1716 1081 1753 7
1100 1712 1194 1753 550.

341 1769 434 1808 171.
494 1767 667 1803 tremulis
690 1767 908 1804 ululatibus
923 1768 1081 1804 aethera
1100 1770 1206 1818 Virg.
1227 1767 1334 1805 Aen.
1356 1771 1380 1809 7
1399 1768 1496 1810 395.

344 1825 437 1863 172.
496 1822 644 1870 trepido
666 1823 836 1858 tumultu
856 1825 960 1873 Virg.
982 1823 1088 1859 Aen.
1111 1825 1135 1863 8
1155 1825 1276 1865 4-5.

342 1876 437 1918 185.
496 1878 606 1914 Caes.
627 1878 674 1913 de
694 1876 793 1913 bello
819 1878 931 1914 Gall.
955 1881 979 1917 7
1000 1882 1075 1918 36:
1109 1878 1189 1915 leve
1199 1879 1405 1928 proelium.

344 1933 436 1972 188.
493 1945 554 1969 ms
572 1931 636 1968 hic
662 1933 851 1978 Gersirit,
881 1932 950 1970 sed
967 1934 1068 1969 infra
1088 1933 1113 1974 4
1134 1935 1211 1974 489
1238 1933 1440 1978 Geislritlb
1468 1940 1507 1970 et
1523 1947 1560 1970 v.
1582 1936 1662 1974 970

235 1988 375 2026 rectius
405 1988 568 2024 sortasse
599 1987 805 2024 Geisirich.
865 1987 954 2025 vide
984 1986 1174 2025 Wachter
1208 1989 1383 2026 Glossar.
1411 1989 1598 2025 German.
1620 2003 1659 2039 p.

234 2044 315 2084 597
328 2073 338 2090 ‚
369 2043 436 2079 ubi
453 2042 551 2080 haec
569 2044 644 2079 ait:
682 2043 882 2079 Gizerieas
894 2071 909 2089 ,
945 2044 1069 2080 Gesas
1081 2051 1233 2092 polens.
1294 2057 1431 2080 nomen
1445 2045 1662 2093 genuinam
1700 2064 1702 2066 -

234 2101 337 2149 regis
371 2099 642 2136 Vandalorum
668 2099 708 2134 in
726 2098 887 2148 Africa.
954 2099 1154 2136 Gli-ericus
1179 2099 1370 2135 [ornandi
1379 2127 1392 2143 ,
1438 2099 1660 2137 Gai-cericas

238 2155 382 2191 [datio.
443 2155 624 2204 utrinqne
642 2154 770 2190 eodem
789 2167 916 2191 sensa.
983 2155 1211 2190 Gensericas
1232 2155 1333 2191 idem
1349 2167 1488 2191 nomen
1507 2161 1543 2189 et
1559 2155 1660 2191 elus-

236 2210 324 2246 clem
342 2211 445 2259 regi-s·
455 2238 471 2254 ‚
501 2210 571 2246 sed
578 2223 653 2258 per
673 2209 892 2258 epentlzesc'n
911 2211 1104 2246 vitiatum.

348 2267 438 2304 191.
497 2267 614 2301 etiam
633 2264 679 2300 de
697 2264 807 2300 laud.
831 2265 928 2301 last.
953 2268 978 2305 2
997 2268 1099 2305 223:
1139 2271 1229 2300 ante
1244 2265 1363 2314 pedes
1373 2263 1540 2313 planate
1557 2266 1654 2300 vias.

231 2321 287 2357 ibi
309 2326 418 2356 notat
438 2319 620 2356 Barthius
646 2318 820 2370 phrasim
841 2320 1085 2370 desumptam
1107 2333 1190 2357 esse
1211 2334 1262 2357 ex
1281 2319 1496 2368 evangelio.
1553 2319 1658 2356 idem

229 2376 393 2413 verbum
413 2377 576 2411 occurrit
590 2375 738 2411 ibidem
756 2389 793 2411 v.
808 2378 903 2416 329.

341 2431 434 2470 195.
490 2443 550 2466 ms
583 2437 746 2466 sternere
770 2431 833 2466 vel
861 2443 1054 2467 scernere:
1098 2442 1190 2465 nam
1215 2442 1237 2464 c
1265 2434 1303 2464 et
1333 2435 1348 2464 t
1376 2436 1464 2478 post
1494 2443 1514 2465 ε
1539 2429 1658 2466 simili

229 2486 348 2523 (luctu
363 2492 454 2523 suut
474 2484 711 2521 efformatae.
770 2484 860 2522 hinc
894 2486 1056 2522 dubium
1084 2487 1202 2521 oritur
1226 2497 1321 2520 uum
1350 2484 1530 2521 librarius
1561 2485 1656 2521 scri-

227 2543 367 2592 pserit,
398 2541 500 2576 male
523 2542 683 2589 repetita
704 2554 748 2583 SV,
780 2542 867 2589 quis
885 2553 1054 2576 scernere
1072 2551 1140 2589 pro
1163 2540 1251 2588 qni-s·
1269 2553 1432 2576 cernere.

340 2598 431 2636 196.
492 2595 539 2631 de
578 2594 827 2630 multitudine
865 2609 908 2631 av.
942 2596 1158 2644 frequentia
1188 2595 1423 2631 locustarum
1454 2595 1493 2629 iu
1527 2594 1656 2631 AFrica

227 2651 323 2689 haec
342 2652 490 2701 profert
508 2651 658 2687 Plinius
681 2651 740 2685 H.
767 2650 823 2684 A.
848 2652 872 2689 8
891 2652 968 2690 29:
1002 2650 1065 2686 M.
1091 2650 1216 2686 Varro
1234 2657 1371 2686 auctor
1392 2656 1447 2685 esc
1464 2650 1657 2685 civitatem

221 2708 385 2758 pulsam
404 2706 455 2747 ab
477 2706 633 2745 locustis
654 2706 696 2742 ιἰι
714 2704 874 2756 Asi-ica.
