1702 3060
401 95 612 142 IUSTIM
643 96 882 141 MINORIS
915 97 1020 140 LIB.
1052 97 1109 141 Π.
1387 97 1484 143 177

43 255 44 258 ¹
140 219 286 259 parvus
306 203 429 245 homo
440 236 452 256 ,
481 207 667 246 immensi
685 207 813 245 factus
831 207 989 245 factoris
1008 208 1141 258 imago
1152 205 1174 246 Ἰ

0 287 1 308 ³
46 274 116 326 ΥΒΟ
144 287 194 312 en
213 286 308 325 ego,
338 287 460 326 parva
479 282 677 312 creaturae
697 288 812 326 pars,
846 273 1027 312 subditus
1050 273 1162 312 adsto

51 332 56 337 ¹
143 347 234 378 ante
254 342 388 379 oculos
402 371 413 390 ,
443 343 624 390 excelse,
658 349 762 380 tuos.
818 343 892 380 tibi
916 344 1043 380 servio
1063 343 1140 380 soli

141 414 261 460 atque
280 421 417 445 meum
437 409 624 446 submitto
643 416 782 460 caput,
815 411 878 446 cui
897 410 1067 447 flectitur
1086 411 1156 447 uni

141 487 259 512 omne
277 487 383 526 genu
395 505 405 523 ‚
437 487 558 527 quem
577 484 715 515 cuncta
735 484 882 529 pavent
894 507 904 526 ‚
934 478 1131 514 elementa
1149 479 1396 520 tremiscunt.

141 554 324 594 quaeque
338 541 475 579 vident
490 541 671 583 homines
691 552 730 582 et
746 558 847 597 quae
865 558 946 582 non
962 546 1065 583 iusta
1084 544 1222 594 videri,

57 606 113 650 85
141 615 231 646 ante
251 611 383 647 oculos
402 617 494 647 sunt
514 612 617 650 clara
636 620 746 662 tuos,
775 614 1039 661 famulantur,
1071 611 1235 651 adorant

141 683 182 714 et
203 675 368 714 laudant
389 677 547 716 factoris
566 693 677 731 opus.
736 683 770 718 si
790 687 940 732 sceptra
963 687 1097 717 tenere

1239 645 1248 663 2

141 757 206 782 me
227 745 405 782 Romana
425 746 538 784 iubes
558 748 783 800 soliumque
803 746 1015 786 ascendere
1034 750 1171 798 patris,

141 813 176 850 si
190 812 262 850 tibi
279 814 515 864 complacuit
532 816 700 866 populos
718 814 819 853 mihi
837 814 994 853 credere
1010 822 1153 866 tantos,

31 933 33 935 ι
141 881 246 917 velle
265 887 380 918 tuum
396 881 459 918 sac
477 895 592 933 posse
611 896 760 920 meum.
818 891 863 921 tu
879 884 1040 921 subiicis
1059 882 1208 935 hostes,

56 944 113 989 40
141 949 242 986 colla
261 949 520 1000 superborum
537 951 760 1001 furiamque
779 957 938 1001 pectora
959 951 1124 1002 frangis,

140 1021 184 1053 tu
202 1028 315 1066 reges
334 1019 480 1055 servire
497 1018 608 1054 facis.
666 1016 716 1054 da
735 1030 852 1068 posse
869 1019 1031 1067 volenti,

141 1090 185 1120 ut
203 1083 348 1121 faciam
363 1085 556 1136 placitura
575 1079 694 1121 tibi.”
749 1085 933 1136 placuere
951 1087 1107 1137 parenti

141 1151 286 1189 orantis
306 1153 372 1203 pia
390 1153 509 1191 verba
530 1153 627 1201 viri,
658 1154 894 1205 genitusque
911 1156 1087 1205 precanti

140 1220 299 1267 annuit,
329 1226 368 1257 et
389 1211 546 1258 sanctus
558 1215 748 1271 “regnato
758 1216 780 1234 '’
801 1222 961 1272 spiritus
985 1222 1130 1274 inquit.

56 1282 110 1327 45
139 1298 220 1324 vox
236 1299 377 1324 arcana
398 1286 463 1325 dei
481 1289 602 1338 gestis
626 1288 669 1325 fit
690 1295 783 1325 nota
799 1291 991 1339 peractis:

89 1343 92 1348 ¹
138 1366 218 1391 non
238 1353 398 1404 fierent,
426 1356 504 1393 nisi
522 1363 656 1393 sancta
681 1354 746 1393 dei
763 1369 844 1393 vox
867 1357 936 1393 illa
955 1356 1123 1394 iuberet.

195 1424 286 1473 Ipsa
306 1424 426 1460 etiam
443 1425 592 1461 summi
607 1436 765 1461 consors
787 1425 1006 1461 castissima
1028 1427 1140 1475 regni

139 1490 302 1540 virginis
322 1496 361 1527 et
380 1490 516 1527 matris
534 1491 728 1541 temphun
751 1491 920 1528 sublime
944 1493 1097 1542 petivit,

140 1559 250 1595 cuius
271 1555 477 1595 adoratum
494 1557 618 1595 limen
634 1558 802 1595 feliciter
818 1559 970 1596 intrans

57 1626 112 1669 50
140 1632 230 1663 ante
249 1627 336 1676 pios
354 1626 486 1663 vultus
505 1627 691 1677 expausis
713 1625 881 1663 candida
900 1626 1046 1677 palmis

140 1695 311 1731 constitit
323 1721 334 1742 ,
365 1699 403 1730 et
416 1694 551 1744 pronis
568 1694 740 1745 supplex
755 1692 856 1731 haec
876 1694 1052 1730 vultibus
1069 1693 1170 1731 infit.

134 1756 272 1812 “virgo
296 1762 478 1799 creatoris
497 1762 672 1812 genitrix
690 1763 936 1799 sanctissima
956 1760 1110 1810 mundi,

138 1829 288 1882 excelsi
305 1830 441 1880 regina
461 1830 563 1880 poli,
597 1830 821 1880 specialiter
839 1842 921 1866 una

137 1910 229 1935 vera
248 1910 390 1948 parens
412 1903 450 1934 et
470 1898 581 1948 virgo
599 1909 785 1946 manens,
815 1898 902 1934 sine
922 1897 1074 1934 semine
1094 1898 1215 1948 patris

53 1964 109 2009 55
138 1978 258 2018 quam
276 1963 372 2002 deus
389 1965 508 2015 elegit
526 1971 694 2002 matrem
713 1966 800 2013 sibi,
829 1963 988 2002 credula
1007 1966 1175 2002 verbum

140 2034 365 2084 concipiens
385 2039 560 2070 nostram
577 2035 748 2083 genuisti
765 2034 847 2070 feta
868 2033 1052 2070 salutem.

139 2114 162 2140 ο
184 2102 309 2152 pietas
324 2099 505 2138 miranda
523 2099 588 2138 dei
606 2098 791 2151 dictuque
812 2097 1040 2137 tremendo!

105 2167 108 2171 ’
137 2169 336 2206 caelorum
353 2169 478 2205 factor
496 2167 680 2205 dominus
701 2167 819 2216 deus,
847 2169 964 2204 unica
989 2168 1111 2218 patris

135 2237 264 2274 forma
283 2235 379 2284 dei,·
397 2248 512 2272 verae
532 2249 618 2273 sese
638 2235 835 2272 velamine
857 2236 985 2271 carnis

52 2305 106 2345 60
133 2302 262 2342 induit
279 2310 319 2341 et
339 2304 442 2342 servi
461 2303 633 2340 formam
655 2301 704 2339 de
724 2304 878 2354 virgine
899 2301 1081 2351 sumpsit.

137 2383 235 2423 quos
253 2371 346 2420 tibi,
377 2384 476 2423 quos
496 2371 630 2421 genito
653 2369 794 2421 dignos
820 2371 1019 2408 solvemus
1042 2366 1210 2405 honores

136 2451 208 2489 pro
224 2440 363 2487 tantis,
393 2437 620 2486 benedicta,
651 2438 763 2475 bonis
774 2436 793 2475 ⁴?
824 2445 862 2475 te
875 2467 885 2485 ‚
916 2437 1046 2488 gloria*
1063 2442 1247 2484 matrum,

137 2507 408 2559 auxiliumque
427 2507 598 2557 imploro
622 2513 758 2542 tuum:
788 2512 827 2542 te
850 2503 1199 2556 semperadorem,

138 2579 178 2610 te
196 2573 322 2611 fatear
340 2573 542 2612 dominam
560 2575 888 2626 servatricemque
906 2585 1097 2610 novarum

0 2712 72 2757 ,84
95 2721 130 2752 et
145 2728 210 2751 non
225 2728 314 2763 quae
327 2716 418 2752 ium
433 2719 542 2755 codes.

0 2831 18 2891 ᾧ.

0 2898 20 2940 ξ’.

0 2946 25 2980 1⁴.
