1702 3060
276 189 340 219 ιιι
826 172 1139 216 DEMPSTERI

1671 220 1691 253 :13

1670 253 1689 265 ,μ

277 284 445 321 illustres
465 284 569 321 viros
582 311 596 329 ‚
624 281 754 321 doctos
771 289 887 333 atque
905 282 1130 319 eruditionis
1144 294 1284 332 genere
1303 278 1521 318 excellentee
1531 307 1548 326 ‚
1574 287 1619 319 ut
1674 326 1678 327 ⁷

277 350 381 402 apud
395 352 633 396 Ausonium3
663 356 706 385 ut
724 355 825 385 recte
845 349 891 385 ab
911 349 1070 385 Aurelio
1088 347 1311 385 cassiodoro
1330 347 1476 385 dicatur
1487 361 1604 399 gram

278 420 440 454 tic-orum
458 415 590 452 schola
607 415 779 465 gloriosa
798 422 922 451 mater
928 414 1164 465 facundiae.
1224 416 1398 465 sequitur
1421 413 1560 451 deinde
1579 416 1621 450 in
1639 389 1693 461 fii,

274 483 355 519 tulo
377 481 594 532 Africani,
623 480 727 532 quod
745 487 782 518 et
800 482 883 532 ipse
903 481 1016 518 fateri
1037 480 1206 528 videtur,
1238 480 1331 518 dum
1356 482 1512 518 nomine
1539 470 1691 525 African}⁴

275 549 356 598 agit
388 550 530 598 gratias
564 549 767 585 Anastasio
803 550 997 598 quaestori
1028 549 1075 584 ob
1104 546 1261 584 fidelem
1286 548 1478 585 Africanis
1511 542 1693 593 navatanffl

273 627 433 664 operam
463 627 502 652 v.
522 615 588 654 37.
643 627 766 651 senex
790 613 865 651 hoc
891 627 988 664 opus
1014 615 1188 664 scripsit:
1224 627 1318 651 nam
1346 615 1388 651 iu
1411 616 1558 663 Paneg.
1586 615 1692 650 Ana—

275 681 382 718 stasii
399 679 472 720 48:
1680 678 1690 715 ἰ

795 745 932 795 ses-me
954 747 1130 784 miserere
1144 754 1333 793 senectae,
1678 751 1688 778 ἲ

275 818 313 849 et
330 813 372 848 in
388 810 633 848 Praefatione
650 812 703 850 37
716 820 727 846 ε

808 878 912 910 senio
931 877 1104 912 dextram
1116 880 1183 925 pie
1196 880 1355 930 porrige
1362 877 1486 929 sesso.
1680 888 1688 907 ³

273 943 402 978 minus
429 940 664 990 locupletem
693 940 730 976 ei
759 939 878 976 fuisse
901 953 984 977 rem
1008 941 1243 978 familiarem
1268 947 1439 994 suspicor
1458 957 1509 981 ex
1528 943 1575 981 iis
1596 952 1694 995 quae

273 1009 361 1058 lego
388 1009 429 1045 in
455 1006 701 1043 Praefatione
726 1018 764 1043 v.
786 1005 853 1045 41.
909 1008 1039 1044 nescio
1069 1020 1119 1043 au
1151 1019 1202 1042 ex
1230 1007 1319 1043 lite:
1360 1021 1455 1046 nam
1480 1011 1521 1046 iu
1546 1011 1694 1059 Panega

272 1076 407 1112 Anast.
427 1071 503 1113 44:

438 1139 483 1176 ki
503 1139 608 1175 sacri
626 1144 842 1174 monstrant
861 1140 990 1188 apices
1017 1168 1025 1177 .
1053 1136 1162 1191 lege,
1190 1152 1338 1177 summe
1357 1141 1558 1192 magister,
1682 1154 1687 1175 1

439 1212 474 1241 et
494 1215 654 1241 cansam
678 1204 840 1255 defende
860 1218 999 1242 meam.

273 1272 446 1310 officium
475 1278 576 1308 certe
605 1277 670 1307 aut
697 1272 739 1306 in
767 1271 854 1307 aula
875 1273 1051 1308 Palatina
1069 1279 1134 1310 aut
1153 1274 1194 1310 in
1212 1273 1408 1324 provincia
1431 1273 1584 1311 videtur
1604 1283 1694 1323 gese*

273 1340 392 1387 sisse3
424 1336 494 1375 sed
511 1339 625 1388 quale
645 1336 687 1372 id
708 1338 779 1384 sit,
808 1350 887 1374 non
907 1340 1107 1388 exprimit,
1137 1341 1282 1389 Paneg.
1301 1341 1436 1378 Anast.
1454 1339 1507 1381 47
1519 1352 1531 1378 x
1683 1356 1690 1372 ι

439 1410 619 1454 quaestor
635 1403 855 1447 Anastasi,
881 1404 952 1440 sub
974 1407 1085 1442 cuias
1108 1407 1262 1443 nomine
1277 1414 1386 1458 gesto

430 1470 625 1517 principie
645 1469 837 1516 officium.
1681 1487 1689 1503 ι

272 1535 475 1585 descripsit
507 1546 568 1570 res
600 1546 623 1569 a
657 1533 869 1568 Iustiniano
894 1535 1071 1583 Augusto
1091 1535 1132 1571 in
1151 1535 1282 1573 Africa
1301 1544 1429 1586 gestas
1449 1537 1567 1576 ductu
1587 1539 1694 1586 Beli⁴

273 1603 385 1641 sarii:
416 1601 471 1638 sic
492 1601 598 1636 enim
615 1599 784 1635 Praefat.
804 1598 878 1638 35:
1682 1617 1691 1638 2

438 1665 537 1717 quid
549 1665 720 1715 Libycas
734 1671 868 1715 gentes
888 1673 924 1701 et
945 1666 1099 1716 Syrtica
1111 1667 1269 1717 praelia
1285 1667 1415 1705 dicam

438 1734 521 1770 iam
542 1731 653 1767 libris
674 1731 863 1780 completa
886 1731 1008 1768 meis?
1683 1751 1691 1769 ι

274 1798 467 1838 dedicavit
485 1797 560 1835 hoc
582 1810 679 1847 opus
703 1796 872 1847 Sophiae
891 1799 1090 1848 Augustae
1107 1800 1243 1836 Iustini
1260 1801 1421 1838 Minoris
1440 1802 1575 1840 uxori:
1602 1809 1695 1843 nam

273 1865 371 1905 haec
392 1864 496 1917 apud
521 1877 610 1901 eum
633 1864 720 1913 lego
741 1866 764 1903 3
794 1862 892 1905 147:

438 1932 532 1969 diva
542 1959 559 1976 ,
587 1930 778 1980 Augusta
792 1931 942 1981 fimens
951 1958 968 1975 ,
995 1938 1174 1968 sanctam
1197 1938 1234 1967 et
1252 1930 1468 1972 venerabile
1485 1949 1639 1984 nomen,

436 1997 654 2034 immortale
672 1996 814 2033 bonam
822 2024 839 2041 ,
868 2005 1020 2035 nostrae
1038 2001 1230 2048 sapientia
1250 2000 1428 2050 linguae,

435 2065 622 2112 auspiciis
638 2063 736 2100 haec
752 2077 862 2100 sacro
883 2066 959 2100 tais·
981 2092 990 2100 .
1016 2071 1085 2101 tua
1105 2072 1194 2102 vota
1214 2074 1413 2104 canentem

437 2131 606 2178 respice,
635 2135 670 2165 et
690 2130 820 2165 oranti
842 2129 1005 2167 clemens
1020 2130 1160 2168 solatia
1172 2132 1334 2181 praebe.

274 2196 460 2247 scriptum
477 2194 600 2232 nihilo
620 2197 750 2232 minus
770 2202 907 2245 rogatu
922 2197 1117 2234 Anastasii
1130 2211 1209 2235 non
1224 2199 1383 2236 obscure
1399 2199 1568 2238 insinuat
1586 2202 1606 2242 1
1630 2201 1693 2244 15.

724 2357 998 2399 LECTORI
1034 2357 1161 2399 MEO
1199 2359 1242 2399 S.

380 2460 468 2496 Non
484 2470 548 2496 me
567 2458 662 2496 latet
681 2460 925 2510 culpaturum
941 2467 980 2498 te
999 2461 1161 2498 forsitan
1178 2461 1374 2511 suppletas
1395 2473 1418 2498 a
1436 2474 1500 2499 me
1520 2463 1693 2502 lacunas.

275 2531 315 2563 at
329 2526 499 2576 primum
519 2538 589 2576 par
604 2525 757 2577 utrique
779 2533 955 2564 nostrum
983 2534 1118 2564 votum
1145 2541 1228 2565 esse
1250 2529 1445 2578 suspicor,
1475 2531 1693 2567 restitutum

275 2592 436 2642 pristino
472 2593 592 2629 cultui
619 2593 830 2643 Corippum
857 2592 1064 2644 aliquando
1094 2592 1246 2642 videre,
1279 2593 1384 2645 quod
1402 2607 1491 2632 cum
1512 2596 1595 2632 fieri
1612 2609 1692 2633 nou

275 2659 397 2708 possit
419 2672 488 2710 per
511 2671 572 2696 ms
584 2686 595 2706 ‚
624 2657 718 2710 quid
743 2665 847 2695 vetat
871 2659 1028 2709 ingenio
1048 2665 1086 2696 et
1100 2660 1291 2709 probabili
1308 2662 1524 2700 coniectura
1542 2661 1584 2699 id
1601 2669 1691 2698 ten-

275 2723 381 2763 tari?
434 2723 710 2777 reprehensum
731 2723 807 2763 hoo
831 2724 947 2775 olim,
975 2725 1150 2778 inquies,
1177 2727 1220 2764 in
1239 2730 1501 2778 grammaticis
1519 2729 1690 2766 nonnul-
