1702 3060
238 157 314 188 x1v
739 128 1178 189 mzznccmm

240 254 479 303 thaginiensi
507 253 627 306 (Diss.
644 251 671 293 4
704 266 737 290 c.
758 257 784 295 7
809 267 850 290 n.
869 255 895 294 3
928 267 968 304 Ρ.
991 256 1073 296 317
1105 260 1144 291 et
1169 255 1249 296 319
1281 266 1326 292 aa
1345 268 1428 308 seq.
1453 254 1516 294 ed.
1537 258 1679 296 Paris„

242 319 388 370 1679);
430 333 475 357 ac
501 321 631 371 plures
662 320 730 356 alii
757 320 799 357 in
824 326 1065 370 postremum
1090 327 1263 369 tantum,
1306 334 1447 374 nempe
1473 324 1680 361 Baronius*

238 387 323 423 loco
344 388 457 422 citato
470 415 480 434 ,
517 388 661 436 Pagius
686 387 728 423 in
755 386 924 424 eundem
940 388 1098 424 Baronii
1121 387 1252 425 locum
1282 394 1320 425 et
1341 387 1392 426 ad
1413 401 1559 426 annum
1581 392 1663 431 696
1680 374 1681 378 Ἰ

235 466 276 489 n.
298 451 344 499 53
386 452 566 489 Labbeus
594 455 635 489 in
670 454 929 491 Conciliorum
959 461 989 491 t.
1020 456 1045 494 6
1077 452 1139 490 ed.
1159 455 1281 491 Paris.
1308 456 1409 496 1671
1431 456 1505 493 col.
1533 457 1661 502 13813

237 519 384 556 Caveus
398 519 440 554 in
465 519 651 570 Scriptor.
674 520 901 558 Ecclesiast.
925 521 1086 558 historia
1104 521 1296 558 litteraria
1310 522 1389 559 vol.
1412 524 1431 562 1
1452 521 1516 559 ed.
1536 523 1662 560 Oxou.

238 583 344 624 1740
372 598 412 634 Ρ.
433 587 511 625 600
540 599 575 622 a.
595 588 697 634 690;
741 587 915 624 Oudinus
947 589 989 625 in
1021 589 1300 625 Commentario
1328 587 1374 624 de
1403 588 1664 638 Scriptoribus

234 650 519 687 Ecclesiasticis
547 658 575 688 t.
598 656 616 692 1
654 653 726 689 col.
751 655 857 694 1667
890 661 928 691 et
957 667 1038 706 seq.
1068 667 1168 691 saec.
1191 658 1217 695 7
1246 666 1283 690 a.
1311 655 1413 702 690,
1454 658 1522 706 qui
1546 656 1664 692 etiam

238 715 414 754 distinxit
437 719 645 768 Corippum
670 732 692 755 a
713 720 915 757 cresconio
947 721 1007 772 (ut
1036 722 1179 758 fecerat
1208 721 1388 768 Vossius,
1429 721 1463 757 si
1489 722 1663 759 conferas

237 783 367 820 locum
385 786 447 820 cit.
470 798 558 821 cum
577 784 751 822 eiusdem
773 789 894 836 capite
919 787 944 827 5
966 789 1056 824 libri
1072 791 1097 828 2
1116 788 1163 824 de
1174 786 1302 837 poetis
1316 785 1492 839 Latinis)
1505 815 1522 833 ,
1549 789 1665 825 illum

239 857 434 887 auctorem
467 850 598 888 dicens
634 852 902 889 tantummodo
931 855 1122 902 poematis
1153 854 1200 890 de
1234 852 1418 890 laudibus
1449 854 1596 891 Instini
1627 861 1666 892 et

237 914 343 952 hunc
369 904 602 954 collectionis
623 932 818 955 canonum
829 933 846 964 ,-
887 920 1079 967 Dupinius
1107 920 1150 955 in
1173 920 1369 956 Nouvelle
1391 919 1666 971 Bibliothe'que

237 983 306 1020 des
326 991 482 1020 auteurs
502 984 810 1034 eccle-siastiques
830 990 859 1020 t.
881 986 905 1022 6
931 986 1043 1020 Mons
1067 984 1171 1024 1694
1192 997 1231 1034 Ρ.
1253 983 1328 1031 45;
1357 984 1443 1022 Ioh.
1464 989 1541 1024 Iac.
1565 989 1666 1024 Hof-

238 1062 404 1086 mannus
431 1051 472 1086 iu
497 1051 639 1087 Lexico
673 1050 895 1087 Universali
911 1056 941 1086 t.
965 1053 985 1091 1
1011 1063 1051 1099 p.
1073 1051 1178 1090 1013
1203 1048 1265 1085 ed.
1283 1049 1411 1099 Lugd.
1429 1054 1517 1089 Bat.
1542 1055 1665 1100 169&

239 1117 426 1153 Ceillerus
448 1118 490 1153 in
517 1118 691 1154 Histoire
717 1117 782 1154 des
807 1124 966 1154 auteurs
993 1116 1120 1152 sacres
1154 1122 1188 1151 et
1222 1115 1526 1167 ecclesiastiques
1558 1125 1587 1155 t.
1617 1122 1668 1160 17

238 1185 346 1220 Paris
370 1184 475 1224 1750
496 1197 535 1234 Ρ.
556 1184 661 1231 757;
690 1183 883 1221 Berardus
903 1185 945 1219 in
955 1183 1206 1233 praestitione
1225 1181 1276 1220 ad
1299 1183 1487 1220 Gratiani
1503 1197 1669 1223 canones

234 1250 428 1300 genuinos
446 1249 497 1286 ab
517 1251 752 1301 apocryphis
774 1252 953 1288 discretos
974 1250 1138 1287 Taurini
1160 1249 1266 1291 1752
1292 1263 1332 1300 p.
1353 1251 1429 1298 283
1467 1251 1668 1290 Ballerinii

237 1317 280 1355 iu
311 1318 498 1353 Tractata
525 1318 572 1354 de
599 1320 775 1368 antiquis
801 1316 1090 1354 collectionibus
1119 1323 1157 1352 et
1186 1316 1452 1354 collectoribus
1475 1330 1670 1355 canonum

235 1384 294 1421 ad
317 1384 556 1420 Gratianum
576 1398 698 1434 nsque
718 1398 758 1435 p.
775 1383 801 1424 4
818 1399 849 1421 c.
866 1387 889 1424 3
907 1385 950 1420 in
969 1383 1203 1433 Appendice
1217 1383 1274 1420 ad
1292 1384 1336 1420 S.
1357 1383 1503 1420 Leonis
1521 1385 1672 1435 Magni

242 1451 375 1500 Opera
402 1463 471 1487 seu
496 1458 526 1487 t.
546 1453 570 1489 3
599 1452 736 1487 venet.
758 1451 862 1492 1757
879 1464 920 1499 Ρ.
946 1448 1048 1496 254;
1089 1456 1128 1485 et
1159 1451 1227 1488 alii
1254 1451 1336 1488 fere
1365 1463 1501 1488 omnes
1529 1453 1598 1502 qui
1621 1450 1670 1488 de

237 1517 444 1554 concordia
464 1529 658 1553 canonum
678 1517 872 1555 cresconii
893 1524 1079 1568 egeruntr,
1110 1517 1250 1568 quibus
1268 1516 1537 1566 subscripsisse
1557 1517 1671 1555 vide-

236 1590 299 1620 tur
320 1583 472 1620 Andres
494 1584 538 1619 in
559 1584 641 1619 eius
662 1596 777 1633 opere
796 1585 907 1620 Dell’
926 1586 1092 1634 origine,
1121 1582 1181 1620 de’
1195 1583 1397 1632 progressi
1412 1595 1434 1618 e
1449 1582 1551 1620 dello
1569 1591 1670 1621 stato

236 1649 387 1687 attuale
407 1649 447 1686 d’
465 1650 559 1700 ogni
575 1649 801 1687 letteratura
822 1658 937 1701 parte
957 1650 1124 1687 seconcia
1146 1649 1247 1687 delle
1268 1650 1415 1685 scienze
1439 1649 1672 1689 ecclesiasti-

238 1717 308 1753 clze
326 1716 424 1752 libro
443 1723 560 1762 terzo,
587 1723 640 1753 to.
660 1720 710 1758 21
733 1716 825 1754 edit.
842 1719 1013 1756 Venetae
1038 1717 1131 1754 anni
1154 1717 1258 1756 1800
1277 1729 1317 1765 Ρ.
1337 1714 1406 1757 46.
1461 1716 1510 1753 118
1530 1729 1672 1754 accen-

238 1782 382 1821 sendus
403 1790 460 1820 est
479 1785 598 1820 etiam
617 1783 806 1830 Quadrius
822 1786 864 1822 in
882 1798 997 1835 opere
1019 1786 1080 1822 cui
1097 1783 1231 1821 titulus
1251 1781 1374 1818 Deua
1389 1783 1509 1819 storia
1526 1795 1546 1818 e
1565 1783 1672 1820 della

239 1851 400 1900 ragione
427 1850 467 1887 d'
494 1852 589 1901 ogni
609 1852 745 1900 poesia
767 1851 843 1889 vol.
867 1859 1006 1902 quarto
1034 1850 1088 1903 (t.
1109 1848 1160 1900 6)
1189 1848 1350 1886 Milan«)
1373 1847 1479 1890 1749
1502 1862 1543 1899 Ρ.
1569 1849 1671 1890 147:

241 1916 289 1954 de
314 1931 359 1955 eo
382 1924 513 1954 autem
530 1917 631 1954 infra
651 1917 793 1954 redibit
816 1931 958 1955 sermo.

351 1983 431 2022 Sed
452 1983 526 2020 hae
551 1985 594 2020 111
621 1997 662 2020 re
689 1984 888 2036 sequenda
918 1986 1075 2022 onmino
1104 1991 1162 2022 est
1191 1984 1322 2035 opinio
1351 1982 1550 2034 Fogginii,
1603 1982 1673 2034 qui

239 2064 280 2101 p.
303 2050 352 2091 15
387 2052 440 2087 ait
466 2045 566 2087 “aut
583 2052 713 2088 minus
732 2054 919 2090 veraciter
941 2059 1007 2090 aut
1030 2054 1169 2089 saltem
1188 2053 1319 2088 minus
1342 2049 1549 2100 diligenter
1564 2047 1672 2086 indi-

240 2124 371 2155 catum
405 2123 499 2167 puto
532 2117 579 2154 ab
618 2116 867 2156 adnotatore’'
903 2119 1045 2157 codicis
1084 2119 1329 2157 vallicellani
1362 2112 1673 2167 “argumentum

240 2185 420 2221 carminis
441 2183 487 2220 de
506 2183 616 2221 bellis
637 2185 808 2236 Libycis,
838 2186 943 2238 quod
960 2188 995 2223 ei
1013 2186 1279 2223 innotescebat
1299 2184 1495 2222 Gresconii
1513 2184 1674 2220 nomine

239 2252 481 2301 inscriptum.
539 2252 571 2288 si
588 2253 714 2300 enim,
758 2254 850 2304 quia
875 2260 968 2290 tunc
998 2253 1098 2290 forte
1122 2254 1164 2290 in
1187 2266 1252 2290 ore
1275 2253 1386 2302 vulgi
1407 2250 1673 2288 celebrabatur

237 2319 443 2369 praecipue
460 2318 624 2368 insignis
642 2321 802 2357 victoria
824 2333 945 2371 quam
963 2321 1155 2357 recentius
1180 2321 1223 2357 in
1245 2321 1378 2358 Africa
1397 2317 1447 2355 de
1467 2318 1672 2355 Saracenis

238 2384 430 2422 Iohannes
467 2387 650 2436 patricius
682 2388 914 2437 imperatore
942 2388 1106 2424 Leontio
1138 2392 1419 2439 reportaverat,
1466 2381 1570 2420 hanc
1602 2383 1672 2419 ille

235 2453 438 2490 victoriam
461 2453 707 2490 Cresconiani
740 2455 920 2491 carminis
940 2461 1215 2504 argumentmn
1235 2467 1321 2492 esse
1342 2451 1519 2489 adserere
1541 2450 1672 2486 inten—

239 2517 316 2567 dit,
355 2519 536 2557 falsitatis
564 2533 654 2557 eum
681 2527 848 2570 arguunt
868 2522 986 2571 primi
1003 2519 1179 2558 eiusdem
1199 2521 1380 2557 carminis
1397 2528 1532 2555 versus
1551 2528 1574 2552 a
1593 2517 1673 2552 Cu-

242 2587 418 2636 spiniano
439 2585 533 2624 editi
545 2615 556 2635 ‚
597 2588 666 2638 qui
683 2587 834 2624 bellum
852 2587 1027 2624 indicant
1045 2589 1152 2626 vario
1172 2600 1217 2624 ac
1238 2585 1419 2623 diuturno
1441 2585 1565 2621 Marte
1585 2583 1671 2632 agi-

242 2658 387 2701 tatum,
427 2666 516 2690 cum
541 2667 564 2691 e
591 2655 781 2691 contrario
805 2654 955 2691 bellum
981 2655 1255 2692 Saracenicum
1279 2654 1349 2691 sub
1370 2653 1534 2690 Leontio
1562 2651 1671 2688 brevi

242 2720 426 2770 temporis
442 2722 565 2771 spatio
586 2721 803 2759 confecttun
818 2733 902 2759 esse
925 2728 1072 2759 constet
1090 2733 1142 2759 ex
1157 2722 1362 2760 Anastasio
1370 2717 1670 2758 Bibliothecario
