1702 3060
274 171 373 203 nxv1
694 153 925 198 FOGGINI
956 152 1273 196 PRAEFATIO.

275 274 491 306 constarent
502 296 512 316 ‚
541 266 609 304 ubi
625 266 818 315 integrmn
832 262 1063 301 haberemus
1081 257 1226 299 librum
1241 258 1266 300 4
1283 266 1322 298 et
1341 260 1436 299 ali0s
1449 260 1591 308 libros,-
1621 259 1687 310 qui

276 344 367 373 eum
384 334 731 385 prosequebantnr:
762 331 874 368 sicuti
894 332 998 367 enim
1015 330 1136 365 tribus
1158 329 1266 365 libris
1285 329 1438 378 imperii
1455 329 1592 365 Iustini
1611 329 1687 363 ini-⁴-

275 403 350 448 tia,
388 402 442 437 sic
468 402 584 436 etiam
611 398 773 435 totidem
798 399 1039 435 consulatum
1068 397 1150 433 eius
1169 402 1208 432 et
1223 396 1266 432 in
1285 407 1328 432 eo
1346 401 1454 444 gesta
1480 395 1688 444 Corippum

277 466 490 504 celebrasse
507 465 756 503 vehementer
772 466 957 515 suspicor.

385 533 549 583 Corippo
582 533 793 569 familiares
822 538 930 568 erant
957 544 1087 568 sacrae
1114 530 1286 576 litterae,
1317 524 1424 578 quod
1450 522 1533 562 eius
1557 537 1690 562 versus

276 596 504 645 ostendunt,
538 599 580 636 in
604 601 743 650 quibus
767 599 878 649 plura
899 611 950 634 ex
970 599 1048 634 illis
1066 597 1250 632 imitatur.
1307 595 1412 631 illius
1430 605 1521 629 vero
1539 604 1608 641 pro
1629 604 1690 628 re.-

277 672 337 701 cta
362 663 437 700 fide
463 672 593 702 contra
622 668 683 703 sui
707 666 890 715 temporis
920 662 1133 700 haereticos
1162 661 1335 699 studium
1356 658 1514 696 mirifice
1533 664 1690 695 testatur

275 731 498 781 symbolum
515 730 625 780 fidei,
655 731 760 783 quod
778 729 989 767 secundum
1006 731 1164 767 Nicaeni
1181 736 1220 766 et
1235 728 1427 778 Cpolitani
1443 726 1691 764 conciliorum

278 799 484 834 constituta
511 798 685 835 versibus
713 797 919 846 diligenter
941 809 1169 847 expressum
1187 796 1322 832 inserit
1339 795 1367 831 1·.
1389 792 1435 840 43
1466 799 1504 829 et
1521 791 1692 828 fortassis

277 876 357 900 non
376 862 493 900 modo
512 865 665 900 veritati
683 862 906 900 Catholicae
925 863 1155 912 obsequium
1169 865 1224 899 ita
1241 869 1435 913 praestare
1453 860 1596 905 voluit,
1626 855 1692 894 sed

278 930 397 966 etiam
414 930 489 978 ipsi
507 929 653 965 Iustino
675 927 873 978 plaudere,
901 928 968 978 qui
985 929 1116 963 statim
1132 940 1175 963 ac
1194 929 1356 977 imperio
1373 928 1516 977 potitus
1537 932 1594 962 est
1609 922 1692 960 edi·

277 1003 383 1032 ctum
411 995 459 1031 de
491 1001 595 1031 recta
623 993 722 1041 fide,
756 993 860 1045 quod
884 995 1075 1043 Evagrius
1102 995 1238 1029 recitat
1267 993 1401 1044 (Hist.
1436 991 1547 1028 Ecca
1577 991 1602 1032 5
1628 989 1692 1040 4),

279 1063 527 1112 conscripsit,
556 1059 808 1111 hortatusque
836 1067 893 1097 est
922 1073 1057 1097 omnes
1089 1058 1140 1096 ad
1167 1058 1390 1097 Catholicae
1415 1059 1599 1096 ecclesiae
1625 1057 1693 1095 do*

279 1131 443 1166 utrinam
460 1134 575 1179 atque
593 1128 783 1163 unitatem
801 1126 1115 1177 amplexandam.

388 1195 606 1234 Velificatos
633 1207 716 1231 esse
747 1194 912 1244 Corippo
937 1194 1082 1243 primos
1104 1193 1216 1228 aulae
1231 1192 1468 1242 Byzantinae
1486 1193 1694 1240 ministros,

279 1263 527 1301 Anastasium
553 1261 781 1310 praesertim
808 1261 1038 1310 magistrum
1071 1266 1109 1295 et
1134 1266 1397 1309 quaestorem,
1426 1266 1511 1297 tmn
1540 1273 1591 1296 ex
1613 1273 1693 1296 car·b

277 1331 386 1367 mine
403 1329 636 1379 panegyrico
659 1328 700 1363 in
723 1325 882 1363 laudem
898 1327 1020 1376 ipsius
1037 1327 1251 1373 Anastasii,
1280 1333 1364 1363 tum
1387 1339 1439 1363 ex
1453 1328 1553 1364 libro
1572 1329 1695 1378 primu

279 1395 331 1432 de
359 1394 541 1432 laudibus
567 1394 706 1429 Iustiui
737 1393 954 1429 luculenter
979 1390 1184 1440 discimus,
1214 1392 1284 1430 sed
1303 1393 1508 1430 obscurum
1527 1400 1695 1430 remanet

280 1468 411 1498 utrum
445 1459 552 1496 hisce
586 1457 701 1495 editis
737 1459 846 1495 libris
876 1458 1013 1494 solatia
1040 1458 1268 1506 obtinuerit,
1310 1460 1450 1511 quibus
1485 1458 1695 1510 indigebat.

280 1539 375 1564 nam
393 1525 440 1562 de
459 1525 591 1575 inopia
609 1537 678 1560 sua
701 1526 854 1574 saepius
870 1525 1065 1574 queritur,
1094 1524 1136 1559 in
1156 1537 1274 1575 quam
1290 1539 1408 1562 saeva
1426 1527 1622 1563 Fortunae
1639 1528 1696 1563 ἱνα

281 1607 324 1631 se
349 1591 532 1629 incidisse
560 1589 653 1627 dicit
666 1620 676 1638 ,
706 1591 869 1626 reticens
888 1597 1020 1626 tamen
1041 1603 1196 1637 causas,
1225 1590 1329 1628 unde
1351 1593 1585 1629 translucere
1605 1591 1696 1644 quid

282 1660 450 1710 amplius
467 1658 655 1709 potuisset
673 1655 721 1694 de
737 1657 820 1693 eius
837 1658 940 1694 vitae
957 1657 1118 1693 ratione.
1177 1655 1347 1706 demum,
1377 1660 1411 1695 si
1428 1660 1697 1710 Dempsterum

282 1724 417 1763 audias
428 1753 438 1772 ,
468 1731 565 1760 certe
581 1725 757 1774 officium
773 1729 843 1759 aut
861 1724 904 1758 in
921 1722 1018 1758 aula
1039 1722 1231 1760 Palatina
1246 1731 1318 1761 aut
1333 1726 1375 1761 in
1386 1727 1594 1775 provincia
1609 1741 1697 1779 ges-

281 1793 375 1829 sisse
397 1791 550 1829 videtur
573 1804 626 1828 ex
648 1804 685 1828 Va
706 1789 758 1830 48
783 1791 974 1839 Panegyr.
995 1790 1038 1824 in
1063 1788 1221 1826 laudem
1248 1792 1463 1840 Anastasii;
1498 1793 1603 1845 quod
1627 1805 1697 1845 ego

284 1866 416 1896 tamen
442 1859 663 1894 nullatenus
691 1855 828 1903 video,
858 1863 901 1892 ut
927 1857 968 1892 in
991 1857 1093 1892 notis
1118 1855 1169 1892 ad
1193 1870 1283 1893 eum
1306 1858 1436 1895 locum
1454 1861 1698 1909 patefaciam.

285 1932 435 1975 praeter
451 1923 549 1961 haec
565 1923 665 1960 nihil
683 1921 790 1962 aliud
810 1923 851 1958 iu
869 1929 1051 1972 promptu
1066 1921 1204 1970 habeo,
1235 1923 1340 1975 quod
1359 1924 1407 1962 de
1422 1926 1482 1963 ΕΙ.
1495 1927 1698 1967 cresconio

284 1992 450 2043 Corippo
469 1991 649 2030 Africano
666 1989 916 2041 grammatico
936 2001 1249 2028 commemorem.

728 2549 762 2584 p.
776 2537 811 2573 11
831 2548 866 2574 v.
881 2539 901 2574 1
922 2548 984 2584 pro
999 2549 1079 2585 quos
1091 2539 1166 2586 lege
1181 2550 1276 2585 quae.
