1702 3060
247 158 341 206 132
843 158 1063 201 CORIPPI

409 265 636 304 Laetificans
654 265 750 304 alios
766 265 955 303 referebat
970 267 1065 304 talia
1082 262 1236 304 ductor:

357 332 441 383 ipse
462 331 596 369 dolens
616 333 746 369 vultus
765 331 910 370 hilares
930 333 1138 370 simulabat
1159 331 1308 368 amicis.

252 399 328 441 135
356 412 467 450 spem
487 397 603 434 dabat
625 405 782 449 aspectu
798 411 810 435 :
839 412 948 436 curas
967 412 1060 435 nam
1080 397 1192 436 corde
1211 389 1424 448 premebat.

355 463 447 501 inde
466 470 603 514 petens
619 465 732 502 Vinci
756 466 974 501 Romanum
996 463 1185 501 contrahit
1206 477 1346 514 agmen
1359 493 1369 511 ,

359 529 625 581 disposuitque
647 530 764 568 duces
781 543 963 575 numeros
984 531 1180 582 fortesque
1199 530 1373 567 tribunos

358 597 402 634 iu
422 598 598 647 proprios
619 611 791 635 remeare
808 598 935 644 locos,
963 609 1139 647 reparare
1158 594 1327 633 fovendo

360 662 632 714 quadrupedes
651 665 795 712 fessos,
823 675 997 714 pugnam
1014 676 1167 713 sperare
1184 668 1428 714 sequentem.

252 726 333 771 140
360 731 516 780 corripit
529 731 613 780 ipse
628 732 733 768 viam
745 760 754 778 ,
783 727 962 779 gradiens
982 742 1053 779 per
1076 730 1197 766 litoris
1218 741 1303 766 oras
1315 756 1328 779 ,

362 807 440 846 qua
461 797 584 834 socios
606 803 738 847 posset
757 797 862 833 victu
881 809 1058 846 reparare
1078 794 1230 832 diurno.

360 860 453 898 inde
472 875 638 913 superna
655 864 753 914 petit
772 863 1001 912 contemptis
1019 861 1174 898 moenia
1194 861 1303 910 ripis.

361 929 453 965 urbs
471 929 633 965 Laribus
651 927 791 966 mediis
811 930 933 978 surgit
948 929 1140 965 tutissima
1158 927 1266 963 silvis

365 1001 404 1030 et
421 995 543 1031 muris
561 995 711 1031 mimita
730 996 862 1042 novis,
893 1007 990 1045 quos
1011 992 1182 1030 condidit
1199 993 1286 1044 ipse

255 1057 336 1103 145
363 1061 599 1097 lastinianus
619 1073 743 1111 apex,
773 1061 875 1098 orbis
898 1059 1115 1098 dominator
1133 1059 1195 1096 eoi

365 1125 593 1178 occiduique
614 1134 771 1177 potens,
800 1128 965 1163 Romani
982 1127 1104 1176 gloria
1123 1124 1248 1174 regni·

365 1190 443 1229 huc
462 1194 586 1230 socios
607 1191 742 1230 ductor
761 1194 904 1230 celeres
921 1205 1118 1230 occurrere
1138 1192 1251 1228 iussit

365 1263 482 1309 atque
502 1257 619 1296 duces
640 1267 853 1311 gentesque
874 1259 970 1306 sibi,
1000 1271 1094 1310 quas
1115 1259 1198 1308 ipse
1218 1255 1354 1294 fideles

366 1332 527 1362 noverat
544 1338 627 1363 esse
646 1327 726 1364 suis
745 1327 870 1376 primo
892 1326 934 1362 in
955 1325 1161 1362 certamine
1181 1323 1318 1373 siguis.

259 1387 339 1430 150
420 1392 586 1428 Nuntius
608 1392 749 1428 infelix
770 1393 933 1443 Tyriam
956 1397 1197 1428 concusserat
1219 1389 1379 1437 urbem,

370 1457 519 1505 proelia
544 1457 625 1495 dira
646 1459 774 1495 ferens
795 1463 832 1492 et
853 1458 960 1493 saevi
980 1457 1116 1493 funera
1141 1456 1280 1506 campi.

371 1522 604 1573 obstupuere
623 1522 802 1574 quidem3
838 1521 909 1560 sed
929 1536 1017 1574 spes
1035 1523 1222 1560 fidissima
1240 1522 1355 1565 rebus

370 1601 448 1625 una
466 1590 561 1637 fuit,
593 1591 745 1626 salvum
766 1588 896 1625 retulit
921 1587 1025 1640 quod
1042 1589 1146 1626 fama
1169 1590 1411 1639 magistrum.

427 1656 612 1706 Coniugis
628 1657 775 1692 interea
789 1657 953 1692 miserae
970 1657 1146 1706 pervenit
1163 1653 1214 1691 ad
1232 1667 1343 1690 aures

266 1717 344 1761 155
371 1719 469 1758 haec
491 1722 628 1759 eadem
647 1724 805 1773 pinnata
824 1721 947 1759 ducis.
1003 1722 1216 1774 stupefacta
1238 1719 1423 1772 relinquit

371 1787 486 1825 corda
505 1790 627 1837 calor,
657 1789 859 1840 subitoque
879 1795 1048 1826 tremens
1067 1789 1256 1839 oppalluit
1275 1800 1355 1824 ore.

373 1867 469 1892 mox
487 1855 706 1892 miseranda
727 1853 828 1892 cadit
843 1867 854 1891 :
884 1856 1035 1891 caelum
1051 1862 1270 1905 terramque
1288 1851 1459 1890 tenebris

374 1923 515 1972 eripuit
536 1935 624 1959 culn
641 1923 728 1959 luce
748 1920 870 1958 dolor.
926 1928 1018 1958 tunc
1039 1923 1172 1958 mortis
1191 1923 1320 1970 imago

374 1988 505 2025 clausa
523 1987 590 2025 diu
609 1989 733 2025 tenuit
751 1988 928 2025 resolutis
945 1988 1092 2024 lumina
1110 1989 1254 2024 nervis.

268 2052 347 2094 160
373 2062 576 2092 accurrunt
598 2056 768 2092 famulae
785 2083 796 2103 ,
826 2054 1100 2106 dominamque
1120 2055 1248 2091 levare
1269 2052 1470 2091 cadentem

374 2121 551 2159 nituntur
567 2123 710 2159 celeres
722 2151 732 2170 ,
762 2123 933 2159 refovent
951 2128 988 2157 et
1004 2128 1158 2172 pectora
1179 2121 1334 2171 palmis.

375 2187 531 2236 spiritus
551 2190 592 2225 in
611 2187 750 2239 gelidis
769 2189 896 2224 tenuis
916 2188 1146 2224 recalescere
1167 2187 1352 2226 membris

376 2254 445 2290 vix
464 2257 611 2304 potuit3
641 2255 897 2306 manibusque
920 2261 1044 2291 erecta
1065 2253 1227 2301 resedit,

377 2331 449 2356 nec
466 2329 596 2358 movet
614 2322 789 2369 obtutus,
818 2334 952 2358 amens
974 2328 1011 2358 et
1029 2323 1156 2358 saucia
1176 2322 1282 2358 luctu

271 2384 350 2428 165
378 2386 584 2424 itmnemor
603 2394 718 2440 atque
740 2389 813 2424 sui.
870 2395 1042 2424 mentem
1060 2389 1130 2424 vix
1149 2388 1251 2424 fessa
1269 2387 1412 2437 recepit

378 2466 449 2489 ceu
469 2452 646 2489 dubiam:
677 2454 801 2503 primo
821 2455 946 2491 luctus
968 2455 1022 2490 sic
1043 2467 1127 2491 orsa
1151 2453 1280 2490 dolore
1301 2460 1372 2490 est.

374 2514 399 2531 “
409 2533 473 2556 cor
490 2518 614 2568 dolet,
644 2526 681 2556 et
699 2519 828 2557 nullas
849 2519 1051 2556 effundunt
1070 2521 1216 2556 lumina
1237 2525 1378 2569 guttas.

275 2639 341 2674 134
359 2639 482 2673 docens
497 2639 588 2684 apud
604 2638 642 2671 M
764 2639 828 2672 136
851 2638 955 2683 uinci]
979 2649 1125 2682 campum
1142 2639 1181 2672 M
1300 2640 1362 2674 138
1385 2636 1526 2672 fauendo
1543 2639 1634 2684 apud
1650 2639 1688 2671 M

277 2686 339 2719 141
364 2695 446 2729 quos
462 2686 502 2727 T,
524 2695 588 2729 quo
606 2683 645 2716 M
734 2683 796 2716 153
819 2684 875 2728 qui
894 2686 924 2718 Τ
1013 2685 1076 2719 163
1100 2688 1214 2730 erepta
1233 2685 1277 2727 T,
1308 2684 1376 2719 suia
1391 2689 1503 2718 erecta
1517 2684 1564 2718 M.
1587 2685 1686 2718 immo

271 2741 413 2764 suarum.
546 2729 608 2764 165
631 2738 707 2762 mox
723 2728 802 2762 ΜΤ.
