1702 3060
394 123 454 168 IN
486 122 837 167 IOHANNIDOS
869 121 933 166 111
963 122 1167 166 NOTAE.
1416 121 1515 166 237

48 230 207 277 &sidem
235 234 461 286 proferunt,
490 240 535 271 ut
563 236 712 286 passim
740 235 873 285 legere
901 240 960 272 est
989 231 1096 285 apud
1122 231 1329 271 historicos
1348 238 1388 270 et
1407 232 1513 284 apud

58 288 266 333 Barthiiun
293 291 346 328 ad
377 292 537 342 Corippi
561 295 586 332 3
615 290 694 332 124
715 291 763 328 de
783 291 894 329 laud.
918 292 1042 337 Iust.;
1071 289 1177 327 unde
1206 288 1272 327 hic
1303 296 1406 328 esset
1434 303 1513 327 nu·-

57 359 192 397 mems
215 351 370 399 integer
395 355 433 384 et
463 346 614 385 solidus
633 361 704 398 pro
726 348 866 385 fracto.
925 361 1016 384 cum
1037 354 1171 384 autem
1191 345 1242 383 ad
1264 359 1412 384 annum
1431 347 1513 388 418

58 406 296 444 Mnratorius
322 407 364 442 in
388 404 608 442 Annalibus
642 405 778 441 Italiae
806 411 844 441 et
871 404 1083 441 Marcellus
1110 404 1211 454 Afi‘.
1249 403 1394 442 Christ.
1427 410 1456 439 t.
1487 405 1513 443 3

57 475 99 514 p.
121 464 200 503 123
218 469 256 498 et
277 474 358 513 seq.
389 463 432 498 in
461 461 635 498 Africam
656 461 856 497 traiecisse
875 459 1072 498 Vandalos
1092 461 1320 507 statuerint3
1353 467 1392 497 et
1410 472 1512 501 anno

58 519 139 560 533
170 525 274 556 certo
303 524 454 555 constet
478 517 712 553 Belisar'unn
739 518 927 553 victorem
955 518 1179 566 ingressum
1199 529 1284 553 esse
1304 515 1513 566 Carthagi—

57 587 173 622 nem,
202 587 276 611 nec
307 587 387 611 non
412 586 514 610 anno
542 574 721 624 sequenti
743 574 934 610 Geilamir
954 574 1141 610 ultimmn
1158 571 1430 611 Vandalorum
1449 586 1514 608 re-

56 644 149 683 gem
177 632 374 682 captivum
397 631 552 680 Cpolim
576 629 758 676 duxisse,
789 628 883 666 hinc
904 640 1026 666 annos
1048 630 1139 680 plus
1156 642 1277 681 quam
1303 632 1382 670 100
1403 630 1513 667 Van-

57 687 139 725 dali
156 693 367 724 tenuerunt
387 687 576 723 Africam.
636 687 717 722 imo
741 687 783 723 S.
803 686 977 723 Isidorus
997 687 1245 737 Hispalensis
1277 684 1344 737 (in
1368 687 1514 722 Histo-

54 746 118 781 ria
150 743 196 781 V
185 743 426 780 andalorum
453 750 482 780 t.
508 746 532 783 8
558 743 790 793 Hispaniae
821 743 1046 779 illustratae
1080 757 1125 779 ex
1156 741 1393 779 bibliotheca
1419 741 1508 779 Iob.

56 801 220 837 Pistorii
237 799 418 837 Francof.
434 801 540 840 1606
561 813 601 850 p.
617 798 723 849 852)
755 799 804 836 de
820 801 1014 836 Belisario
1034 800 1172 837 asserit
1189 798 1298 851 quod
1315 799 1362 836 A
1351 799 1511 850 sileam

54 857 156 907 cepit
174 857 252 897 117
280 857 325 895 V
316 855 556 893 andalorum
575 857 828 906 ingressionis
845 869 965 893 anno.

168 916 231 955 17.
297 912 505 950 Geilamir.
568 911 616 949 de
636 911 711 949 hoc
729 914 890 949 nomine
907 911 999 949 vide
1019 924 1136 963 supra
1156 910 1207 948 ad
1232 913 1251 952 1
1281 913 1376 952 880.

169 971 232 1009 19.
290 971 399 1020 Virg.
426 969 533 1006 Aen.
563 971 589 1010 8
627 968 725 1008 148:
756 971 854 1019 quin
884 982 1038 1006 omnem
1065 969 1306 1018 Hesperiam
1333 981 1408 1005 sua
1435 966 1510 1004 snb

52 1028 151 1077 iuga
177 1027 348 1063 mittant.
409 1027 557 1062 Lucan.
579 1027 598 1065 1
627 1026 700 1065 19:
730 1024 804 1061 sub
822 1027 921 1075 iuga
942 1027 1024 1062 iam
1047 1026 1176 1070 Seres,
1209 1026 1292 1061 iam
1313 1023 1509 1061 barbarus

52 1084 145 1119 isset
158 1082 329 1120 Araxes.
392 1089 430 1119 et
445 1084 579 1119 Horat.
599 1094 719 1118 carm.
741 1086 759 1122 1
787 1083 840 1122 33
866 1085 938 1122 11:
967 1081 1040 1119 sab
1060 1082 1158 1132 iuga
1174 1081 1338 1120 ahenea.
1397 1082 1507 1131 Virg.

51 1138 158 1176 Aen.
187 1142 206 1180 1
234 1141 312 1179 681
336 1145 375 1175 et
396 1138 422 1178 4
448 1138 529 1179 545
558 1135 838 1188 Carthaginem
862 1145 975 1176 vocat
1003 1138 1214 1175 Sidoniam
1241 1137 1391 1175 urbem.
1454 1138 1507 1175 cf.

50 1197 214 1246 Procop.
233 1195 280 1232 de
297 1194 398 1231 bello
422 1193 554 1232 Vand.
582 1197 601 1234 1
628 1197 697 1235 20.

160 1254 227 1292 20.
287 1250 336 1288 de
363 1252 588 1302 captivitate
622 1252 826 1288 Geilamiri
856 1252 989 1303 aliqua
1018 1251 1147 1287 innuit
1170 1251 1363 1301 Corippus
1386 1251 1507 1288 etlam

49 1307 98 1345 de
121 1307 232 1345 laud.
256 1308 355 1345 Just.
379 1311 403 1347 3
431 1307 531 1349 124:
560 1306 651 1344 vide
673 1309 714 1343 in
739 1307 911 1345 eundem
930 1308 1135 1355 Ruizium‚
1165 1308 1448 1358 Dempsterum
1470 1314 1509 1344 et

49 1363 268 1402 Barthium.
327 1363 523 1401 videndus
554 1362 620 1400 hie
649 1366 810 1401 omnino
840 1372 898 1402 est
926 1366 1141 1414 Procopius
1173 1364 1221 1400 de
1245 1363 1345 1400 bello
1369 1364 1502 1402 Vand.

49 1424 76 1462 2
104 1424 131 1463 7
161 1428 199 1457 et
229 1423 274 1469 9,
314 1421 383 1458 ubi
421 1421 592 1471 reperies
620 1422 739 1457 etiam
768 1419 1015 1472 triumphum
1047 1421 1254 1469 Belisarii,
1289 1427 1508 1471 postquam

49 1477 295 1528 Byzantium
320 1491 412 1514 cum
439 1476 634 1514 Gelimere
664 1477 708 1514 V
700 1477 938 1529 andalisque
963 1477 1198 1514 advenisset.
1259 1478 1395 1515 Victor
1418 1478 1507 1514 Tu-

47 1536 232 1571 nonensis
259 1537 300 1571 in
334 1534 525 1571 Chronico
554 1532 605 1570 ad
633 1546 781 1570 annum
797 1536 877 1576 534
903 1533 1002 1570 haec
1023 1535 1143 1570 eiiam
1164 1534 1344 1585 reliquit:
1381 1535 1506 1570 Iusti-

47 1591 169 1627 niano
194 1590 219 1630 4
254 1604 332 1628 cos.
368 1591 619 1628 lastinianus
646 1591 859 1640 imperator
980 1592 1190 1627 exercitum
1222 1591 1266 1627 in
1291 1590 1505 1640 Africam,

48 1646 247 1683 Belisario
277 1648 467 1698 magistro
495 1647 669 1683 militum
694 1647 809 1693 duce,
838 1654 976 1684 contra
1004 1647 1210 1684 Vandalus
1238 1648 1376 1694 mittit;
1406 1661 1505 1698 quos

47 1703 152 1740 idem
181 1703 404 1740 Belisarius
426 1703 577 1754 proelio
606 1717 816 1754 superans,
862 1703 1102 1741 Gunthimer
1128 1711 1164 1740 et
1193 1703 1504 1741 Gebamumtum

52 1760 260 1810 Gadinges
285 1762 390 1811 regis
405 1760 560 1811 fratres
582 1761 763 1810 perimit,
792 1762 954 1811 ipsoque
980 1760 1154 1797 Gelimer
1172 1774 1262 1811 rege
1285 1762 1329 1797 in
1343 1760 1502 1812 sugam

45 1830 228 1854 converso
258 1816 449 1868 Asi-icam
480 1817 605 1868 capit,
648 1819 902 1868 nonagesimo
933 1819 1095 1867 septimo
1130 1818 1176 1855 V
1167 1817 1408 1854 mutatorum
1434 1819 1501 1854 in-

40 1874 255 1923 gressionis
284 1887 403 1910 anno.
467 1875 509 1910 in
538 1875 622 1923 ipso
654 1875 773 1910 eliam
803 1874 1001 1924 ingressu,
1035 1875 1278 1925 priusquam
1308 1875 1499 1926 ingressio

33 1930 170 1977 fieret,
205 1929 394 1967 Geilimer
419 1937 613 1980 tyrannus
639 1930 895 1967 Hilderieum
914 1944 1045 1982 regem
1062 1945 1152 1967 cum
1173 1930 1413 1982 quibusdam
1426 1945 1501 1982 ge-

45 1987 149 2023 neris
171 1987 253 2023 eius
272 1986 461 2036 affinibus
480 1987 634 2023 occidit.
696 1987 920 2024 Belisarius
942 1989 1131 2038 magister
1153 1987 1327 2024 militum
1347 2002 1396 2024 ac
1413 2001 1497 2038 pa—

44 2043 182 2079 tricius
211 2043 401 2080 Geilimer
430 2051 643 2093 tyrannum
669 2045 794 2094 capit,
824 2051 862 2080 et
885 2058 973 2081 eum
999 2058 1090 2081 eum
1107 2045 1257 2082 divitiis
1277 2058 1322 2081 ex
1339 2046 1496 2094 rapinis

42 2099 215 2150 Asi-icae
244 2099 397 2150 Cpolim
418 2101 642 2137 Iustiniarw
662 2101 892 2151 imperatori
907 2101 1085 2137 adducit.

153 2159 221 2198 21.
278 2157 386 2206 Virg.
409 2158 513 2194 Aen.
538 2159 563 2196 3
589 2159 692 2198 3182
725 2165 798 2194 aut
828 2171 930 2209 quae
961 2158 1087 2209 digna
1118 2157 1216 2193 satis
1229 2156 1405 2207 sbrtuna
1431 2170 1496 2194 re·-

42 2212 164 2250 visit?
219 2211 246 2252 5
278 2215 358 2253 226
387 2220 425 2249 et
452 2215 477 2252 9
509 2211 614 2253 744:
644 2215 808 2251 summis
832 2214 1005 2251 adnixus
1033 2213 1202 2258 viribus,
1243 2220 1281 2250 et
1307 2214 1362 2251 ib.
1389 2214 1466 2255 531
1483 2225 1496 2251 ε

41 2269 206 2306 summis
223 2282 345 2320 quam
363 2269 512 2306 viribus
530 2282 674 2307 omnes.
735 2271 846 2308 testis
867 2277 925 2307 est
940 2272 1156 2321 Procopius
1175 2270 1222 2306 de
1244 2269 1344 2307 hello
1370 2270 1492 2308 Goth.

43 2327 68 2366 3
100 2327 122 2365 1
154 2325 263 2376 quod
277 2325 322 2362 in
341 2339 406 2362 ore
423 2326 599 2362 omnium
615 2326 775 2377 vigebat
790 2327 1034 2373 Belisarius,
1064 2328 1166 2364 duas
1183 2327 1351 2377 adeptus
1370 2328 1498 2364 victo-

42 2381 124 2418 rias
153 2382 322 2433 (nempe
340 2396 392 2419 ex
407 2381 596 2420 Vandalis
614 2390 652 2419 et
671 2382 835 2435 Gothis)
870 2383 1008 2434 quales
1039 2397 1151 2420 nemo
1180 2397 1361 2435 unquam
1378 2391 1499 2420 antea

41 2437 251 2484 retulisset;
281 2440 428 2490 quippe
447 2440 518 2490 qui
533 2440 710 2489 captivos
726 2454 836 2491 reges
857 2441 955 2477 duos
976 2441 1234 2492 (Gelilnereln
1252 2448 1289 2477 et
1306 2440 1498 2491 Vitigem)

43 2493 260 2531 advexisset
277 2495 537 2546 Byzanlium;
560 2503 721 2546 praeter
748 2498 971 2547 opinionem
991 2499 1033 2534 in
1055 2498 1332 2534 Romanorum
1352 2511 1499 2534 manus

43 2549 270 2587 adduxisset
280 2555 511 2603 progeniem
528 2566 577 2589 ac
595 2552 798 2590 thesauros
825 2554 998 2591 Gizeriei
1017 2562 1054 2591 et
1083 2554 1325 2599 Theoderici,
1353 2553 1498 2605 quibus

44 2604 203 2656 regibus
229 2607 328 2644 inter
353 2609 541 2646 barbaros
566 2623 679 2646 nemo
705 2624 885 2662 unquam
898 2611 991 2662 fuit
1015 2611 1224 2658 illustrium
1253 2617 1428 2660 receptas
1452 2623 1498 2645 ex

42 2661 221 2700 hostibus
252 2663 412 2702 divitias
438 2667 497 2702 rei
513 2665 706 2716 publicae
732 2668 976 2714 restituisset;
1010 2675 1131 2719 atque
1159 2669 1298 2718 exiguo
1327 2674 1497 2716 tempore

41 2717 252 2755 dimidium
258 2719 350 2770 sere
367 2729 405 2757 et
420 2729 544 2759 terrae
561 2730 599 2759 et
611 2724 734 2760 maris
745 2731 905 2774 partem
921 2726 1084 2774 imperio
1101 2729 1376 2773 recuperasset.
1439 2721 1494 2759 cf.

41 2774 90 2811 de
108 2773 208 2812 bello
233 2775 364 2813 Vand.
386 2779 412 2817 2
435 2779 477 2818 7.
534 2779 591 2816 sic
611 2781 732 2817 etiam
752 2779 949 2818 Iohamies
967 2783 1126 2818 Nicetae
1145 2781 1249 2816 filins
1267 2777 1375 2829 apud
1390 2779 1491 2815 Pro-
