1702 3060
488 123 841 180 IOHANNmos
872 123 976 168 Lm.
1009 125 1043 168 1.
1432 137 1492 183 31

162 236 320 275 auribus
337 235 512 276 insinuat
534 234 717 290 placidis.
772 237 931 288 gavisus
953 236 1113 275 alumno

158 305 376 357 imperialis
395 317 500 357 apex
518 312 627 357 optat
644 306 702 347 sic
719 305 877 350 vincere
897 318 1068 357 semper.

161 373 269 413 ilicet
283 375 430 412 auxilio
448 373 618 425 Libyam
639 370 852 425 defendere
868 374 1006 411 mittit.

52 439 132 483 125
213 442 410 493 Prittcipis
425 441 601 492 imperiis
622 447 833 494 onerantur
848 441 975 494 milite
990 435 1173 494 puppes,

159 510 348 561 impensis
366 509 564 560 armisque
582 509 724 558 shnttl3
754 521 994 562 pugnasque
1006 507 1208 550 docendus

161 579 330 615 mittitur
345 577 528 628 auspiciis
549 575 766 614 domiturus
783 576 894 627 ,bella
916 578 1099 628 magistri

158 645 233 683 tiro
258 643 365 682 rudis
382 645 533 696 magui.
589 643 770 697 placidus
792 646 874 681 imn
889 651 1067 697 tempore
1087 654 1203 696 certov
1254 678 1270 693 ,,

159 712 318 750 carbasa
340 719 481 751 ventus
500 726 622 764 agens
643 719 816 757 maturas
833 713 981 750 fecerat
1001 712 1144 764 undas,

51 780 131 822 130
158 781 441 833 navigiumque
460 779 603 819 Thetis
621 779 814 819 suadebat
832 794 1021 834 prospera
1036 784 1194 834 nautis.v

212 848 411 887 Maximus
429 855 471 886 at
488 851 677 901 princeps
688 850 807 901 plena
825 850 971 901 pietate
988 851 1223 900 magistrum

158 913 336 966 edocuit,
365 919 422 957 sic
439 918 559 956 verba
569 930 752 955 movens.
802 911 894 958 “res
914 917 1075 969 publica
1094 927 1229 958 nostra

157 986 332 1035 praemia
351 992 577 1038 compensat
595 986 736 1022 merito
760 983 954 1035 condigna
972 985 1098 1022 labori

155 1053 332 1104 principe
353 1065 440 1102 me3
472 1059 708 1104 cunctosque
724 1052 855 1102 iuvat,
889 1050 1157 1107 gradibusque
1182 1064 1363 1107 potentes

49 1118 128 1162 135
163 1133 247 1158 esse
272 1121 385 1170 facit,
416 1132 670 1172 quoscunque
690 1120 794 1158 viros
812 1120 915 1158 bene
937 1135 1091 1159 currere
1112 1127 1231 1164 sentit

155 1201 225 1240 pro
246 1189 358 1226 terris
375 1189 613 1240 populisque
636 1189 732 1226 suis.
789 1202 897 1226 nunc
916 1190 1050 1241 accipe
1072 1188 1189 1241 dicta,

156 1263 196 1295 et
219 1270 355 1295 causas
377 1269 568 1308 cognosce
590 1256 718 1294 libens
731 1286 742 1306 ‚
763 1270 818 1294 ⁴ac
836 1264 970 1296 mente
989 1264 1136 1296 tenebo.

154 1326 287 1364 AfrIca
308 1325 380 1364 sub
399 1326 557 1378 quantis
578 1326 706 1362 iaceat
724 1323 952 1363 miseranda
971 1327 1146 1377 periclis,

156 1395 315 1433 auribus
332 1395 375 1431 in
394 1394 537 1431 nostris
561 1395 707 1431 sonuit.
765 1406 990 1431 succurrere
1008 1394 1137 1431 fessae

48 1461 127 1506 140
156 1463 358 1514 compellit
380 1462 520 1512 pietas.
577 1461 750 1512 placuit,
781 1461 1020 1509 fortissime,
1049 1462 1193 1500 nostris

159 1538 199 1569 et
215 1533 343 1569 visum
362 1535 422 1566 est
441 1529 584 1575 animis
602 1527 772 1579 Libyam
788 1533 827 1565 te
840 1540 962 1579 posse
981 1530 1097 1574 tueri.

157 1600 270 1651 signa
285 1601 401 1636 inove
414 1627 424 1645 ,
454 1603 494 1636 et
513 1597 636 1634 celsas
658 1596 780 1633 velox
802 1594 1019 1634 conscende
1041 1598 1206 1649 carinas,

157 1681 203 1705 ac
222 1668 384 1704 miseros
406 1665 531 1704 solitis
558 1665 690 1702 releva
705 1663 916 1701 virtutibus
936 1663 1066 1711 Afros,

155 1737 495 1786 Languantanque
517 1734 622 1771 acies
644 1732 764 1770 armis
784 1739 987 1783 prosterne
1006 1733 1190 1783 rebelles,

19 1797 24 1819 ²
48 1802 126 1846 145
158 1803 230 1842 sub
249 1803 391 1841 nostris
408 1800 575 1854 pedibus
596 1801 817 1840 subiectum
830 1801 987 1840 flectere
1004 1801 1164 1850 collum,

155 1884 422 1923 compressum
439 1871 582 1908 virtute
605 1876 687 1907 tua.
746 1875 790 1907 tu
812 1870 941 1920 prisca
958 1876 1170 1920 parentum

153 1941 239 1978 iura
257 1946 347 1977 tene
361 1969 371 1988 ,
400 1939 527 1977 fessos
547 1939 700 1986 releva,
731 1938 935 1988 confringe
954 1937 1136 1976 rebelles.

156 2007 223 2046 hic
238 2008 394 2059 pietatis
413 2020 545 2055 amor,
577 2007 764 2044 subiectis
783 2019 966 2057 parcere,
995 2012 1151 2044 nostrae
1173 2014 1252 2045 est:

21 2111 23 2114 .
155 2074 221 2114 hic
237 2076 390 2113 virtutis
407 2073 534 2121 honor
547 2104 558 2123 ‚
588 2081 725 2125 gentes
750 2073 940 2112 domitare
955 2074 1158 2125 superbas.

11 2132 23 2190 ξ
49 2144 127 2187 150
154 2143 253 2182 haec
270 2157 360 2181 mea
379 2144 486 2180 iussa
502 2149 664 2191 tenens,
697 2141 835 2180 ductor
854 2141 1066 2190 fidissime,
1097 2155 1226 2180 serva.

18 2195 22 2201 ’
157 2219 284 2250 cetera
305 2209 481 2248 Christus
499 2217 612 2261 agat,
640 2218 774 2249 noster
796 2209 1058 2262 dominusque
1082 2208 1271 2263 deusque,

155 2282 198 2318 iu
217 2280 359 2317 melius
377 2279 549 2316 referens
561 2309 571 2328 ,
601 2286 641 2316 et
657 2285 697 2318 te
717 2293 789 2331 per
807 2284 947 2316 cuncta
969 2277 1163 2328 gubernet

155 2348 410 2400 prosperitate
429 2360 514 2384 sua.
571 2348 696 2386 titulis
714 2347 945 2391 melioribus
961 2353 1095 2384 auctos

156 2429 225 2468 pro
245 2415 392 2452 meritis
411 2428 483 2452 nos
501 2415 573 2452 rite
596 2422 684 2454 tuos
704 2416 910 2461 videamus
927 2409 1132 2457 honores.”

3 2484 5 2486 ’
49 2482 128 2526 155
211 2481 383 2522 Procidit
401 2489 490 2520 aute
511 2482 657 2534 pedes,
688 2483 911 2536 divinisque
931 2485 1065 2522 oscula
1080 2483 1228 2535 plantis
1281 2524 1283 2528 Α

56 280 77 291 ,,

48 2613 114 2651 125
134 2613 338 2651 honorantur
356 2617 388 2651 Τ
510 2617 575 2653 128
599 2616 765 2661 lytorudis
783 2618 815 2653 Τ
937 2618 1000 2654 129
1024 2616 1173 2653 maturas
1188 2617 1234 2660 L,
1259 2620 1405 2650 moturas
1423 2615 1497 2648 ΜΤ

47 2655 114 2696 ‘132
135 2658 184 2695 sic
211 2661 268 2704 Μ,
292 2663 377 2697 haec
404 2663 437 2698 Τ
587 2665 659 2705 ,136
681 2675 747 2709 que
773 2665 854 2698 aad.
871 2663 914 2698 Μ
1071 2665 1134 2700 147
1156 2663 1231 2698 iura
1255 2664 1305 2703 η,
1329 2662 1445 2694 lam-ea
1465 2661 1498 2708 ἰζ

22 2735 23 2739 ,
48 2707 117 2745 149,
135 2706 274 2746 domare
291 2709 323 2742 '1'
455 2707 521 2744 152
541 2708 718 2753 immediusr
731 2711 776 2754 Τ,
801 2711 834 2744 in
849 2710 998 2749 manibus
1018 2711 1056 2743 M
1203 2709 1268 2744 153
1290 2720 1336 2741 an
1351 2717 1431 2749 sua,
1456 2709 1495 2741 ut

46 2751 150 2786 titulis
161 2753 180 2787 ’ἒ
316 2753 381 2788 154
403 2754 548 2788 retectus
567 2757 607 2790 T.

111 2816 241 2851 Merob.
271 2820 303 2851 et
332 2816 411 2850 Cor.
1196 2815 1221 2851 7
