1702 3060
1666 0 1702 120 ἴ

265 141 361 185 256
758 136 1192 180 mAzthCCHELLn
1676 114 1698 215 «ἶ

371 246 465 289 264
518 246 769 296 gaudenlque
787 251 932 282 tuentes
949 246 1055 294 Virg.
1077 247 1178 282 A.en
1200 242 1225 284 5
1248 241 1342 285 575·
1399 247 1425 287 6
1457 245 1555 285 198·
1583 223 1699 354 quam}

265 303 540 353 signajerant.
603 304 627 340 7
658 303 737 340 628
767 307 804 336 et
830 303 855 340 8
880 298 1329 350 498281'gnaqueserre.

371 359 466 397 268.
522 356 629 405 Vi1g.
648 355 753 392 Aen.
779 357 801 395 1
830 357 904 396 97.
935 355 1108 404 duplices
1127 355 1281 390 tendens
1297 353 1354 390 ad
1367 351 1699 469 siderapalmae.1

372 412 466 452 269.
522 423 591 460 pro
616 424 758 446 canens
781 411 842 447 bis
862 412 1014 460 scripsit
1037 412 1139 446 ciens
1158 408 1242 446 Ioh.
1262 411 1308 446 L.
1330 407 1377 445 de
1397 410 1517 445 Bonis
1536 421 1579 444 111
1599 407 1685 447 cod«

262 467 295 501 A
315 465 408 505 274.
447 463 518 502 sed
534 466 693 502 lectioni
709 465 850 503 codicis
869 467 1026 516 Corippi
1042 466 1147 503 favet
1162 466 1270 514 Virg.
1287 463 1394 501 Aen.
1410 466 1435 504 8
1461 466 1562 505 378:
1590 454 1699 510 haeq

263 515 399 556 deinde
424 523 531 557 canzt
551 521 683 557 divino
706 535 750 558 ex
767 534 842 557 ore.
1672 509 1698 557 1

372 579 466 616 272.
523 576 571 612 de
597 576 706 613 laud.
742 577 839 613 Iust-
875 574 901 616 4
930 578 1009 616 300
1038 582 1196 613 vocatur
1223 574 1396 613 Christus
1415 566 1626 624 factorque
1652 571 1698 611 et¹

264 630 436 666 οοηιίιίον
454 631 570 667 orbts.

371 688 466 726 273.
521 688 587 722 Ps.
610 683 662 726 45
694 687 762 726 10:
792 700 839 723 ar
840 700 927 724 cum
947 693 1125 731 conteret,
1157 693 1193 721 et
1212 685 1430 736 confringet
1447 698 1573 721 arma.

369 742 421 780 27
425 739 464 779 4.
519 741 627 788 Virg.
649 740 754 777 Aen·
777 743 827 780 11
857 741 959 782 335:
989 741 1101 777 rebus
1119 743 1327 777 succurrite
1334 741 1469 791 sessis,

370 795 465 835 275.
521 796 629 843 Virg.
645 794 753 831 Aen.
776 797 800 834 5
828 798 928 836 730:
955 810 1053 845 gens
1075 797 1188 833 (lura.

370 851 464 889 278.
521 849 610 886 vide
641 862 690 885 an
717 863 787 900 pro
817 850 995 886 noctibus
1021 850 1163 887 codicis
1190 850 1400 900 legendum
1427 851 1478 888 sit
1508 848 1683 886 nexibus.

260 910 374 955 poeta
392 909 524 941 noster
545 905 592 940 de
612 904 721 940 laud.
742 905 768 945 4
798 907 873 944 62:
906 912 942 941 et
953 905 1061 954 firrc'
1085 905 1245 942 nexibus
1267 913 1412 942 artant.
1470 906 1577 956 Virg.
1593 904 1683 940 Ecl.

261 963 286 999 6
315 962 388 1001 232
419 973 494 1009 quo
516 959 677 996 vincula
696 960 876 995 nectitis?
931 967 969 996 et
991 960 1080 997 Ecl.
1105 963 1130 1001 8
1162 963 1237 1001 782
1265 961 1426 998 vincula
1442 968 1563 998 necto.

371 1016 466 1054 279.
521 1016 629 1064 Virg.
651 1014 757 1051 Aen.
780 1017 805 1054 2
831 1016 904 1054 572
937 1029 1078 1052 manus
1106 1017 1282 1052 iuvenem
1306 1016 1450 1052 interea
1464 1022 1558 1065 post
1579 1021 1688 1065 terga

260 1070 489 1106 revinctam.
551 1068 643 1106 hinc
671 1083 740 1119 pro
764 1069 931 1119 palmis,
959 1077 1003 1106 ut
1035 1070 1154 1107 habet
1186 1070 1312 1107 codex
1330 1072 1486 1120 Corippi
1514 1077 1552 1107 et
1578 1073 1610 1106 Ι.
1640 1072 1688 1108 L.

261 1124 310 1161 de
329 1126 448 1162 Bonis
470 1138 512 1174 p.
536 1127 616 1166 209
645 1131 683 1160 et
705 1127 786 1164 218
814 1124 899 1161 cod.
918 1126 954 1160 A
972 1123 1051 1163 274
1077 1125 1119 1159 in
1143 1129 1322 1174 poemate
1334 1138 1412 1174 pro
1432 1127 1468 1162 J.
1496 1126 1547 1162 G.
1573 1126 1690 1162 Vice-

262 1182 396 1216 eomite
418 1193 456 1215 v·
479 1178 559 1220 364
572 1207 582 1225 ,
611 1179 774 1214 fortasse
798 1179 869 1214 erit
888 1177 1100 1228 legendum
1111 1179 1286 1228 palmas.

371 1235 467 1273 281.
522 1235 588 1269 Ps.
608 1230 662 1273 46
689 1231 739 1271 42
769 1232 929 1269 subiecit
950 1233 1120 1283 populos
1146 1233 1255 1270 nobis
1278 1241 1314 1270 et
1331 1242 1466 1285 gentes
1484 1234 1556 1272 sub
1571 1236 1690 1286 pedi-

262 1288 334 1324 bus
354 1289 506 1324 nowetrc's
566 1300 636 1336 pro
655 1294 779 1323 sterne
796 1287 921 1325 codex
941 1290 1098 1339 Corippi
1117 1287 1235 1327 habet
1253 1296 1425 1337 externa,·
1453 1290 1523 1328 sed
1540 1293 1582 1327 in
1602 1290 1689 1330 cod.

262 1346 296 1380 A
322 1342 402 1384 274
430 1346 460 1379 Ι-
479 1344 527 1378 L·
556 1341 604 1378 de
628 1343 748 1379 Bonis
779 1356 819 1393 p-
839 1345 918 1383 209
946 1350 983 1380 et
999 1346 1079 1384 218
1099 1357 1137 1381 v.
1158 1346 1236 1385 368
1253 1346 1394 1382 rectius
1413 1353 1492 1384 est:
1524 1345 1596 1383 sub
1617 1360 1691 1383 no-

261 1399 351 1434 stris
366 1397 536 1448 pedibus
565 1397 774 1433 Gallorum
791 1405 914 1434 sterne
932 1405 1119 1435 catervas.
1178 1400 1257 1437 imo
1286 1400 1430 1450 leg-itur
1455 1400 1561 1452 apud.
1580 1403 1689 1452 Virg-

262 1453 367 1490 Aen.
393 1456 418 1492 7
450 1451 555 1493 426·
594 1452 827 1501 Tyrrhenas,
857 1455 888 1497 i,
917 1461 1042 1490 sterne
1061 1455 1176 1491 acies.

370 1510 464 1548 283.
521 1507 651 1558 solite]
683 1507 881 1558 perpende
911 1521 1070 1546 sensiun
1094 1508 1211 1546 huius
1239 1507 1413 1547 adverbii
1431 1523 1512 1548 non
1532 1524 1690 1562 prorsus

263 1561 434 1600 eundem
455 1575 498 1599 ac
518 1562 633 1598 illum
654 1575 772 1613 quem
791 1562 990 1601 adnotavit
1007 1565 1246 1602 Forcellinus
1261 1564 1374 1629 apud·
1380 1567 1578 1604 Plautum.

370 1616 466 1657 284.
521 1620 595 1654 Ier.
619 1619 670 1657 31
702 1622 775 1659 13:
805 1627 1023 1656 convertam
1039 1619 1188 1656 luctum
1209 1633 1338 1656 eorum
1357 1621 1401 1656 in
1414 1621 1624 1671 gaudium.

370 1674 467 1713 285.
522 1674 629 1722 Virg.
660 1673 801 1724 Georg.
825 1676 847 1713 1
881 1677 982 1716 8892
1013 1676 1055 1711 in
1073 1676 1177 1712 sicca
1195 1677 1389 1725 spatiatur
1403 1690 1537 1713 arena.

371 1729 464 1768 286.
523 1729 666 1777 quippe
691 1729 801 1765 dolor
828 1731 937 1780 Virg.
960 1730 1066 1766 Aen.
1099 1733 1150 1770 12
1174 1731 1280 1779 422,
1317 1737 1355 1768 et
1387 1734 1407 1771 1
1437 1734 1539 1773 308:
1580 1746 1690 1770 men·-

262 1790 409 1832 temque
436 1781 657 1832 benignam.

370 1839 464 1878 288.
521 1836 647 1873 codex
665 1838 842 1888 Corippi,
873 1846 911 1875 et
936 1841 1054 1876 etiam
1079 1842 1111 1876 Ι.
1137 1842 1183 1879 L.
1207 1839 1255 1877 de
1271 1841 1390 1878 Bonis
1415 1841 1458 1877 111
1480 1854 1540 1880 ms
1557 1844 1592 1879 A
1607 1842 1690 1883 274

261 1905 304 1942 p.
324 1893 403 1932 209
424 1899 461 1929 et
479 1893 580 1940 219,
610 1894 762 1942 scripsit
781 1906 1012 1930 consumans
1028 1896 1143 1931 unico
1162 1909 1201 1930 m
1202 1922 1218 1940 ,
1246 1897 1302 1932 ita
1315 1903 1359 1932 ut
1374 1909 1513 1946 parum
1535 1896 1690 1935 differat

263 1948 453 1996 scriptura
485 1959 507 1982 a
542 1948 788 1995 corfirmans.
850 1961 968 1999 quare
1001 1951 1174 1999 suspicor
1201 1948 1302 1986 hanc
1332 1951 1452 1988 fuisse
1479 1952 1689 1990 lectionem

265 2001 407 2039 codicis
440 2004 690 2053 antiquioris,
729 2015 780 2039 ex
806 2016 882 2055 quo
916 2003 1129 2054 descriptus
1159 2005 1232 2041 fuit
1257 2006 1539 2044 Trivultianus.
1594 2020 1687 2044 nam

266 2056 371 2107 apud
387 2059 494 2108 Virg.
513 2059 656 2107 legitur
674 2057 779 2095 Aen.
807 2062 857 2099 12
883 2061 984 2100 2122
1001 2058 1227 2107 firmabant
1236 2060 1402 2110 foedera
1418 2062 1545 2100 dictis.

373 2115 469 2152 292-
523 2115 630 2163 Virg.
646 2113 752 2150 Aen.
775 2115 799 2154 6
824 2111 928 2154 7542
962 2121 999 2151 et
1019 2115 1214 2152 tumulum
1232 2117 1339 2166 capit
1357 2123 1396 2154 et
1417 2120 1467 2159 12
1490 2117 1593 2159 5622
1622 2125 1688 2156 tu-

265 2166 492 2218 mulumque
509 2170 629 2218 capit.

373 2225 469 2262 293.
526 2225 714 2274 corippus
746 2224 788 2260 111
819 2224 960 2262 Dedic.
989 2227 1066 2266 292
1106 2227 1260 2263 iudiciis
1298 2226 1469 2266 relevare
1491 2228 1588 2278 piis.
1647 2233 1687 2266 et

259 2277 370 2326 Virg-
391 2277 498 2314 Aen.
520 2282 546 2318 7
571 2279 676 2319 246:
705 2293 794 2315 cum
813 2282 902 2316 iura
919 2283 1065 2318 vocatis
1085 2295 1187 2319 more
1206 2283 1317 2319 daret
1322 2283 1496 2332 popule-5

371 2331 464 2374 294.
523 2335 628 2383 Virg.
655 2334 761 2370 Aen.
796 2336 822 2375 8
854 2337 955 2375 119.
1001 2336 1116 2374 dicite
1142 2338 1256 2374 lectos
1282 2338 1515 2374 Dardaniae
1539 2338 1687 2375 venisse

261 2388 390 2426 duces.
447 2395 626 2438 poteram
654 2391 773 2426 etiam
794 2390 925 2440 legere
952 2391 1141 2442 laetique,
1177 2399 1221 2429 ut
1248 2394 1354 2442 Virg.
1380 2392 1488 2429 Aen.
1519 2395 1547 2434 2
1581 2394 1685 2433 260:

261 2444 430 2494 laetique
455 2458 552 2482 cavo
578 2442 651 2480 sub
669 2443 801 2481 robore
811 2454 1003 2495 promunt
1026 2447 1238 2484 filcsandrzae
1257 2447 1535 2499 Sthenelusque
1551 2448 1687 2485 duces.

261 2497 332 2536 sed
347 2498 422 2536 hoc
441 2498 654 2551 epitheton,
677 2499 782 2550 quod
801 2503 1092 2551 quammaxime
1111 2503 1286 2552 congruit
1303 2500 1395 2540 huic
1412 2505 1564 2554 Virgilii
1582 2504 1687 2551 loco,

262 2567 341 2592 non
363 2555 463 2592 bene
495 2562 671 2606 aptatur,
705 2561 749 2591 ut
779 2562 892 2604 puto,
918 2557 1003 2593 1000
1024 2558 1199 2608 Corippi,
1230 2558 1299 2594 ubi
1315 2558 1446 2596 forsan
1463 2559 1532 2595 alii
1549 2559 1682 2608 legent

262 2611 459 2660 utrinque;
487 2610 592 2662 quod
614 2616 746 2647 tamen
761 2623 841 2647 non
861 2609 960 2647 mihi
978 2611 1131 2649 videtur
1151 2614 1375 2660 convenire,
1403 2614 1471 2651 ubi
1489 2615 1615 2663 ag1tur
1631 2612 1682 2649 de

263 2663 424 2703 duchus
441 2673 592 2703 tantum
610 2668 678 2717 qui
696 2666 881 2704 suberant
897 2665 1074 2705 Iohanni.
1131 2668 1178 2705 cle
1196 2668 1305 2706 laud.
1328 2669 1426 2707 Iuct.
1448 2672 1474 2710 3
1486 2667 1583 2711 .-856
1609 2666 1681 2704 de·-

261 2721 352 2757 sinit
370 2722 568 2760 similiter:
585 2721 789 2772 sortesque
808 2719 965 2760 tribuni.
