1702 3060
247 99 344 145 362
429 140 435 146 ,
661 99 846 142 NOTAE
878 97 938 141 IN
969 98 1181 143 LIBRUM
1212 100 1265 142 Π·

355 209 424 247 97.
476 205 718 255 gradiuntur
742 212 802 244 est
827 207 1048 244 restitutum
1066 221 1137 258 pro
1155 207 1396 258 gratiamur,
1429 209 1507 247 nisi
1528 210 1667 262 aliquia

245 264 357 300 malit
380 268 594 312 gratantur
621 274 827 312 reponere,
880 261 988 314 quod
1024 262 1124 300 mihi
1155 264 1317 301 minime
1349 265 1491 315 placet.
1547 266 1667 312 Rura.

244 318 394 356 viderat
430 317 637 366 Assagrius
670 318 713 354 in
754 330 815 363 ms
852 319 1070 368 exemplari
1097 319 1335 369 gradanter.
1401 320 1472 358 ilie
1503 322 1668 361 restitnit

239 372 497 423 gradiuntur,
524 373 655 420 nullo,
683 379 728 410 ut
751 380 867 424 puto,
897 386 1034 412 sensu:
1064 375 1152 426 quis
1182 375 1288 412 enim
1316 386 1492 426 unquam
1519 374 1668 417 audivit

236 428 411 478 gradum
440 428 484 463 in
509 427 755 465 luminibus?
782 431 919 480 reponi
944 436 1076 480 posset
1091 437 1322 480 gratantur,
1346 431 1425 468 nisi
1443 429 1552 468 idem
1567 437 1669 474 esset

236 484 395 533 gratari
415 494 459 518 ac
476 483 661 532 gradare}
690 490 840 522 veteres
869 486 1013 535 quippe
1039 486 1277 536 usurpabant
1293 485 1325 522 d
1341 498 1413 536 pro
1434 492 1466 531 t,
1495 486 1602 537 quod
1619 487 1669 526 ab

240 537 390 575 erudito
419 539 502 575 viro
530 537 615 575 Ioh.
649 541 818 577 Meursio
852 541 1100 578 observatum
1128 539 1263 590 video,
1292 547 1336 578 ut
1357 554 1379 577 e
1397 548 1529 579 contra
1548 548 1564 578 t
1581 543 1624 578 in
1640 542 1668 582 d

238 600 425 630 mutatur.
481 595 558 631 Ios.
595 595 699 632 Scal.
731 594 782 631 ad
808 597 987 634 Festum.
1021 597 1205 634 Dsms’r.
1269 596 1533 647 gradiuntur]
1572 595 1670 636 haec

239 648 418 687 eiusdem
446 651 622 699 Assagrii
650 651 896 688 coniectanea
917 653 1166 702 interpolatio
1186 658 1264 700 est,
1296 665 1385 688 cum
1401 653 1578 689 imunico
1598 653 1668 691 illo

238 705 457 754 exemplari
486 706 692 754 reperisset
711 706 949 756 gradantur.
1007 720 1088 744 non
1114 709 1245 758 inepte
1269 706 1412 744 exinde
1435 706 1543 744 idem
1560 708 1669 747 Elian

237 758 447 796 Putschius
465 766 679 809 gratantur
699 762 956 799 concinnavit.
1011 775 1105 798 nam
1134 761 1183 800 de
1213 761 1355 813 gaudio
1389 763 1671 801 elementorum

240 815 393 852 locutus
413 815 513 851 bene
533 816 688 853 subiicit
708 818 965 866 gratationem
980 817 1177 854 luminum
1200 819 1442 866 caelestium,
1471 831 1560 855 cum
1578 831 1671 855 mu·-

243 876 311 906 tuo
329 868 471 920 gaudio
490 869 672 908 blandius
688 873 819 908 omnia
833 885 919 909 sese
938 873 1141 922 aspiciant,
1159 878 1201 909 et
1215 873 1543 921 congratulatione
1563 873 1672 910 velut
1687 911 1693 915 ,

243 926 418 963 vicissim
443 924 534 961 data
559 932 597 961 et
621 933 780 975 accepta
807 928 1017 963 exsultent.
1046 929 1212 964 Banru.
1267 928 1324 964 sic
1346 927 1560 977 legendum
1581 929 1671 964 exi-
1695 934 1702 975 j

243 981 381 1017 stimo:
411 982 574 1030 ipsaque
591 982 803 1029 conspectis
819 981 1030 1018 radiantur
1044 981 1197 1018 lumina
1213 983 1336 1018 tetris.
1398 980 1551 1019 dixerat
1566 983 1670 1020 nube

245 1035 419 1073 discussa
435 1036 580 1086 ubique
597 1036 711 1072 iuba»
729 1035 858 1073 radios
879 1049 1071 1086 spargere,
1101 1038 1229 1074 solum
1247 1039 1384 1085 nitere,
1413 1045 1566 1088 segetes
1581 1050 1671 1075 ven-2
1700 1043 1702 1045 '

243 1103 337 1128 nare
357 1098 395 1128 et
415 1092 591 1141 gramina
609 1104 794 1128 crescere.
851 1090 960 1128 addit
977 1105 1080 1128 nunc
1097 1093 1182 1142 ipsa
1197 1094 1290 1130 solis
1304 1093 1473 1140 lumina,
1502 1093 1571 1130 ubi
1589 1099 1670 1130 ter-

244 1160 307 1184 ras
332 1147 607 1196 conspexerint
631 1145 904 1196 splendentes,
934 1146 1031 1184 adeo
1048 1149 1174 1197 magis
1193 1147 1321 1184 adhuc
1339 1146 1502 1195 radiari,
1533 1154 1571 1185 et
1588 1149 1670 1186 cla-
1699 1174 1702 1177 -

243 1204 388 1240 riorem
411 1200 503 1238 inde
530 1202 660 1238 lucem
687 1203 843 1239 exoriri.
900 1209 1070 1239 ceterum
1085 1205 1147 1239 vir
1164 1202 1298 1241 doctus
1312 1201 1365 1240 ad
1380 1204 1600 1253 marginem
1617 1204 1672 1240 li,-

243 1258 304 1295 bri
325 1259 385 1295 sui
398 1286 408 1306 ‚
439 1258 548 1294 cuius
571 1255 671 1293 mihi
688 1259 841 1307 copiam
859 1257 953 1294 fecit
967 1259 1228 1308 Wielingius,
1256 1265 1409 1296 notarat
1434 1259 1477 1295 in
1500 1271 1565 1296 ms
1585 1271 1670 1296 esse

234 1314 479 1365 gradantar,
507 1311 551 1348 id
577 1311 685 1363 quod
711 1313 871 1350 Ruizius
901 1313 1096 1360 voluerat,
1127 1313 1318 1365 additque.
1337 1312 1551 1364 legendum
1570 1327 1671 1364 gra-

240 1376 388 1406 tantur.
450 1369 634 1405 Goetzius
669 1369 818 1419 inquit:
845 1368 1024 1418 fortasse
1047 1369 1188 1406 rectius
1211 1370 1379 1406 numina
1395 1382 1472 1419 pro
1499 1369 1670 1406 lumina.

241 1425 338 1478 quid
366 1422 511 1461 audio?
563 1423 808 1474 gradiuntur
832 1424 1015 1461 Numina
1040 1425 1250 1474 conspectis·
1270 1425 1392 1462 terris.
1449 1421 1528 1461 huc
1546 1436 1672 1474 auga-
1690 1431 1702 1435 ”

241 1479 325 1519 res!
359 1477 605 1529 haruspices!
663 1480 824 1517 VoncK.

350 1538 418 1576 98.
476 1534 711 1571 exclamatio
742 1535 791 1571 ob
819 1535 1081 1584 praesentiam
1111 1541 1423 1585 exspectatarum
1442 1545 1573 1571 rerum
1596 1545 1672 1570 exz-

240 1592 437 1630 sultantis.
486 1591 698 1626 Martialis:
728 1589 825 1626 haec
844 1597 898 1626 est
914 1590 988 1635 illa
1004 1591 1103 1634 dies,
1131 1591 1271 1640 magni
1288 1602 1389 1640 quae
1405 1590 1559 1626 conseia
1569 1602 1672 1638 par*-

242 1655 305 1684 tus
327 1648 540 1683 Lucanam
552 1644 717 1694 populls
740 1651 775 1680 et
795 1644 882 1690 tibi,
911 1645 1049 1690 Polla,
1077 1644 1196 1682 dedic.
1257 1645 1399 1682 Caesar
1420 1643 1526 1694 apud
1542 1645 1672 1681 Luca-0

241 1716 339 1740 num
357 1706 404 1743 7:
434 1702 531 1738 haec
549 1708 604 1736 est
621 1700 697 1737 illa
716 1700 814 1746 dies,
843 1700 942 1736 mihi
963 1714 1084 1751 quam
1106 1700 1324 1737 Rubiconis
1343 1700 1400 1737 ad
1414 1699 1563 1737 undam
1575 1713 1672 1749 pro·-

241 1754 402 1795 missam
428 1757 599 1793 memini.
660 1763 700 1792 et
720 1763 780 1793 est
801 1756 1035 1793 exclamatio
1055 1757 1111 1792 rei
1126 1756 1292 1806 insignis
1306 1756 1436 1803 visae,
1465 1767 1565 1807 quae
1584 1756 1672 1792 elu-

241 1820 327 1851 ceat
353 1813 503 1850 ceteris.
560 1810 680 1847 Claud
688 1812 821 1848 ianus:
848 1818 923 1848 stes
943 1811 1031 1848 licet
1045 1813 1088 1848 in
1098 1811 1266 1862 populo,
1295 1811 1439 1848 clamet
1451 1812 1673 1862 quicunqua

241 1867 388 1907 videbit
405 1867 470 1904 hic
491 1867 559 1903 ille
576 1873 631 1902 est
655 1865 833 1902 Stilicho.
893 1868 1056 1903 BARTH.

357 1925 449 1964 100.
506 1923 620 1972 Pius]
647 1919 922 1971 grandiuscula
936 1923 1065 1958 littera
1080 1921 1189 1959 velut
1203 1932 1419 1971 cognomen
1433 1918 1509 1957 hoc
1523 1920 1671 1958 Iustino

243 1979 379 2018 datum
402 1979 571 2028 exprimi
591 1977 701 2014 iussi.
756 1983 839 2013 tam
864 1978 972 2014 enim
990 1978 1084 2014 Pius
1107 1977 1184 2014 fuit
1201 1982 1247 2013 ut
1267 1975 1316 2012 de
1336 1989 1383 2013 eo
1401 1975 1567 2013 scribere
1590 1987 1671 2012 non

240 2042 421 2074 vereatur
436 2034 649 2072 Venantius
667 2033 920 2070 Fortunatus:
970 2033 1266 2070 Constantinum
1279 2033 1359 2076 vir,
1385 2030 1584 2068 Helenam
1597 2031 1670 2080 pia
1700 2039 1702 2041 ’

229 2093 391 2142 semina
415 2089 559 2126 reddis.
619 2091 678 2125 ita.
700 2089 807 2124 enim
824 2086 1074 2125 scribendum
1092 2089 1135 2124 in
1155 2088 1426 2137 supplemento
1443 2090 1671 2137 poematum

242 2148 326 2184 eius
359 2146 576 2195 scriptoris,
605 2144 746 2193 Elegia
771 2156 848 2194 qua
864 2145 1023 2181 nomine
1039 2142 1321 2193 Rhadegundis
1336 2143 1494 2192 reginae
1517 2140 1671 2178 Christo

242 2201 405 2239 devotae
423 2202 566 2250 gratias
587 2202 668 2250 agit
687 2200 836 2236 Iustino
854 2205 893 2236 et
911 2198 1082 2250 Sophiae
1101 2198 1150 2236 de
1162 2199 1298 2236 missis·
1312 2210 1444 2236 sacrae
1460 2197 1584 2235 crucis
1604 2208 1670 2233 as-

241 2258 337 2295 sulis
354 2255 602 2307 quibusdam.
658 2257 823 2292 BAn’rn.

350 2312 404 2349 ib.
456 2313 571 2362 pios}
600 2311 805 2361 legebatur
822 2315 936 2347 antea
946 2310 1060 2359 pius,
1086 2309 1293 2346 manifesto
1309 2319 1449 2345 errore.
1504 2307 1628 2343 ltu-r.
1660 2336 1662 2338 ,

352 2369 444 2407 101.
502 2374 651 2404 vestem
677 2364 844 2403 candido
871 2366 1014 2414 serico,
1043 2366 1205 2402 intextis
1223 2377 1322 2402 auro
1337 2369 1376 2400 et
1395 2363 1581 2413 gemmis,
1611 2361 1669 2398 si·-

238 2423 324 2459 mul'
341 2423 599 2460 auricolorem
616 2429 654 2458 et
673 2422 807 2459 albam
823 2422 1012 2457 nominat.
1067 2433 1160 2457 nam
1177 2421 1222 2456 in
1234 2419 1438 2457 materiem
1457 2418 1587 2454 albam
1602 2418 1668 2454 in—

238 2483 392 2515 textum
414 2483 495 2514 erat
516 2489 671 2523 aurum,
703 2483 747 2513 ut
768 2477 902 2513 scribit
922 2475 971 2512 de
991 2476 1084 2513 solis
1104 2487 1297 2525 purpureo
1316 2474 1436 2524 pallio
1453 2474 1669 2510 Martianus

242 2534 420 2584 Capella:
443 2532 620 2582 pallium.
636 2533 873 2576 coccineum,
902 2531 972 2568 sed
987 2544 1084 2568 auro
1096 2530 1271 2580 plurimo
1289 2529 1510 2566 rutilatum.
1568 2527 1668 2565 haee

241 2587 331 2626 ideo
349 2595 600 2635 annotamus,
629 2601 680 2624 ne
699 2588 788 2638 quis
806 2585 1027 2624 diversitate
1045 2587 1219 2624 colorum
1235 2584 1287 2623 ad
1303 2583 1574 2636 corrigendum
1591 2584 1666 2621 ali·-

242 2643 339 2697 quid
352 2651 565 2683 mov-natm·-
620 2644 786 2680 BAn'rn.

354 2699 446 2742 104.
500 2700 628 2750 surae]
658 2698 821 2750 antiqua
839 2698 1099 2737 calceamenta
1117 2708 1228 2735 suras
1242 2708 1365 2749 usquc
1381 2694 1666 2748 pertingebant.
