1702 3060
447 72 783 122 PANEcmcl
809 66 1126 131 JRELIQmAE.
1450 68 1507 121 11

54 179 134 219 43²5
169 190 343 229 Danuvii
361 203 452 226 cum
470 201 568 240 pace
586 178 710 239 redit,
737 177 1151 242 Tanainquefurores

169 261 303 307 exuit,
335 265 374 295 et
391 259 505 309 nigro
525 256 740 295 candentes
756 255 916 294 aethere
935 263 1059 295 terras
1106 264 1109 270 '

169 329 295 364 Marte
315 339 387 364 suo
408 326 579 364 caruisse
595 326 719 363 iubet.
755 332 757 336 ⁴
777 322 887 362 dedit
903 328 981 362 otia
1003 327 1108 362 ferro

170 396 367 433 Caucasus
380 424 391 445 ‚
421 401 460 432 et
481 394 590 432 saevi
611 392 877 432 condemnant
893 393 1045 444 proelia
1065 405 1193 443 reges.

113 462 139 505 5
167 462 323 501 addidit
341 461 499 500 hiberni
518 462 753 501 famulantia
770 460 934 499 faedera
951 459 1115 498 Rhenus

168 532 294 580 orbis,
323 537 362 568 et
382 531 584 581 Hesperiis
602 530 706 568 flecti
724 536 930 568 contentus
950 528 1118 566 habenis

167 597 386 651 gaudetvab
408 598 560 635 alterna
581 597 766 650 Thybrin
786 596 862 636 sibi
883 611 1057 636 crescere
1078 599 1179 648 ripa.

165 669 306 706 lustrat
322 667 570 706 Aremoricos
588 668 671 704 iam
690 668 827 705 mitior
845 667 975 704 incola
995 667 1142 712 saltus3

164 734 338 788 perdidit
358 741 397 772 et
411 747 542 772 mores
559 736 679 773 tellus
691 765 701 784 ‚
731 733 975 788 adsuetaque
995 747 1114 772 saevo

83 805 136 845 10
165 804 328 840 crimine
353 804 552 856 quaesitas
574 804 685 841 silvis
705 804 833 840 celare
853 805 1025 854 rapinas,

163 860 279 909 discit
292 872 512 922 inexpertis
533 872 718 909 Cererem
738 872 984 908 committere
1005 868 1176 919 campis3

164 941 436 991 Caesareoque
455 938 525 976 diu
541 952 684 977 manus
702 938 901 977 obluctata
922 938 1049 974 labori

162 1009 329 1045 sustinet
347 994 526 1058 acceptas
541 1014 676 1057 nostro
695 1007 768 1044 sub
788 1005 950 1044 consule
972 1005 1107 1054 leges3

161 1082 202 1113 et
220 1074 400 1128 quamvis
421 1076 568 1114 Geticis
587 1076 743 1113 sulcum
760 1072 976 1113 confundat
995 1071 1148 1119 aratris,

79 1142 130 1186 15
158 1143 325 1181 barbara
340 1145 494 1182 vicinae
512 1144 659 1195 refugit
678 1145 872 1182 consortia
890 1142 1034 1194 gentis.

157 1209 254 1249 hine
275 1222 453 1264 quoque,
483 1210 705 1264 Tyrrhenis
727 1225 805 1265 qua
826 1211 1009 1249 fluctibus
1027 1211 1110 1247 ima
1131 1207 1293 1246 resultat

157 1279 310 1330 Gallia,
340 1287 380 1317 et
403 1281 501 1319 aerii
521 1279 790 1319 conscendens
809 1279 931 1317 ardua
950 1280 1100 1316 montis

159 1348 288 1385 limite
306 1348 488 1386 nimboso
506 1355 630 1387 terras
651 1351 879 1401 perstringit
896 1347 1078 1394 Hiberas,

156 1417 217 1453 nil
235 1418 360 1454 nostri
375 1418 457 1454 iam
474 1418 570 1454 iuris
590 1425 687 1454 erat.
745 1416 818 1454 sed
833 1417 1005 1467 belliger
1024 1415 1131 1451 ultor

73 1487 129 1527 20
157 1485 358 1536 captivum
377 1485 566 1522 reseravit
584 1485 679 1534 iter,
711 1485 944 1535 clausasque
960 1482 1111 1532 recepit

158 1553 325 1604 expquo
343 1551 543 1604 praedone
563 1553 648 1591 vias
660 1582 670 1601 ‚
699 1552 950 1604 populosque
967 1550 1116 1588 relictis

157 1621 320 1659 urbibus
339 1608 512 1659 etfsociis
533 1620 701 1658 confinia
721 1619 896 1657 reddidit
916 1620 1035 1656 arvis.
1090 1627 1094 1631 ’

155 1687 332 1742 undique
350 1690 432 1728 iam
451 1688 649 1743 Scythicis
670 1694 805 1740 erepta
824 1688 1023 1726 furoribus
1040 1684 1198 1725 hostem

211 1786 232 1807 t

209 1944 231 1966 β

41 2174 76 2211 in
89 2173 171 2209 nm«
179 2172 381 2209 membranis
402 2182 426 2207 a
442 2181 456 2208 1
470 2183 483 2207 1
498 2182 522 2208 a
545 2183 608 2220 pro
627 2173 794 2218 falmttar
810 2171 1051 2217 subscribitur,
1074 2169 1204 2206 omissis
1218 2171 1358 2208 alternis
1371 2172 1494 2208 litteris

65 2231 130 2255 uae
151 2220 219 2256 aiio
245 2221 358 2255 colore
371 2219 638 2265 interponendae
654 2224 768 2255 essent
781 2246 792 2262 ,
813 2220 845 2254 id
861 2220 950 2264 quod
966 2220 1039 2253 fere
1054 2219 1244 2263 neglectum
1260 2231 1333 2254 esse
1349 2219 1494 2254 videtur.

72 2277 164 2306 Ait-ro
192 2267 352 2313 scriptum
378 2275 453 2300 esse
474 2266 619 2300 schedae
643 2265 804 2312 suadent,
826 2267 884 2299 ubi
908 2266 1029 2299 ductus
1054 2265 1242 2299 litterarum
1258 2267 1423 2310 effingere
1438 2277 1496 2300 co-

39 2317 140 2349 natus
163 2323 252 2347 sum:
281 2317 360 2347 sunt
383 2317 493 2346 autem
520 2312 723 2358 quadratae,
751 2313 786 2346 in
813 2312 936 2357 quibus
950 2312 995 2345 ad
1011 2312 1258 2346 rescribendum
1274 2312 1393 2346 deletis
1408 2312 1498 2346 inter

40 2366 64 2394 r
88 2359 174 2393 et‘u
199 2359 385 2404 aegerrime
411 2358 647 2403 distinguitur:
670 2358 791 2400 aliter,
816 2369 935 2404 parum
950 2358 1085 2392 diversa
1099 2358 1251 2401 ratione,
1274 2358 1495 2404 supplendum

39 2410 132 2439 esset
154 2404 404 2450 Prfflsa‘rfo.
427 2424 474 2430 —
497 2405 541 2438 ad
557 2404 711 2439 carminis
726 2415 760 2438 v.
776 2405 799 2438 4
813 2404 888 2440 cod.
912 2405 994 2439 sevi.
1019 2422 1065 2430 -·-·
1086 2414 1122 2438 v.
1138 2406 1160 2439 7
1182 2405 1295 2439 fateor
1320 2417 1374 2439 me
1397 2405 1496 2438 huius

40 2454 306 2486 *musaeum
325 2460 392 2486 non
408 2450 554 2495 assequi.
601 2455 748 2485 ceterum
764 2450 808 2484 de
822 2451 944 2485 Rheno
960 2451 1101 2485 subacto
1115 2461 1181 2485 non
1197 2458 1249 2486 est
1264 2455 1390 2497 poetae
1404 2462 1497 2484 men-

40 2495 187 2531 dacium}
211 2501 342 2532 constat
366 2497 450 2531 enim
472 2497 623 2532 Francos
649 2496 693 2531 ad
716 2497 870 2531 Rhenum
893 2498 936 2531 ab
952 2497 1049 2531 Aetio
1065 2497 1108 2530 ad
1125 2498 1321 2543 obsequium
1338 2497 1496 2531 redactos

40 2541 367 2589 Burgundionesque
384 2542 526 2577 domitos
546 2543 664 2578 fuisse.
683 2560 730 2568 --
751 2553 786 2577 v.
805 2545 848 2578 12
869 2543 938 2578 divi
960 2543 1035 2578 Iulii
1054 2543 1147 2578 benis
1163 2544 1325 2579 adversus
1339 2544 1494 2577 Venetos

43 2593 245 2634 ceterosque*
261 2589 487 2624 Aremoricus.
532 2599 568 2624 v.
588 2590 631 2624 14
652 2589 756 2634 igitur
777 2594 836 2624 aut
857 2590 1049 2624 Aremorica
1063 2590 1152 2624 ultra
1174 2590 1322 2636 Ligerim
1342 2595 1402 2624 aut
1417 2589 1493 2621 Go-

41 2633 176 2668 thorum
193 2642 335 2680 tegnam
358 2646 398 2670 us
422 2643 466 2670 ue
488 2635 532 2670 ad
555 2636 642 2670 hunc
664 2635 803 2670 fluvium
826 2636 1073 2682 porrigebatur.
1121 2647 1155 2670 v.
1174 2638 1216 2672 17
1238 2649 1280 2683 pr
1297 2649 1327 2671 m
1350 2636 1493 2669 condem

40 2681 220 2762 {emi
227 2681 545 2773 affixa?
556 2681 1491 2776 ffifflffssffiffissusfffflissmiffiffffi

145 2749 155 2762 ι
313 2750 323 2760 ·
1092 2755 1104 2774 2
1217 2741 1257 2764 su
1299 2741 1308 2762 1
1370 2752 1383 2772 ‚

1560 875 1637 911 ‚13
