1702 3060
235 129 305 190 86,
839 126 1056 170 CORIPPI

344 235 540 288 loricaque
561 237 708 273 micans
732 240 770 271 et
790 235 907 285 longa
926 232 1124 285 pulchrior
1141 230 1254 270 hasta

345 303 487 341 arduus
507 303 587 339 ibat
608 314 706 352 equo
718 330 728 348 ,
758 303 959 352 sociosque
979 314 1030 338 ex
1048 313 1155 338 more
1171 299 1355 338 monebat

344 383 438 407 voce
457 381 567 415 suos,
597 380 782 417 superans
803 369 988 420 quoniam
1003 367 1192 418 sapientia
1210 367 1302 404 forti
1337 396 1341 402 ,

344 441 498 485 pectore
517 447 671 484 semper
688 442 784 472 erat.
840 435 939 471 felix
951 463 961 482 ,
991 436 1024 471 si
1041 434 1120 471 fata
1141 432 1338 472 dedissent

237 498 316 539 485
343 500 554 550 longaevos
574 502 616 537 in
635 502 722 538 luce
740 500 821 538 dies
833 530 842 548 ‚
871 508 1044 538 maturus
1062 507 1104 537 ut
1121 500 1205 548 ille,

346 578 443 603 cana
466 573 589 603 aetate
610 568 710 604 foret
733 575 922 619 quantum
944 569 1151 615 maturior,
1181 564 1305 604 esset!

401 634 559 671 Tertius
574 635 641 671 ille
659 635 792 672 furens
811 641 919 685 rapta
939 636 1146 684 Gregorius
1161 633 1274 671 hasta

347 706 462 750 atque
480 701 558 737 levi
580 702 701 751 clipeo
721 702 798 737 telo
816 701 991 750 fulgebat
1008 702 1134 739 Ibero.

347 765 538 803 Geisirich
555 765 658 802 hunc
677 768 787 802 iuxta
805 780 987 804 numeros
1010 774 1047 804 et
1067 769 1177 818 signa
1196 767 1391 815 movebat,

236 828 318 872 490
346 839 435 869 ante
457 833 593 869 tubam
614 834 772 882 cupiens
793 831 973 869 adversas
993 846 1170 882 rumpere
1194 834 1332 881 fossas,

349 900 524 936 conscius
543 900 627 948 ipse
648 901 721 935 sui.
779 901 925 936 cunctis
941 899 1181 949 fulgentibus
1200 899 1316 935 armis

346 964 467 1001 ardua
486 966 564 1002 tela
584 967 696 1014 gerit.
751 966 892 1002 ferrato
915 979 1071 1016 corpore
1087 972 1168 1002 toto

347 1032 432 1081 ipse
451 1033 571 1067 nitet:
601 1044 783 1082 squamas
803 1033 966 1069 maculis
985 1031 1189 1081 distinguit
1204 1031 1247 1067 in
1265 1043 1376 1070 auro·

348 1109 464 1133 aurea
489 1098 605 1133 cassis
625 1098 745 1145 inest,
777 1100 978 1135 commisto
996 1100 1176 1135 flammea
1193 1099 1311 1135 ferro.

237 1160 317 1203 495
345 1162 437 1200 inde
458 1165 609 1214 apicem
628 1165 838 1216 cristasque
858 1166 949 1201 iuba
969 1167 1166 1215 componit
1183 1165 1339 1215 equina,

347 1230 500 1279 cingula
517 1232 757 1280 gelmniferis
776 1233 930 1281 stringit
945 1231 1136 1282 fulgentia
1150 1231 1284 1268 bullis.

347 1296 497 1345 Vagina
515 1296 669 1346 gladius
685 1298 786 1333 latus
805 1305 1012 1332 exornarat
1027 1298 1187 1333 eburna.

346 1366 439 1396 tunc
455 1362 554 1398 suris
572 1373 722 1408 ocreas,
750 1363 874 1398 multo
892 1375 988 1413 quas
1005 1364 1185 1399 vinxerat
1204 1374 1298 1398 auro

346 1426 527 1464 Parthica
547 1428 682 1477 pellis,
711 1426 849 1475 habet,
882 1429 1073 1480 rubroque
1091 1426 1257 1464 includit
1273 1428 1316 1464 iu
1334 1433 1449 1477 ostro,

238 1490 320 1531 500
349 1490 562 1543 depingens
582 1495 747 1543 gemmis
768 1500 805 1530 et
824 1493 949 1530 multa
969 1490 1131 1530 callidus
1147 1500 1244 1531 arte.

348 1563 479 1596 omnia
499 1562 610 1610 signa
629 1562 803 1610 placent,
833 1561 1050 1612 meliorque
1068 1566 1106 1597 et
1122 1561 1298 1598 maxima
1317 1560 1454 1598 virtus.

401 1625 498 1663 Inde
514 1640 585 1677 per
602 1634 784 1664 extensos
806 1640 1040 1677 componens
1058 1629 1215 1677 agmina
1233 1640 1404 1680 campos,

349 1694 520 1730 consiliis
541 1695 702 1741 melior,
731 1694 841 1731 fortis
861 1696 1068 1731 Marturius
1085 1694 1168 1731 ibat

348 1765 465 1810 atque
483 1760 688 1796 tribunicia
706 1761 829 1796 socios
850 1762 989 1796 virtute
1011 1761 1182 1809 regebat.

239 1822 321 1866 505
349 1826 641 1877 Martianusque
657 1833 796 1876 potens
815 1825 954 1863 densos
974 1827 1165 1876 perfertur
1182 1827 1224 1861 in
1243 1823 1390 1876 hostes,

347 1892 534 1929 misturus
553 1893 709 1942 proprio
729 1894 889 1928 Barcaei
904 1894 1105 1942 sanguinis
1126 1905 1296 1930 axmlem.

347 1969 422 1994 nec
442 1971 523 1996 non
542 1961 720 2010 egregius
741 1960 843 1995 clara
862 1957 909 1994 de
927 1959 1045 2008 stirpe
1063 1959 1228 1995 Senator

349 2024 474 2062 fertur
490 2038 610 2077 equo,
645 2027 885 2076 comptisque
907 2026 1005 2060 nitet
1023 2024 1176 2062 felicior
1193 2024 1328 2062 armis.

401 2093 483 2130 Hos
501 2094 677 2144 sequitur
693 2091 814 2139 fidus,
845 2089 965 2128 densa
980 2093 1146 2142 stipante
1166 2097 1333 2139 caterva,

239 2153 319 2197 510
348 2158 490 2195 Cusiua
507 2160 690 2211 Massylis
713 2157 906 2195 deducens
923 2159 1080 2208 agmina
1099 2160 1235 2209 signis.

347 2225 416 2261 ille
437 2227 566 2263 animo
588 2228 786 2263 Romanus
805 2231 907 2272 erat,
935 2237 1008 2261 nec
1025 2228 1212 2275 sanguine
1230 2226 1361 2277 longe,

346 2292 519 2328 moribus
541 2298 698 2328 ornatus
718 2290 903 2341 placidis,
933 2293 1118 2341 gravitate
1137 2292 1290 2329 Latina.

347 2369 427 2393 non
446 2359 561 2394 illum
581 2359 838 2409 aequiperans
862 2359 996 2395 iaculis
1017 2366 1082 2395 aut
1101 2358 1247 2394 viribus
1267 2363 1369 2395 esset

350 2423 414 2460 vel
431 2425 572 2461 Veneri
593 2423 756 2461 dilectus
779 2423 893 2461 Adon
908 2424 972 2461 vel
992 2425 1101 2461 fortis
1121 2422 1310 2461 Achilles.

242 2486 323 2531 515
405 2492 457 2528 At
477 2497 586 2541 parte
610 2503 662 2527 ex
679 2491 776 2538 alia,
808 2504 925 2528 cornu
942 2490 1115 2540 fulgente
1133 2491 1302 2540 sinistro,

354 2557 510 2595 nomine
529 2555 696 2595 ductoris
716 2555 851 2594 ductor
867 2558 942 2596 fuit
957 2558 1024 2595 ille
1041 2555 1233 2595 Iohannes

244 2696 310 2732 488
331 2696 434 2733 iberis
451 2698 484 2734 Τ
610 2698 676 2734 489
698 2695 844 2743 geisirith
863 2697 902 2733 Τ.
