1702 3060
247 141 341 188 324
685 146 867 189 NOTAE
891 145 950 189 IN
978 145 1189 189 LIBRUM
1216 146 1237 188 I

246 254 287 291 in
303 253 439 291 faustis
460 250 798 290 acclamationibus
820 259 857 289 et
874 253 1192 302 gratulationibus
1212 255 1461 304 imperatores
1478 267 1500 291 a
1517 255 1658 306 populo

250 311 431 346 salutatos
453 314 567 357 atque
588 308 800 357 appellatos
821 309 940 345 fuisse
967 310 1222 356 καλλινίκους.
1277 308 1368 346 hinc
1386 317 1534 347 veteres
1554 311 1660 360 glos-

250 375 336 399 sae:
375 363 649 398 invictissimus
679 363 918 411 καλλίνικος,
956 370 993 400 et
1018 362 1297 401 Archilochus.
1336 365 1529 404 καλλίνικε
1557 361 1659 418 χαῖρ’
1673 382 1678 399 ‹·

249 413 349 463 ἅναξ
369 412 575 466 Ἠρακλεις.
631 429 707 467 quo
725 420 897 468 respexit
916 420 1051 468 opinor
1068 418 1230 456 Suidas.
1271 418 1533 466 καλλίνικος’
1508 435 1529 459 ο
1549 418 1661 471 Ἡρα-

247 473 354 522 κλῆς.
408 470 591 523 idemque
616 471 813 522 epitheton
840 473 967 509 eidem
988 475 1145 510 Herculi
1165 474 1375 510 tribuitur'
1364 487 1404 510 ln
1425 482 1552 512 vetere
1578 476 1660 524 epi-

247 533 471 577 grammate,
503 525 607 577 quod
624 526 756 564 domui
776 541 867 564 suae
885 528 1044 578 quidam
1063 531 1371 580 praescripserat.
1428 528 1452 569 ὁ
1471 532 1544 570 τοῦ
1567 526 1662 576 Διὸς

247 586 340 628 παῖς
365 582 582 628 καλλίνικος
596 580 784 632 Ἡρακλῆς
809 582 953 622 ἐνθάδε
982 588 1173 623 κατοικεῖ·
1229 582 1351 634 μηδὲν
1377 583 1503 623 εἰσίτω
1529 581 1661 634 κακόν.

249 635 366 674 deum
387 649 527 686 nempe
545 638 749 674 tutelarem
767 639 1075 687 praescribebant
1097 645 1431 676 averruncatorem
1447 640 1562 676 illum
1576 652 1662 676 ma·-

245 692 374 728 loriun
395 693 511 728 totius
530 692 632 728 orbis
645 721 654 738 ,
684 706 732 728 ne
754 692 848 743 quid
864 694 957 729 mali
980 707 1048 730 sua
1068 695 1204 730 limina
1223 696 1394 731 intraret.
1426 707 1514 731 cum
1533 701 1662 731 autem

246 745 385 782 herum
412 747 515 782 illius
548 743 684 783 domus
709 746 910 784 hominem
930 749 1149 798 improbum
1173 762 1255 785 esse
1275 755 1487 797 constaret,
1524 750 1661 786 festive

247 802 360 838 illum
379 802 470 837 lusit
486 802 678 850 Diogenes
699 803 884 852 Cynicus:
916 803 1102 853 quomodo
1117 817 1222 853 erg-o,
1251 805 1389 854 inquit,
1410 804 1487 854 sas
1506 805 1575 840 erit
1593 804 1663 840 do-

248 858 398 892 minum
418 856 572 906 ingredi
586 869 699 892 suam
716 857 889 902 domum,
917 859 953 893 si
966 857 1068 894 nihil
1086 859 1185 894 mall
1197 859 1341 894 intrare
1357 858 1464 896 debet
1474 856 1494 897 ?
1535 865 1662 896 exstat

249 910 351 961 apud
370 909 661 948 Theodoretum
683 914 853 949 oratione
875 912 922 948 de
942 911 1202 949 Providentia.
1257 914 1378 950 RrrT.

356 968 422 1006 81.
479 965 580 1002 bona
604 967 786 1003 Victoria.
847 969 1032 1004 Graecam
1056 969 1312 1005 imitationem
1340 966 1458 1004 habet
1482 966 1546 1004 hic
1573 974 1662 1004 ver-

245 1034 334 1068 sus,
374 1033 449 1071 quo
473 1018 572 1072 καλὴ
600 1023 690 1071 νίκη
714 1021 906 1058 redditur:
943 1035 1035 1058 nam
1061 1019 1180 1062 καλόν
1204 1030 1242 1059 et
1266 1019 1423 1074 ἀγαθόν
1448 1035 1664 1073 synonyma

245 1083 335 1112 sunt
364 1077 398 1112 ei
421 1077 591 1125 linguae.
650 1076 751 1112 bona
781 1089 871 1112 vero
900 1076 1035 1112 favens
1065 1083 1122 1114 est
1151 1084 1189 1113 et
1220 1077 1442 1125 commoda,
1481 1090 1663 1128 prospera

244 1137 360 1181 atque
379 1131 507 1175 utilis,
546 1135 588 1164 ut
619 1129 719 1164 bona
750 1130 849 1166 Iuno
880 1130 983 1180 apud
1000 1133 1216 1168 Horatium.
1273 1133 1366 1169 facit
1393 1134 1566 1182 apprime
1587 1131 1663 1170 huo

244 1184 350 1235 quod
369 1183 636 1220 laudatissimo
653 1185 722 1220 illo
745 1185 938 1223 Glossario
963 1187 1182 1235 καλλίνικος
1201 1188 1475 1224 invictissimus
1498 1189 1663 1238 exponi·-

244 1246 319 1279 tur.
374 1240 537 1275 Bima.

352 1296 420 1335 83.
476 1306 612 1331 verum
630 1306 712 1330 esse
733 1294 947 1332 Calinicum
962 1301 1047 1332 tum
1065 1297 1106 1332 in
1126 1296 1262 1333 officiis
1287 1297 1423 1333 aulicis
1446 1297 1566 1334 fuisse
1583 1310 1663 1334 non

244 1360 371 1398 nego:
408 1356 449 1387 ,at
471 1362 515 1386 eo
537 1353 651 1398 poeta
671 1350 824 1396 allusit,
865 1349 970 1401 quod
1003 1349 1053 1386 ad
1085 1352 1303 1402 ingressum
1326 1353 1479 1401 imperii
1501 1365 1545 1388 ea
1569 1365 1663 1389 voce

247 1405 405 1441 solitum
432 1404 542 1454 Cpoli
568 1417 668 1441 novo
697 1406 862 1454 principi
889 1406 1107 1443 acclamari.
1180 1407 1367 1456 Georgius
1391 1405 1585 1443 Cedrenus
1615 1405 1664 1444 de

245 1458 462 1528 Nicep’horo
483 1457 638 1496 Phoca:
681 1463 801 1498 ταῦτα
827 1458 869 1499 δὲ
894 1463 1099 1508 ποιοῦντες
1118 1460 1160 1500 ἕν
1177 1464 1262 1507 ταῖς
1285 1462 1480 1508 πλατείαις
1498 1464 1569 1528 τῆς
1589 1458 1665 1502 πό·-

245 1514 373 1561 λεως’
359 1514 401 1554 ἐν
421 1529 461 1553 τε
477 1518 560 1560 ταῖς
580 1510 740 1567 αγοραῖς
758 1514 799 1553 ἔν
822 1529 861 1554 τε
886 1519 968 1569 τοῖς
993 1519 1203 1563 στενωποῖς
1224 1512 1463 1566 Νικηφόρον
1483 1511 1664 1567 ἆνευφή-

246 1583 347 1620 μουν
368 1569 617 1608 Καλλίνικον.
671 1582 750 1605 non
771 1583 867 1619 opus
885 1583 975 1620 ergo
993 1577 1037 1607 ut
1056 1570 1103 1608 de
1123 1584 1167 1608 eo
1188 1572 1346 1607 nomine
1371 1578 1453 1608 tam
1476 1572 1663 1608 sollicitus

242 1626 294 1660 sit
322 1623 565 1661 doctissimus
589 1626 863 1674 Dempsterus‚
910 1627 978 1677 qui
1005 1626 1122 1662 fuerit
1149 1627 1364 1674 Calinicus,
1412 1639 1501 1662 cum
1525 1630 1663 1676 poetae

243 1679 410 1716 liberum
428 1680 505 1715 tale
529 1678 622 1730 quid
641 1680 784 1728 fingere
805 1681 907 1727 licet,
937 1687 980 1717 ut
1001 1679 1097 1730 dixi,
1127 1694 1255 1733 exque
1274 1681 1524 1732 sequentibus
1541 1687 1660 1732 patet,

244 1735 295 1771 sit
313 1735 429 1770 aulici
448 1735 609 1771 alicuius
624 1747 780 1772 nomen.
836 1737 998 1773 BAn'rR.

355 1788 420 1828 84.
477 1791 661 1825 minister.
722 1792 910 1827 assentior
933 1791 1152 1840 legentibus
1180 1789 1282 1842 apud
1304 1790 1533 1828 Suetonium
1559 1792 1674 1842 Aug.

244 1845 293 1883 2:
325 1856 424 1879 avus
439 1844 518 1879 eius
535 1844 838 1893 municipalibus
854 1847 1075 1882 ministeriis·
1094 1845 1207 1896 (olim
1231 1844 1480 1896 magisteriis)
1510 1847 1665 1882 eonion-

245 1905 320 1938 tus,
381 1899 508 1935 Valer.
527 1901 551 1938 7
574 1902 598 1938 3
619 1901 658 1939 9.
714 1900 832 1949 Apul.
856 1902 902 1939 9:
933 1901 1113 1936 immissis
1138 1902 1269 1951 itaque
1295 1899 1493 1937 lictoribus
1511 1901 1664 1936 ceteris-

245 1966 319 2003 que
341 1952 515 2002 publicis
540 1955 759 2001 ministeriis
786 1954 1008 2004 angulatim
1030 1961 1170 1991 cuneta
1191 1955 1429 2004 perlustrare
1448 1954 1595 2000 iubent,
1625 1962 1663 1992 et

245 2011 318 2048 10:
358 2009 477 2047 donec
493 2009 601 2045 iussu
627 2010 927 2059 magistratuum
946 2011 1159 2046 ministeria
1170 2009 1336 2059 publica
1357 2009 1552 2050 annulum
1570 2010 1664 2060 jer·-
1700 2056 1702 2058 ι

240 2076 348 2099 reum
367 2064 581 2114 conserunt.
633 2065 724 2101 Sen.
749 2065 880 2105 Octav.
901 2063 985 2102 dixi
1004 2065 1126 2105 iufra:
1155 2065 1285 2106 malus
1305 2070 1358 2102 est
1376 2066 1548 2105 minister
1566 2066 1665 2115 regii

241 2119 409 2166 imperii,
437 2125 571 2155 metus.
631 2120 814 2156 DEMPST.

350 2174 416 2214 85.
473 2173 568 2210 haec
584 2173 677 2210 deus
693 2175 824 2211 omnia
832 2175 946 2225 ficit.
1007 2175 1061 2212 sic
1076 2175 1177 2211 infra
1195 2187 1233 2213 v-
1257 2176 1347 2216 182.
1403 2174 1526 2211 RITT.

350 2229 415 2267 86.
473 2227 521 2265 de
542 2242 700 2265 suortun
719 2231 933 2267 carminum
947 2231 1154 2281 praeconio
1172 2230 1364 2281 loquitur,
1396 2241 1472 2280 quo
1493 2229 1661 2267 aeterni-

238 2287 358 2322 tatem
376 2283 494 2324 simul
510 2297 599 2322 cum
614 2286 909 2335 imperatoribus
929 2284 1094 2336 spondet
1112 2285 1310 2332 Callinico,
1331 2284 1512 2333 exemplo
1530 2284 1662 2321 Maro-.-

238 2338 322 2373 nis:
359 2338 395 2372 si
411 2338 511 2387 quid
525 2352 610 2375 mea
635 2341 812 2376 carmina
829 2347 1012 2390 possunt,
1055 2340 1170 2377 nulla
1195 2340 1276 2377 dier
1303 2344 1479 2389 unquam
1504 2339 1664 2379 memori

239 2404 307 2429 νοε
324 2393 458 2428 eximet
475 2406 582 2431 aevo.
641 2396 803 2433 BAnTu.

347 2449 414 2487 87.
471 2461 552 2483 me]
553 2448 640 2484 cede
658 2457 715 2486 est
729 2464 803 2499 pro
822 2450 1008 2496 mercede,
1035 2451 1119 2488 eius
1140 2449 1279 2486 vicem.
1335 2449 1496 2486 Burni.

346 2503 412 2542 89
470 2516 578 2538 mora
597 2504 710 2540 nulla
731 2505 812 2555 dei]
844 2507 975 2542 nullus
997 2504 1061 2542 hic
1077 2505 1145 2541 deo
1163 2504 1285 2542 locus.
1341 2503 1441 2541 forte
1459 2517 1530 2554 per
1553 2516 1660 2544 com-⁹

238 2554 424 2606 pendium
441 2559 651 2607 scripturae
668 2561 823 2608 irrepsit
840 2562 1000 2607 vitium‚
1039 2566 1077 2596 et
1108 2557 1320 2608 legendum
1330 2558 1390 2606 fit
1412 2560 1527 2596 ιἰωείε
1553 2573 1661 2599 mora

240 2611 370 2656 nulla,
396 2611 531 2648 domus
547 2626 634 2648 mox
652 2613 824 2649 claustra
843 2614 1262 2651 resolvens.Voxc1<.

347 2668 414 2706 90.
469 2667 646 2703 stridenti
660 2668 829 2718 cardine]
861 2670 1087 2718 exemplum
1103 2669 1275 2704 imitatur
1288 2666 1533 2706 heroicorum
1549 2667 1659 2708 aedi-

238 2719 424 2769 ficiorum,
446 2722 584 2773 quibus
605 2721 721 2759 aheni
743 2723 971 2775 plerumque
990 2736 1013 2760 a
1031 2724 1156 2774 poetis
1181 2721 1356 2762 cardines
1375 2724 1658 2776 substruuntur.
