1702 3060
418 644 692 693 PETRI
757 644 1517 695 MAZZUCCHELLII

624 761 695 801 AD
734 760 1102 803 CLARISSIMUM
1134 762 1320 803 VIRUM

256 861 657 920 IOHANNEM
733 863 1090 920 IACOBUM
1162 864 1686 924 MARCHIONEM

726 950 1217 1007 TRIVULTIUM

489 1073 583 1119 DE
639 1071 959 1121 CORIPPI
1010 1073 1449 1122 IOHANNIDE

639 1189 670 1230 P
713 1190 752 1231 R
796 1191 829 1231 A
872 1190 905 1230 E
946 1191 978 1230 F
1023 1190 1056 1230 A
1098 1190 1133 1230 T
1175 1189 1196 1230 I
1239 1189 1292 1230 O.

250 1431 460 1499 Tandem
480 1459 521 1494 in
538 1465 788 1508 conspecttun
807 1460 959 1507 Tuum,
990 1460 1212 1496 Clarissime
1229 1459 1316 1507 Vir,
1348 1459 1537 1510 Corippus
1556 1459 1681 1507 Tuus,

249 1523 401 1561 tamdiu
431 1525 499 1561 abs
525 1526 585 1561 Te
615 1532 884 1575 exspectatus,
924 1527 1044 1562 venit.
1075 1538 1198 1576 usque
1227 1525 1275 1561 ab
1305 1537 1405 1562 anno
1429 1528 1534 1564 enim
1563 1526 1682 1574 1814,

249 1604 338 1627 cum
371 1591 465 1626 Tibi
493 1589 728 1627 indicassem
759 1590 867 1627 domi
894 1593 1004 1628 Tuae
1031 1592 1073 1627 iu
1103 1593 1239 1627 Museo
1272 1592 1523 1628 refertissimo
1554 1605 1684 1628 rerum

247 1658 616 1707 pretiosissimarum
643 1658 764 1694 latere
792 1662 933 1707 poema
966 1656 1067 1693 illud
1097 1657 1144 1692 de
1173 1656 1283 1693 hellis
1309 1656 1494 1706 Libycis,
1534 1656 1683 1694 iamdiu

248 1723 511 1760 desideratum
535 1737 557 1759 a
583 1725 760 1760 litteratis
791 1726 883 1761 viris
897 1753 906 1771 ,
948 1725 1080 1760 statim
1106 1723 1330 1772 significasti
1352 1723 1505 1773 placere
1525 1724 1618 1760 Tibi
1639 1731 1678 1760 ut

247 1803 320 1840 ego
342 1789 443 1826 illud
463 1803 583 1840 quam
603 1791 775 1840 primum
794 1791 940 1840 publici
956 1792 1051 1827 iuris
1070 1790 1252 1826 facerem.
1282 1796 1374 1826 tunc
1394 1789 1560 1826 libenter
1577 1788 1675 1826 hunt

245 1857 421 1893 laborem
449 1858 623 1906 suscepi,
670 1870 719 1893 ne
755 1856 884 1893 dicam
910 1858 1039 1907 potius
1069 1863 1216 1892 temere
1245 1861 1361 1906 atque
1390 1854 1679 1905 imprudenter:

248 1924 373 1973 primo
402 1936 573 1974 namque
606 1930 813 1973 conspectu
841 1923 982 1960 codicis
1015 1937 1095 1960 non
1119 1920 1375 1959 animadverti
1404 1920 1574 1959 eundem
1596 1935 1681 1959 esse

248 1989 508 2041 undequaque
534 1996 571 2026 et
587 2003 771 2026 mancum
792 1997 829 2027 et
849 2003 870 2026 a
891 2003 1012 2026 manu
1027 1989 1318 2039 imperitissima
1339 1986 1594 2038 descriptum,
1626 1989 1680 2024 ita

250 2063 294 2092 ut
317 2070 432 2107 opera
458 2056 650 2106 indigeret
677 2055 834 2094 editoris
864 2058 991 2107 magis
1021 2058 1148 2107 periti.
1206 2057 1251 2092 In
1273 2067 1317 2091 eo
1339 2053 1594 2091 exscribendo
1614 2067 1680 2091 so-

248 2122 452 2160 lummodo
474 2125 638 2173 cognovi
654 2136 733 2160 non
758 2136 841 2160 esse
861 2137 957 2160 onus
974 2131 1109 2174 aptum
1127 2121 1302 2158 humeris
1324 2122 1444 2158 meis:
1482 2119 1552 2157 sed
1568 2121 1680 2158 nefas

250 2187 346 2224 duxi
371 2202 450 2225 non
476 2203 610 2238 parere
641 2190 756 2238 Tibi,
797 2191 859 2226 cui
887 2197 1041 2226 tantum
1065 2190 1200 2226 debeo.
1257 2200 1414 2238 possem
1436 2194 1519 2224 tam
1538 2188 1681 2237 longae

247 2267 379 2290 morae
412 2268 545 2291 causas
573 2257 703 2305 plures
732 2258 774 2293 in
794 2255 970 2293 medium
988 2256 1123 2293 afferre
1140 2285 1148 2303 ,
1186 2257 1288 2292 inter
1306 2267 1403 2306 quas
1425 2266 1505 2290 non
1525 2261 1678 2304 postre-

246 2334 358 2357 mum
387 2327 494 2357 tenet
518 2321 649 2358 locum
678 2324 808 2360 minus
841 2322 1044 2360 commoda
1070 2321 1273 2369 valetudo,
1318 2334 1395 2372 qua
1426 2333 1542 2371 saepe
1567 2327 1678 2358 utor:

246 2386 316 2424 sed
337 2401 425 2424 cum
442 2388 535 2424 Tibi
554 2387 715 2424 eaedem
739 2390 815 2425 sint
833 2390 950 2440 plane
972 2397 1217 2440 perspectae,
1248 2389 1367 2425 satius
1387 2389 1459 2424 erit
1481 2400 1546 2424 eas
1562 2401 1677 2438 prae-

244 2457 379 2503 terire,
420 2456 538 2491 etiam
562 2468 612 2490 ne
640 2455 726 2491 aliis
752 2455 888 2493 videar
908 2459 1036 2507 potius
1063 2455 1285 2492 tarditatem
1306 2455 1455 2503 ingenii
1474 2455 1554 2490 mei
1575 2455 1676 2491 velle

245 2523 300 2558 sic
322 2518 516 2572 obtegere.
583 2529 698 2574 atque
720 2524 825 2559 illico
851 2526 1066 2560 orationem
1091 2527 1312 2559 convertam
1341 2519 1391 2556 ad
1421 2534 1466 2557 ea
1493 2521 1676 2558 brevibus

245 2600 441 2640 quamque
467 2589 693 2639 planissime
724 2596 860 2639 potero
890 2587 1143 2640 explicanda,
1183 2599 1283 2638 quae
1311 2588 1372 2623 Te
1400 2589 1504 2624 sensi
1536 2601 1675 2638 cupere

247 2654 418 2704 edoceri,
459 2669 637 2708 quaeque
663 2655 765 2692 tradi
792 2656 866 2693 sibi
892 2658 1012 2693 lector
1033 2658 1115 2692 iure
1139 2652 1426 2705 quodammodo
1447 2653 1618 2704 postulat
1634 2655 1674 2689 in

245 2720 354 2759 aditu
381 2723 466 2773 ipso
494 2724 621 2773 operiS
643 2722 868 2770 cuiuslibet,
909 2720 1015 2774 quod
1040 2722 1161 2771 primo
1190 2734 1240 2756 ex
1261 2721 1422 2758 vetustis
1445 2721 1614 2758 tenebris
1635 2722 1673 2756 in
