1702 3060
474 71 825 118 IOHANNIDOS
859 74 964 118 LIB.
996 75 1074 119 IV.
1439 79 1501 126 81

157 181 325 236 alipedis
348 183 485 222 celeris
505 181 646 222 dextra
667 186 854 223 contorsit
875 183 1064 235 habenas,

156 250 436 305 ductoremque
456 257 596 303 petens
614 253 793 291 volucres
812 266 885 304 per
905 257 1085 305 gramina
1103 267 1238 294 cursus

156 323 362 373 corripuit,
394 319 561 358 densum
580 328 618 359 et
636 320 865 372 dirumpens
886 324 1060 361 concitus
1080 336 1226 374 agmen

42 389 126 431 810
155 389 270 426 fluxit
291 401 392 441 equo
405 418 416 438 ,
445 388 691 441 pedibusque
712 389 806 426 boni
824 396 918 426 tunc
937 398 1048 428 more
1070 392 1251 442 magistri

155 457 288 494 oscula
311 469 445 508 pressa
465 456 574 494 dedit
592 457 763 496 fervens.
821 458 981 510 iamque
1003 460 1132 496 omnis
1151 461 1193 496 in
1212 461 1329 499 illum

153 525 269 562 turba
289 526 387 574 coit,
422 538 557 564 causas
581 527 742 577 cupiens
768 538 1004 576 cognoscere
1027 539 1159 565 rerum

153 594 462 646 responsumque
483 594 558 630 feri
582 595 819 631 referentem
841 593 977 632 audire
994 597 1166 646 tyranni.

154 666 193 697 et
209 667 390 699 metuunt
404 674 456 699 ne
474 675 616 714 pacem
633 668 717 700 oret
729 692 740 711 ,
772 675 864 699 cum
888 660 1018 700 dicere
1038 664 1170 701 iussus

39 724 123 768 815
150 729 282 778 paruit
300 736 339 767 et
354 729 512 782 placido
533 733 589 769 sic
609 732 737 782 coepit
753 731 963 768 Amantius
985 743 1066 768 ore.

126 823 129 827 s
147 789 307 834 “omnia
329 811 429 851 quae
449 797 633 837 dominus
650 799 802 836 famulo
821 799 1020 850 praecepit
1043 796 1279 850 adimplens,

151 865 335 914 gentibus
351 867 393 903 in
411 865 554 905 mediis
565 897 575 916 ‚
606 875 766 919 portans
781 854 970 908 mandata
981 895 992 914 ‚
1024 868 1200 916 cucurri3

150 935 461 987 perveniensque
479 935 608 973 ferum
624 935 708 974 vidi
726 936 799 974 sub
818 950 914 987 rupe
931 940 1147 986 tyrannum

151 1001 350 1040 montibus
366 1003 407 1040 iu
426 1005 605 1041 summis.
663 1010 758 1041 tunc
777 1009 915 1041 evocat
932 1002 1002 1039 ille
1021 1002 1190 1041 rebelles

37 1065 119 1108 320
148 1079 238 1106 aere
260 1070 388 1108 ciens:
420 1083 534 1108 cursu
552 1070 689 1123 rapido
709 1073 910 1110 Maurusia
927 1071 1043 1108 turba

149 1136 328 1186 confluit,
358 1144 399 1175 et
416 1140 551 1189 nigrae
570 1140 692 1177 facies
709 1141 878 1178 tentoria
897 1139 1109 1191 complent,

149 1209 194 1241 ut
210 1204 410 1256 quondam
426 1207 561 1244 Ditem
581 1215 784 1246 moturum
800 1209 953 1260 proelia
972 1207 1075 1245 divis

148 1274 359 1310 concilium
375 1273 516 1312 fecisse
538 1275 691 1324 ferunt,
723 1283 762 1315 et
777 1277 889 1314 mille
907 1290 980 1326 per
999 1276 1154 1324 amplas

145 1347 319 1385 monstra
339 1343 424 1380 vias
446 1344 599 1381 venisse
612 1373 622 1390 ,
653 1342 835 1394 Hydram
855 1343 1089 1394 tristemque
1112 1343 1354 1395 Megaeram,

35 1407 118 1450 325
148 1415 264 1461 atque
288 1408 468 1448 Charoua
490 1424 629 1448 senem
649 1410 803 1448 deserta
824 1424 977 1447 currere
1005 1411 1160 1461 cymba,

143 1477 183 1515 T
185 1476 410 1528 isiphonem
427 1478 604 1516 validam
622 1479 791 1520 flammis
811 1485 849 1515 et
867 1477 1042 1530 pondere
1060 1481 1200 1530 pinum

148 1553 422 1598 quassantem,
451 1548 590 1585 Alecto
611 1548 724 1584 tortis
742 1547 913 1592 saevisse
933 1545 1146 1598 chelydris,

146 1627 325 1667 quaeque
351 1615 423 1652 sub
444 1617 597 1667 ingenti
616 1616 739 1652 facies
754 1621 1024 1652 monstrantur
1045 1616 1218 1652 Averno.

146 1689 265 1735 utque
286 1682 429 1720 ducem
447 1686 610 1722 veniens
630 1683 799 1721 densum
818 1684 1073 1720 circumstetit
1094 1695 1250 1734 agmen,

34 1753 116 1793 330
146 1750 287 1788 obtulit
306 1752 391 1801 ipse
410 1750 554 1789 sedens
566 1742 803 1788 7consessum
822 1763 874 1787 ex
895 1751 1052 1801 agmine
1073 1749 1217 1801 dignis.

144 1819 214 1856 ille
236 1823 369 1856 tamen
388 1818 546 1856 medius
564 1817 668 1857 sedit
686 1818 932 1869 praefectus3
963 1825 1001 1855 et
1022 1819 1150 1857 omnis

147 1887 340 1938 aspiciens
361 1886 498 1938 rapido
515 1886 692 1925 tumidus
711 1888 766 1924 sic
786 1887 939 1924 intonat
962 1901 1043 1925 ore.

140 1951 328 2006 ‘legatos‚
359 1969 540 2007 proceres
553 1985 563 2004 ‚
593 1954 691 1993 dura
713 1962 751 1992 et
769 1953 955 1992 mandata
973 1954 1161 1992 Iohannis

146 2024 362 2075 suscipiens
380 2037 450 2062 vos
466 2038 582 2062 nosse
602 2024 692 2062 volo
704 2053 715 2072 ,
746 2024 973 2076 cunctisque
993 2025 1223 2075 loquentem

35 2090 117 2133 335
143 2090 379 2129 mandatum
395 2100 614 2131 monstrare
632 2094 776 2131 virum.
834 2106 905 2130 vos
925 2092 1082 2129 auribus
1102 2092 1216 2128 illum

144 2161 307 2197 intentis
331 2159 463 2198 audite
480 2162 637 2212 palatur,
669 2167 708 2198 et
731 2160 950 2208 decernite,
982 2160 1016 2196 si
1037 2158 1132 2211 quid

142 2231 205 2266 'est
223 2229 355 2266 animo
372 2228 519 2278 fixum,
549 2242 691 2280 pacem
707 2230 911 2267 belluxmie
932 2222 1146 2279 petamus.’

146 2299 358 2349 permisere
377 2297 489 2349 loqui
501 2327 511 2346 ‚
543 2296 753 2351 digitisque
775 2298 931 2336 silentia
948 2296 1094 2346 linguis

144 2367 366 2418 imposuere
389 2367 484 2404 suis.
546 2364 662 2404 docui
681 2372 890 2417 praecepta
909 2364 1080 2401 iubentis

35 2429 118 2474 340
146 2435 332 2486 principis
350 2440 388 2471 et
405 2445 580 2471 morem:
611 2435 737 2485 pietas
757 2440 802 2471 ut
819 2446 965 2485 magna
984 2432 1155 2484 regenfis

37 2531 106 2566 310
126 2531 220 2567 flexit
238 2535 271 2568 T
382 2534 448 2571 315
473 2534 522 2568 sic
537 2532 650 2580 coepit
664 2534 746 2569 add.
764 2534 806 2569 M
906 2531 975 2569 317
997 2533 1098 2568 medii
1117 2533 1150 2568 T
1251 2533 1319 2568 320
1342 2544 1421 2567 aere
1437 2533 1486 2573 M,

36 2582 139 2611 nocte
158 2579 190 2612 T
288 2581 355 2616 324
376 2581 510 2615 uenisse
526 2581 597 2615 uias
613 2582 708 2627 apud
723 2582 764 2616 M
770 2593 779 2616 ε
803 2580 1013 2626 transposuit
1028 2581 1059 2614 L
1156 2579 1224 2614 325
1248 2591 1290 2614 ac
1305 2591 1429 2614 carona
1448 2580 1487 2620 T,

36 2633 78 2656 ac
94 2623 264 2660 Charonta
278 2626 320 2660 M
429 2627 512 2664 ibid‘
535 2628 671 2662 terniba.
690 2629 722 2661 T
843 2629 916 2665 329⁹
936 2625 1144 2661 circumstitit
1162 2626 1195 2659 T
1316 2627 1381 2660 331
1408 2635 1488 2669 pre-

35 2674 149 2703 sectus
166 2670 199 2704 T
320 2672 388 2707 334
409 2673 593 2718 suspiciens
607 2675 702 2720 apud
717 2675 758 2709 M
883 2674 951 2710 337
973 2673 1107 2708 bellone
1124 2669 1200 2706 MT
1318 2671 1385 2705 338
1409 2681 1491 2714 pro-

36 2715 156 2751 misere
168 2715 259 2762 loqui
273 2717 449 2763 dignisque
466 2720 508 2754 Τ.
