1702 3060
591 83 917 131 PRAEFATIO.
1408 93 1488 125 xm

42 196 275 250 wesadone
295 209 338 249 p.
360 196 386 237 8
408 189 689 248 “dignoscitur
710 196 892 247 elegans,
919 199 959 232 et
981 193 1102 246 plane
1121 190 1265 245 dignus
1282 198 1328 230 ut
1344 192 1407 230 ffli
1426 193 1495 231 in-

41 264 99 304 :oe
120 264 307 316 aequales
337 277 505 316 regnum
530 266 732 315 poeticum
763 264 942 302 conferre
963 275 1046 300 non
1067 263 1153 300 sine
1178 261 1331 299 ratione
1347 262 1493 312 possis,

38 328 250 371 secundum
275 331 430 371 Barthii
463 331 656 371 iudicium
672 361 683 380 ,
724 331 795 383 qui
829 328 908 367 hoc
941 332 1062 369 etiam
1094 331 1294 383 sapienter
1325 327 1494 377 addidit,

23 401 193 453 'Dorippi
211 401 334 439 libros
353 400 511 439 ultimos
528 414 608 438 esse
627 399 868 452 eloquentiae
885 399 1098 436 Romanae
1117 393 1320 436 conatus.”
1376 410 1498 449 prae-

23 475 139 507 terea
153 469 333 521 pluribus
351 471 395 507 in
413 470 510 508 locis
532 468 870 507 Adversariorum
888 480 1051 506 suorum
1070 466 1258 504 Barthius
1281 466 1500 516 Corippum

35 543 212 576 nostrum
241 535 456 590 praedicat.
512 537 614 575 libro
642 550 788 588 nempe
809 537 835 577 8
865 549 899 573 c.
921 538 943 577 1
967 535 1042 573 col‘.
1063 535 1168 584 358,
1201 541 1240 572 et
1265 532 1374 584 apud
1391 534 1502 583 Fog-

34 606 188 658 ginium
210 619 252 659 p.
271 607 374 655 318,
403 608 490 644 eit:
521 613 579 644 est
596 590 739 657 genius
759 605 921 655 Corippi
940 617 981 641 eo
1003 617 1100 641 aevo
1124 617 1206 641 non
1228 600 1504 639 contemnendi

33 674 234 726 scriptoris
257 672 306 712 ob
334 675 380 713 id
399 674 601 712 amandus
609 701 627 720 ,
656 672 766 724 quod
782 673 848 709 sui
867 685 990 723 quam
1008 672 1240 709 simillimus
1259 670 1405 721 ubique
1427 675 1503 714 est,

34 754 141 781 more
172 742 240 782 vel
269 749 416 781 natura
445 744 583 795 potius
615 754 861 778 summorum
892 746 1100 776 auctorum
1127 739 1312 777 aemulus
1321 754 1337 786 ;
1386 751 1420 775 c.
1448 739 1503 778 13

34 813 110 852 ool.
129 815 210 856 390
240 826 320 851 non
348 812 581 850 invenustus
598 809 724 860 poe'ta
760 809 991 847 Cresconius
1025 808 1221 859 Corippus
1245 813 1430 854 vocatur3
1463 810 1504 842 et

34 881 111 919 col.
129 883 210 923 392
238 882 294 919 ait
316 879 455 918 adesse
482 878 611 916 multa
638 878 682 914 in
715 877 883 927 Corzppo
911 890 1051 914 curam
1079 890 1202 927 quam
1226 890 1302 923 pro
1336 889 1379 912 eo
1403 886 1504 911 aevo

28 948 252 1000 filie-iorem
277 948 488 1001 resep-entia
503 961 515 984 ,-
546 952 584 976 et
605 957 706 974 mox
729 942 888 975 subdit:
923 939 1120 989 Corippus
1143 940 1243 977 adeo
1268 942 1311 978 in
1335 941 1411 978 illa
1430 954 1504 978 ae-

34 1022 116 1054 tate
130 1030 203 1054 nos
220 1016 387 1054 delectat
394 1038 412 1056 2
442 1022 524 1061 qua
539 1019 708 1058 regnum
715 1005 920 1056 poeticum
936 1007 1017 1056 ipsi
1033 1007 1210 1059 conferre
1228 1022 1310 1046 non
1329 1011 1415 1047 sine
1432 1023 1507 1046 ra-

34 1085 139 1123 tione
147 1081 294 1133 possis.
353 1078 454 1116 libro
477 1082 612 1113 autem
631 1075 655 1114 9
676 1087 710 1110 c.
730 1076 782 1116 12
805 1074 879 1111 col·
899 1073 983 1115 436
1003 1078 1279 1128 prosequitur:
1310 1091 1391 1114 non
1413 1091 1508 1114 ma-

27 1151 109 1203 gni
134 1149 306 1187 nominis
332 1154 408 1185 aut
435 1145 591 1198 gloriae
621 1156 713 1179 cum
734 1143 884 1192 primis
914 1143 1131 1181 censendae
1162 1146 1393 1196 scriptorem
1424 1159 1508 1183 esse

39 1218 291 1257 cresconium
312 1215 528 1266 C'orippum
552 1212 710 1263 ipsimet
726 1211 973 1259 confitemur.
1034 1226 1105 1249 suo
1127 1220 1262 1251 tamen
1282 1215 1326 1251 in
1341 1227 1506 1265 genere,

33 1292 135 1325 wie
158 1298 282 1331 aevo,
311 1290 482 1336 regnat,
514 1288 646 1332 estque
670 1278 756 1316 ideo
782 1281 914 1331 magis
937 1279 1050 1317 illius
1071 1281 1303 1333 affectanda
1321 1283 1510 1320 illustra-

36 1355 116 1402 tio,
145 1367 222 1407 quo
242 1351 442 1390 obscurior
464 1349 577 1387 nullo
597 1362 668 1385 suo
686 1349 824 1384 merito
847 1348 955 1398 degit
967 1362 983 1395 ;
1015 1355 1054 1385 et
1075 1349 1103 1385 1.
1129 1352 1179 1391 17
1202 1364 1235 1388 c.
1253 1354 1306 1393 23
1330 1352 1404 1389 col.
1423 1349 1511 1392 855

36 1436 172 1462 rursus
191 1427 355 1461 vocatur
375 1420 568 1470 Corippus
583 1415 706 1467 poe‘ta
721 1428 799 1466 pro
821 1428 918 1452 aevo
941 1428 1012 1451 suo
1037 1417 1200 1453 minime
1223 1419 1507 1470 negligendus.

35 1498 124 1530 ⁴tum
143 1492 174 1529 l.
198 1488 252 1531 34
275 1502 310 1526 c.
331 1490 356 1529 3
376 1486 452 1524 col.
474 1483 583 1527 1548
608 1497 701 1521 eum
723 1482 819 1520 dicit
847 1497 928 1520 non
942 1497 1112 1533 prorsus
1131 1486 1417 1536 poenitendum
1441 1485 1511 1522 ul-

38 1561 129 1598 timi
147 1558 238 1596 aevi
253 1555 417 1608 poe'tam
426 1569 444 1602 ‚·
475 1559 515 1591 et
542 1551 618 1590 col.
640 1550 748 1592 1550
767 1549 925 1588 subdit:
957 1559 993 1588 et
1013 1552 1134 1589 habet
1156 1568 1254 1591 sane
1274 1568 1355 1592 non
1367 1567 1509 1604 pauca

45 1627 240 1676 Conppus
265 1622 369 1660 bona
395 1629 431 1659 et
458 1618 695 1672 aequalibus
715 1619 799 1655 suis
822 1618 1001 1657 meliora.
1065 1635 1099 1658 c.
1119 1625 1171 1663 21
1200 1623 1275 1660 col.
1302 1622 1405 1663 1581
1429 1623 1508 1659 ait:

36 1696 141 1733 inter
166 1706 230 1730 eos
254 1698 434 1728 auctores
462 1689 511 1727 (le
539 1686 685 1740 quibus
717 1685 812 1724 bene
841 1690 981 1725 mereri
1007 1702 1148 1740 operae
1170 1691 1349 1742 pretium
1371 1697 1508 1740 putes,

39 1763 132 1801 licet
159 1761 321 1813 primus
348 1771 428 1796 non
458 1758 509 1795 sit
545 1756 777 1794 Cresconius
810 1755 1031 1807 Corippus,
1071 1757 1203 1795 locum
1232 1765 1365 1795 tamen
1388 1771 1508 1794 suum

39 1833 142 1870 inter
166 1835 386 1881 postremos
414 1832 558 1863 tuetur.
622 1825 678 1862 sic
696 1823 726 1861 1.
757 1823 812 1865 35
851 1838 884 1861 c.
906 1824 931 1866 5
962 1825 1036 1862 col.
1059 1824 1164 1867 1641
1197 1839 1271 1864 nos
1292 1824 1407 1863 docet
1431 1825 1508 1862 Co·-

39 1900 154 1951 rippo
176 1897 382 1949 ingenium
407 1908 488 1932 non
513 1893 687 1945 defuisse
696 1907 714 1941 ;
745 1898 784 1930 et
805 1893 834 1930 l.
855 1892 910 1934 46
933 1907 967 1931 c.
992 1893 1042 1936 15
1062 1896 1134 1932 col.
1156 1895 1268 1937 2156
1298 1908 1392 1932 eum
1409 1895 1510 1932 satis

40 1966 200 2005 doctum
212 1964 373 2016 poe'tam
391 1962 498 2000 dicit.
557 1962 658 1999 libro
678 1967 812 1999 autem
831 1961 884 2002 55
906 1975 939 1999 c.
958 1965 986 2004 2
1008 1964 1083 2000 col.
1105 1963 1218 2006 2580
1235 1977 1370 2002 rursus
1390 1963 1438 2001 de
1460 1977 1508 2001 eo

42 2036 120 2074 ait:
152 2047 241 2072 eum
257 2040 459 2070 auctorem
474 2030 706 2083 diligentius
725 2031 811 2068 icleo
830 2032 1083 2081 repectimus,
1113 2033 1224 2084 quod
1240 2033 1406 2071 ultimus
1413 2033 1515 2084 jere

42 2105 96 2142 sic
117 2117 251 2141 eorum
278 2102 350 2154 qui
369 2100 445 2138 tali
460 2106 696 2151 argumento
716 2099 798 2151 legi
813 2107 1011 2137 mereatur
1029 2100 1291 2152 diligentius,
1321 2102 1513 2153 quoniam

43 2172 188 2210 caeteri
201 2171 296 2223 sere
323 2169 383 2206 ad
406 2182 468 2206 res
497 2169 629 2220 magis
653 2174 768 2205 notas
789 2175 827 2204 et
843 2167 1088 2219 vulgatiores
1107 2169 1318 2216 abierunt,
1349 2177 1387 2207 et
1417 2183 1519 2207 sane

43 2253 156 2278 nemo
187 2239 247 2277 ad
275 2236 397 2276 huius
420 2237 628 2289 ingenium
654 2235 820 2274 accedit.
885 2236 994 2288 quod
1003 2239 1204 2288 posterius
1210 2238 1346 2291 facile
1366 2237 1521 2276 intelli-

36 2321 131 2361 ges,
159 2308 197 2345 si
219 2307 266 2347 V
257 2306 463 2344 enantium
480 2306 748 2343 Fortunatam
774 2305 979 2342 Cresconio
1003 2305 1171 2357 Corzppo
1197 2320 1426 2358 componere
1446 2320 1523 2344 vo-

41 2373 191 2421 hterie:
231 2381 346 2413 tanta
372 2375 478 2412 enim
503 2374 647 2412 horum
678 2372 876 2426 differitas
905 2372 1139 2424 apparebit,
1169 2382 1215 2413 ut
1228 2389 1307 2427 pro
1332 2375 1523 2430 Romanq

44 2449 137 2482 vato
171 2443 405 2494 Corippum,
437 2443 556 2481 illum
587 2441 761 2480 alterum
782 2456 862 2493 pro
897 2441 1020 2479 Gallo
1044 2442 1182 2495 aliquo
1206 2456 1421 2496 agnoscere
1441 2455 1522 2479 non

46 2511 279 2562 negaveris,
308 2512 382 2549 etsi
405 2512 538 2550 eodem
571 2519 742 2562 tempore
767 2509 886 2548 ambo
908 2513 1150 2563 scripserint.
1212 2511 1380 2564 proinde
1398 2510 1521 2563 paulo

49 2584 149 2629 post
159 2579 316 2617 subiicit
333 2579 409 2618 col.
431 2580 565 2623 2585:
596 2581 754 2618 utinam
778 2581 970 2631 scriptum
989 2580 1168 2633 aliquem
1188 2579 1337 2618 librum
1358 2577 1519 2629 Corippi

49 2645 240 2696 indipisci
268 2646 425 2685 liceret!
482 2656 578 2686 sunt
606 2655 680 2686 aut
702 2649 881 2700 suerunt
909 2650 1047 2701 utique
1081 2650 1200 2687 etiam
1224 2650 1269 2686 in
1298 2646 1520 2686 Germania

49 2720 189 2752 nostra
205 2715 448 2767 exemplaria
465 2717 640 2756 eiusdem
659 2717 906 2756 Iohannidos
915 2746 933 2764 ,
962 2725 1096 2769 utpote
1113 2731 1238 2770 quam
1256 2716 1413 2768 aliquot
1430 2727 1520 2754 ver-
