1702 3060
506 95 856 141 IOHANNJDOS
889 95 996 139 LIB.
1025 96 1086 140 V.

155 215 198 249 et
213 208 366 248 munite
385 209 516 248 locos:
548 208 673 247 celsos
694 205 883 258 indagine
902 212 1074 256 montes,

154 281 301 327 Antra,
331 290 495 327 nemus,
526 278 686 325 fluvios,
716 276 906 313 silvarum
924 276 1018 313 laxa
1030 305 1040 324 ,
1075 273 1246 312 latebras

156 348 303 398 cingite
315 375 326 395 ,
351 353 391 383 et
409 346 589 384 obsessas
608 343 712 381 cauti
729 342 952 380 concludite
968 344 1118 382 fauces.

155 423 333 467 tempore
350 413 424 452 sub
446 410 602 450 modico
618 412 744 463 periet
763 423 862 461 gens
878 411 1003 462 impia
1018 413 1157 448 Maura

70 484 127 527 45
156 482 389 534 deficietque
406 481 528 518 fame.
585 485 654 516 aut
669 479 814 516 nostris
833 491 876 516 se
893 479 1072 529 protinus
1089 479 1209 516 armis

155 551 336 590 subiiciet
352 559 571 600 pacemque
590 553 720 598 petet,
750 547 784 584 si
802 547 929 583 milite
951 547 1068 598 pulso

156 633 238 657 non
256 619 386 656 valeat
405 615 597 666 populare
617 625 748 663 casas3
780 621 847 651 aut
866 614 1006 652 ultima
1024 613 1165 652 mundi

155 692 314 738 appetet
333 695 425 723 arva
443 683 593 734 fugax,
623 690 662 721 et
677 689 831 721 nostras
851 681 1006 721 deseret
1024 696 1127 721 oras.

155 754 316 806 Byzacii
334 752 504 804 geminis
525 749 690 789 ducibus
709 752 759 789 sit
774 752 952 788 maxima
972 763 1064 788 cura

73 822 129 866 50
154 821 348 872 Massylas
367 821 472 858 acies
493 821 576 856 acie
596 820 754 856 turbare
774 820 947 871 sequaci,

155 889 334 928 sollicitis
356 890 484 926 tristes
506 886 648 939 gladiis
664 900 804 938 urgere
820 886 1054 938 phalanges,

156 963 197 994 et
216 956 353 1008 procul
375 969 398 993 a
417 956 560 994 nostris
581 955 784 1006 expellere
805 955 948 992 finibus
972 950 1152 992 liostes.’'

212 1026 400 1073 Dixerat,
431 1030 470 1061 et
487 1023 616 1060 cuncti
635 1021 738 1059 dicto
756 1035 894 1073 parere
912 1023 1099 1060 fatentur.

157 1091 356 1144 digressus
374 1093 550 1144 proprias
571 1090 714 1128 florens
732 1091 928 1128 exercitus
945 1103 1054 1128 arces

73 1160 127 1203 55
156 1160 249 1198 inde
267 1161 386 1212 petit:
414 1159 586 1198 subeunt
600 1151 739 1206 urbes,
771 1159 931 1196 castella
952 1159 1153 1212 locosque.

157 1230 322 1268 solvitur
338 1241 361 1265 a
377 1228 496 1278 longo
514 1226 750 1264 miserabilis
768 1227 901 1263 Africa
919 1228 1042 1276 luctu,

159 1302 199 1334 et
218 1295 420 1347 placidum
440 1294 618 1346 gaudens
640 1301 771 1331 cantat
789 1295 930 1333 vicisse
948 1294 1184 1334 Iohannem.

157 1364 361 1416 plausibus
383 1362 551 1400 assiduis
571 1363 672 1399 felix·
696 1361 892 1413 Carthago
914 1364 1103 1413 magistro

159 1433 378 1469 Iustiniana
398 1431 537 1469 favens
557 1431 727 1481 geminis
746 1432 903 1482 excepit
922 1432 963 1467 in
984 1432 1106 1468 ulnis.

74 1502 130 1543 60
159 1498 388 1551 panduntur
405 1505 542 1550 portae
560 1499 686 1535 multo
705 1499 788 1535 iam
805 1505 984 1550 tempore
1007 1500 1179 1537 clausae.

160 1566 382 1618 ingreditur
400 1567 526 1605 victor
542 1566 690 1617 populo
705 1564 903 1616 gaudente
922 1565 1173 1618 triumphans

156 1636 298 1673 urbem
314 1648 387 1686 per
402 1632 591 1671 mediam.
648 1634 802 1684 palmas
817 1634 1028 1687 laurosque
1045 1637 1217 1672 virentes

157 1702 314 1742 Sidonii
330 1709 461 1755 patres
478 1702 672 1750 referunt3
704 1704 899 1740 concurrit
922 1704 971 1740 ab
990 1705 1100 1740 omni

156 1772 272 1825 turba
287 1772 353 1809 via
363 1800 373 1820 ‚
403 1776 639 1821 exspectans
655 1770 759 1808 acies
777 1771 922 1808 intrare
937 1773 1114 1810 Latinas.

73 1839 130 1884 65
158 1841 398 1878 conveniunt
416 1839 592 1890 fessique
611 1850 725 1875 senes
742 1837 991 1891 pavidaeque
1006 1841 1164 1891 puellae

157 1907 314 1946 visendi
332 1905 485 1954 studiot,
514 1912 663 1943 stantes
682 1919 754 1957 per
772 1909 930 1944 moenia
948 1915 1095 1946 matres

159 1977 377 2028 aspiciunt,
406 1975 604 2026 variisque
619 1973 750 2012 modis
768 1988 841 2026 per
858 1975 1003 2026 gaudia
1024 1977 1234 2029 plangunt.

159 2046 390 2095 contingunt
409 2043 562 2080 animos
578 2044 687 2080 saevi
704 2050 763 2080 tot
779 2050 958 2096 tempora
977 2045 1088 2083 belli.

158 2113 331 2150 feminea
349 2113 495 2163 pietate
517 2109 670 2160 dolent,
702 2124 895 2164 casusque
914 2114 1063 2163 priores

74 2182 130 2222 70
157 2186 492 2227 connnemorant,
522 2187 760 2231 narrantque
782 2181 858 2217 feri
880 2183 1092 2219 malefacta
1112 2184 1285 2235 tyranni,

159 2249 342 2300 gentibus
362 2254 407 2284 ut
424 2246 562 2284 dubias
582 2249 766 2298 patefecit
783 2249 825 2285 in
842 2248 980 2286 ordine
1000 2258 1134 2301 portas

159 2314 320 2354 foedere
341 2315 497 2366 dirupto
509 2344 520 2364 ,
549 2317 736 2352 miseram
755 2329 832 2367 qua
852 2324 985 2355 mente
1003 2319 1147 2356 fefellit

159 2383 336 2422 fervidus
356 2391 423 2422 aut
441 2385 599 2436 quantis
618 2384 791 2421 turbavit
809 2384 986 2423 cladibus
1009 2387 1165 2426 urbem.

159 2451 344 2493 laudibus
364 2453 568 2490 ilmnensis
586 2453 699 2503 pueri
718 2453 960 2505 iuvenesque
981 2467 1174 2507 senesque

79 2517 137 2562 75
164 2519 367 2571 imperiale
389 2526 535 2558 canunt
555 2518 726 2557 ductoris
747 2531 912 2557 munere
930 2534 1090 2571 nomen,

165 2589 444 2642 exsultantque
461 2589 619 2625 animis.
678 2589 806 2626 nimiis
825 2589 990 2627 miratur
1008 2598 1047 2628 et
1068 2598 1176 2630 aetas

0 2693 3 2696 ’
50 2684 99 2720 44
121 2696 259 2720 maurox
277 2687 310 2720 '1'
427 2687 471 2722 51
491 2687 652 2722 sollicitas
669 2688 702 2722 '1'
811 2687 858 2723 52
880 2693 916 2723 et
931 2689 1054 2723 nostris
1070 2690 1190 2734 procul
1210 2690 1242 2723 Τ

51 2731 123 2767 sata
137 2733 231 2778 apud
247 2732 289 2766 M
419 2734 464 2769 ‘11
488 2739 585 2780 purte
599 2733 684 2768 fecit
700 2734 733 2768 Τ
866 2736 912 2770 72
934 2746 1033 2780 quam
1050 2736 1144 2781 apud
1159 2736 1209 2770 M.

1397 90 1495 138 107

1353 2691 1399 2725 70
1420 2688 1510 2724 mala
