1702 3060
259 138 355 184 410
659 142 842 184 NOTAE
873 142 931 184 IN
963 143 1173 186 LIBRUM
1203 145 1265 187 111

246 247 425 297 fenestra
446 261 559 283 nuru.
621 247 854 286 Claudianus
871 250 912 285 in
942 251 967 288 6
997 251 1237 287 consulatum
1255 254 1436 289 Honorii:
1469 280 1565 291 ......
1589 269 1663 292 nu-

256 303 349 339 dare
364 303 508 339 videres
526 302 606 338 ima
629 304 741 348 viris,
769 304 873 340 altas
892 303 1076 355 effulgere
1091 305 1278 343 matribus
1295 308 1420 344 aedes.
1450 309 1608 347 BAnrn.

367 357 430 396 52.
489 358 604 406 cogit.
665 358 788 395 Solin.
812 361 883 397 16:
913 361 1162 410 manifestum
1187 369 1242 397 est
1264 362 1306 397 in
1333 364 1662 412 septentrionalem

246 412 416 461 plagam
442 411 564 447 hieme
588 426 707 463 grues
725 414 1066 463 frequentissimas
1093 416 1306 453 convolare.
1378 418 1486 454 Tull.
1512 416 1559 454 de
1582 426 1661 456 nat.

253 465 357 502 deor.
383 468 428 504 2:
455 480 575 516 grues
593 467 781 504 calidiora
800 468 886 504 loca
902 476 1075 518 petentes
1097 472 1222 507 maria
1241 474 1518 509 transmittunt.
1579 475 1662 510 Ho-

250 533 345 556 mer·
376 521 487 557 Iliad·
512 525 558 562 3:
599 525 766 573 χειμῶνα
795 520 923 575 φύγον
951 523 1014 563 καὶ
1050 521 1276 574 ἀθέσφατον
1307 524 1475 579 ὄμβρον·
1514 531 1662 582 κλαγγῇ

247 577 311 615 ταί
339 590 381 627 γε
407 576 586 615 πέτονται
613 573 677 616 ἐπ’
709 574 896 618 ὠκεανοῖο
924 575 1069 629 ῥοάων.
1125 579 1194 617 sed
1220 583 1377 631 propius
1409 580 1459 618 ad
1490 589 1661 620 mentem

246 632 370 667 nostri
399 635 535 680 poetae
567 633 703 682 virgil.
735 635 834 669 Aen.
865 636 912 673 6:
953 648 1071 683 quam
1095 635 1240 671 multae
1260 636 1527 686 glomerantur
1553 651 1660 683 aves,

246 685 316 721 uhi
321 686 503 735 frigidus
522 700 667 732 annus,
698 695 807 724 trans
816 695 983 736 pontum
987 689 1117 740 sugat
1135 697 1173 725 et
1188 693 1298 727 terris
1314 692 1484 728 immittit
1499 694 1655 741 apricis.

243 739 350 790 apud
359 743 571 777 Homerum
588 754 701 791 grues
718 743 872 792 fugiunt
885 743 1061 792 imbrem,
1081 744 1183 793 apud
1193 747 1390 782 Maronem
1409 745 1534 784 hiems
1551 748 1661 797 fugat

244 808 373 845 grues,
403 803 446 832 ut
466 795 531 832 hic
550 798 663 846 cogit.
722 800 889 834 Homero
909 804 1039 834 tamen
1063 811 1216 836 concors
1237 801 1328 837 Seu.
1350 801 1496 851 Oedipo
1517 809 1590 839 act.
1610 805 1657 842 3:

242 850 370 900 gelidi
391 851 605 900 Strymonis
610 852 778 902 fugiens
796 854 922 888 minas
933 860 1134 902 permutat
1146 853 1287 891 hiemes
1305 855 1398 892 ales.
1458 863 1495 892 et
1511 859 1657 893 Lucan.

246 908 273 946 7
286 917 296 941 ε
326 919 426 954 quae
442 906 538 942 Nilo
559 914 709 943 mutare
725 907 852 944 soletis
878 907 1074 944 Threicias
1093 908 1246 945 hiemes.
1278 911 1422 958 passim
1445 911 1535 947 talia
1555 911 1659 962 apud

244 963 401 1010 poetas,
448 968 485 997 et
511 962 634 998 multa
661 969 790 998 notata
813 975 835 998 a
853 975 917 998 me
936 962 985 998 ad
1003 962 1260 999 Claudianum
1281 963 1328 1000 de
1346 964 1449 1001 bello
1472 965 1626 1003 Gildon.
1644 978 1656 1002 ε

243 1017 394 1065 ingenti
422 1016 604 1065 clangore
628 1029 748 1066 grues
770 1018 917 1052 aestiva
946 1017 1172 1067 relinquunt
1207 1018 1391 1063 Thracia,
1420 1033 1508 1056 cum
1533 1021 1658 1069 tepido

236 1077 465 1120 permutant
486 1071 691 1119 Strymona
708 1071 818 1107 Nilo.
877 1069 951 1107 hoc
978 1078 1129 1108 tantum
1154 1070 1268 1120 addo,
1298 1074 1429 1110 volatu
1450 1087 1519 1124 per
1539 1074 1656 1112 disci-—

243 1127 393 1176 plinam
429 1126 630 1162 observato
667 1125 851 1174 effingere
885 1127 926 1162 in
957 1131 1044 1163 aere
1074 1126 1262 1177 quasdam
1292 1128 1506 1166 litterarum
1530 1136 1655 1167 notas.

241 1181 364 1217 Solin.
385 1186 422 1216 et
442 1179 642 1216 Claudian.
667 1193 794 1229 supra,
825 1179 1040 1217 Cassiodor.
1059 1184 1084 1221 8
1106 1194 1166 1231 ep.
1191 1185 1262 1222 12:
1291 1182 1439 1220 litteras
1453 1197 1498 1220 ex
1508 1198 1656 1234 gruum

239 1235 374 1271 volatu
402 1235 597 1284 collegisse
623 1235 844 1271 Mercurius
858 1235 1006 1285 fertur.
1066 1238 1210 1286 Hygin.
1237 1249 1268 1272 c.
1291 1239 1383 1278 277.
1438 1240 1582 1276 Lucan.
1607 1240 1653 1280 5:

229 1292 437 1339 primoque
476 1289 609 1325 volatu
655 1290 845 1340 effingunt
886 1292 1019 1326 varias
1065 1304 1159 1327 casu
1205 1298 1438 1328 monstrante
1476 1294 1648 1344 figuras.

235 1347 418 1381 Dssmrsr.

343 1398 397 1435 ib.
458 1399 599 1435 coactis
621 1412 689 1448 pro
709 1405 863 1435 coactae
883 1400 1094 1448 repositum
1112 1406 1184 1437 est.
1223 1402 1343 1438 Rmz.
1408 1403 1548 1438 coactis
1564 1403 1653 1440 fue-

234 1460 293 1490 rat
313 1455 353 1490 in
374 1452 554 1500 editione,
577 1467 664 1490 cum
682 1453 843 1491 vidisset
862 1454 902 1489 in
921 1467 982 1490 ms
1001 1461 1167 1491 coactae.
1198 1455 1298 1492 bene
1318 1462 1356 1492 et
1371 1463 1501 1506 aperto
1522 1469 1652 1505 sensu3

234 1511 269 1546 si
291 1510 346 1546 sic
365 1510 537 1558 legatur:
565 1522 704 1558 aspera
734 1510 839 1559 cogit
854 1508 976 1544 hiems
991 1509 1122 1559 glacie
1138 1510 1384 1561 nivibusque,
1411 1518 1564 1548 coactae
1586 1513 1652 1548 in-

235 1577 418 1600 numerae
431 1564 701 1614 glomerantur
717 1577 819 1600 aves.
880 1570 923 1599 ut
944 1565 993 1600 sit
1009 1562 1134 1602 hiems
1157 1577 1291 1615 aspera
1311 1566 1456 1615 glacie,
1500 1572 1538 1603 et
1561 1579 1651 1604 coa-

233 1626 317 1655 ctae
341 1632 431 1655 aves
453 1620 726 1668 glomerentur.
755 1620 937 1655 Dsmsr.
993 1621 1115 1668 male,
1145 1632 1234 1657 mea
1253 1622 1454 1668 sententia,
1485 1623 1652 1658 correxit

233 1675 392 1718 coactis,
430 1686 517 1709 cum
544 1678 658 1723 poeta
690 1673 905 1723 significare
927 1674 1092 1711 voluerit
1111 1674 1284 1726 undique
1303 1687 1353 1712 ex
1371 1688 1416 1712 ea
1437 1672 1593 1725 regione
1610 1677 1651 1714 vi

231 1730 471 1778 tempestatis
502 1735 652 1764 coactas
681 1741 771 1765 aves
800 1729 1044 1776 convenisse,
1084 1743 1161 1766 uno
1182 1732 1355 1766 omnium
1374 1731 1556 1778 consilio,
1583 1730 1650 1768 hi-

229 1783 392 1818 bernare
430 1785 679 1832 incipientem
722 1796 855 1819 earum
894 1790 1084 1821 terrarum
1118 1789 1247 1822 aerem
1278 1784 1466 1822 deserere.
1523 1787 1650 1823 innuit

229 1844 362 1873 autem
383 1839 629 1886 potissimum
648 1850 774 1886 grues,
800 1839 1015 1875 imitatione
1027 1841 1175 1875 Lucani
1194 1847 1232 1876 et
1251 1839 1464 1888 Claudiani,
1485 1853 1650 1892 quorum

228 1899 446 1942 postremus
462 1893 629 1942 priorem
649 1899 801 1929 secutus
822 1899 879 1928 est
898 1894 939 1928 in
958 1895 1104 1940 multis,
1122 1896 1206 1944 ipse
1225 1907 1318 1931 vero.
1334 1897 1463 1932 omnia
1478 1908 1647 1946 sequen-

228 1948 283 1982 tia
304 1947 457 1983 saecula
478 1949 598 1983 traxit
616 1948 656 1982 in
674 1960 785 1983 suam
803 1948 1118 1984 aemulationem.
1174 1951 1335 1985 BARTH.

338 2001 404 2041 55.
464 2003 554 2051 quia
583 2003 835 2038 transiturum
867 2002 958 2038 illac
988 2010 1068 2039 erat
1088 2004 1205 2040 funus
1228 2005 1539 2053 imperatorium,
1581 2005 1646 2041 in-

224 2054 444 2092 cendebant
463 2055 599 2093 odores
617 2069 687 2106 per
707 2059 825 2093 vicos.
884 2064 941 2093 est
962 2070 1052 2094 vero
1073 2054 1232 2108 σφᾶλμα
1254 2054 1458 2108 ποιητικόν
1479 2061 1645 2097 auctoris

227 2112 269 2146 in
297 2111 472 2160 syllabae
492 2110 674 2158 modu103
720 2124 940 2162 quanquam
964 2113 1032 2148 illa
1067 2120 1170 2149 aetas
1203 2114 1296 2149 talia
1322 2114 1561 2162 neglexerit,
1602 2121 1646 2151 ut

223 2163 333 2202 vid-es
350 2165 455 2214 apud
471 2167 744 2213 Fortunatam,
789 2168 856 2217 qui
882 2168 922 2202 in
945 2165 1150 2203 Occidente
1170 2166 1220 2204 ad
1242 2167 1406 2204 eandem
1422 2170 1643 2218 imperatri-

221 2231 309 2256 cem
330 2220 521 2256 scribebat
544 2233 661 2270 quam
681 2221 870 2271 Corippus
897 2222 1030 2258 multis
1057 2221 1172 2259 huius
1197 2225 1387 2272 poematis
1415 2224 1510 2260 locis
1534 2235 1643 2260 com-

221 2272 430 2310 mendabat
455 2276 495 2310 in
520 2276 687 2312 Oriente.
744 2278 888 2326 pariter
912 2283 949 2313 et
975 2283 1136 2328 utroque
1163 2279 1355 2328 antiquior
1382 2277 1563 2314 sedulius
1592 2279 1640 2317 1:

221 2328 438 2364 rettulimus
456 2331 585 2364 sancti
602 2332 802 2367 coniuncto
823 2332 981 2380 spiritus
1002 2338 1106 2368 actu.
1138 2333 1299 2368 iterum:
1328 2332 1497 2368 dicemus
1515 2333 1644 2368 sancti

219 2384 422 2419 coniuncto
441 2385 598 2431 spiritus
616 2392 720 2421 actu.
781 2392 818 2422 et
838 2388 885 2425 3:
925 2399 994 2422 nec
1014 2388 1162 2436 origine
1179 2389 1308 2423 carnis
1320 2399 1553 2435 germanum
1567 2399 1641 2436 ge-

216 2444 321 2474 stare
339 2437 489 2481 odium,
509 2439 579 2474 sed
590 2441 749 2487 spiritus
769 2442 858 2490 igne
863 2441 1104 2490 flagranteis
1122 2441 1273 2477 abolere
1293 2441 1374 2477 doli
1389 2448 1640 2477 monumenta

218 2493 370 2528 vetusti.
431 2495 595 2528 cremari
620 2500 749 2530 autem
777 2496 951 2544 apposite
980 2494 1085 2531 thuri
1114 2497 1346 2545 applicatur;
1378 2497 1473 2546 quin
1498 2508 1638 2533 sonum

218 2548 325 2584 velut
344 2547 448 2594 eius,
488 2546 581 2584 dum
602 2549 828 2597 conflagrat,
868 2551 1065 2598 exprimit.
1121 2551 1325 2599 Virgilius:
1355 2552 1536 2600 congesta
1553 2563 1638 2586 cre-

216 2608 377 2638 mantur
393 2601 530 2638 thurea
546 2603 663 2639 dona.
697 2604 857 2640 BAn’i-n.
915 2605 1079 2653 impegit
1103 2608 1219 2653 poeta
1244 2606 1286 2642 in
1303 2605 1480 2654 regulam
1497 2617 1635 2656 proso-

218 2655 305 2694 diae
326 2655 565 2706 corripiendo
593 2658 773 2694 ultimam
796 2657 987 2708 syllabam
1016 2660 1215 2697 transitus.
1275 2661 1331 2697 sic
1354 2660 1448 2698 alibi
1467 2662 1634 2711 primam

216 2713 258 2748 in
263 2712 462 2763 flagitant
481 2713 639 2751 brevem
656 2712 750 2749 facit
769 2708 928 2766 ἀλόγως.
983 2713 1106 2751 Bur.
