1702 3060
469 62 826 106 IOHANNmos
860 60 965 104 Lm.
997 60 1077 104 Ν.
1433 58 1500 117 91,

150 174 404 229 cornipedem
422 175 559 213 frenis.
618 172 725 211 hosti
746 180 880 211 tamen
901 172 1040 211 obvius
1063 171 1137 210 ivit

150 259 382 296 congressus
404 245 538 282 vacuis
561 241 700 280 ductor
718 242 956 279 fortissimus
975 242 1109 279 armis.

27 365 30 367 v
74 356 78 364 Ἰ,
151 315 288 366 arripit
307 314 377 351 ille
397 313 556 363 fuga1n3
586 324 707 363 quem
726 308 810 347 ‹lux
829 311 885 347 sic
903 324 999 347 voce
1020 316 1194 347 secutus.

40 384 124 427 660
144 377 252 436 “quo
269 383 398 433 fugis,
428 378 622 418 Antalas?
680 377 780 415 haec
799 384 891 415 stuit
908 379 1134 415 minitantia
1153 377 1303 416 verba?

147 452 276 489 milite
298 461 389 490 cum
404 461 525 500 parvo
544 447 709 485 veniens
730 452 845 483 vocat
871 459 960 484 ecce
981 445 1195 484 Iohannes.

151 533 230 573 quo
250 519 372 557 velox
391 516 565 555 deflectis
582 513 683 553 iter?
740 512 860 550 modo
878 512 1027 551 iudicet
1046 514 1117 551 ille

150 590 221 641 qui
244 588 398 625 caelum
416 593 642 636 terramque
661 588 814 630 movet,
849 582 919 633 qui
938 582 1111 621 fuhnina
1128 579 1328 637 torquet.”
1367 592 1370 595 ‘

149 657 244 694 talia
264 655 441 692 narranti
459 666 626 705 seseque
643 653 686 688 in
701 651 807 687 bella
826 652 985 687 vocanti

41 723 120 768 665
149 725 325 772 erubuit,
354 733 616 773 maerensque
639 720 720 757 suis
743 732 784 756 se
805 719 1022 756 immiscuit
1046 721 1180 770 armis,

149 806 240 831 cum
260 792 416 842 magica
435 797 572 827 taurus
593 788 814 826 demittitur
832 793 914 823 arte

147 863 378 899 Maurorum
401 873 422 896 e
441 856 575 894 medio
587 886 598 905 ,
628 863 764 893 taurus
783 867 904 906 quem
923 857 1038 893 lerna
1057 856 1241 896 sacerdos

148 935 265 982 atque
286 926 395 965 idem
413 927 541 977 gentis
561 932 757 962 rectorum
774 925 975 961 maximus
998 933 1134 963 auctor

148 995 340 1044 finxerat,
369 995 572 1032 Ammonii
591 995 817 1044 signantem
834 993 998 1029 numine
1018 994 1154 1030 Gurzil

37 1067 121 1108 670
149 1066 281 1102 omina
300 1064 428 1116 prima
449 1063 545 1100 suis.
604 1061 719 1098 celsis
740 1067 834 1097 tunc
857 1061 1040 1098 cornibus
1061 1061 1131 1098 ille

146 1133 251 1169 inter
267 1137 454 1182 utrosque
471 1130 585 1177 furit,
618 1127 761 1166 dubius
782 1142 861 1181 qua
881 1137 1081 1181 rumperet
1099 1128 1250 1170 hostes.

146 1200 306 1251 agmina
325 1197 421 1235 dum
437 1195 658 1248 trepidant,
690 1211 824 1235 cursus
842 1211 914 1248 per
933 1199 1088 1250 Syrtica
1106 1200 1214 1250 rupit

146 1265 375 1319 ingrediens
392 1267 616 1317 iterumque
634 1266 751 1304 ferox
769 1280 840 1304 sua
864 1274 989 1304 castra
1008 1269 1205 1316 poposcit.

145 1335 252 1374 hunc
272 1336 451 1387 sequitur
467 1335 670 1371 Romanus
689 1346 811 1385 eques
823 1363 832 1380 ‚
863 1332 1160 1384 tremulumque
1179 1333 1252 1371 sub
1274 1347 1383 1375 armo

34 1403 117 1449 675
144 1405 295 1443 missile
315 1409 576 1453 contorquens
596 1399 739 1437 mediis
759 1401 970 1451 prostravit
989 1402 1134 1439 arenIS.
1174 1439 1181 1446 Ι

144 1474 295 1526 proelia
314 1471 520 1507 raucisono
541 1470 768 1505 cecinerunt
789 1481 935 1505 cornua
955 1475 1087 1507 cantu.

145 1542 299 1580 tollitur
315 1536 408 1576 inde
424 1550 550 1574 novus
572 1536 706 1573 fractis
725 1534 777 1573 ad
790 1535 920 1574 sidera
942 1537 1092 1575 clamor

144 1609 307 1648 vocibus
319 1637 329 1656 ,
361 1613 399 1644 et
415 1607 572 1657 magnis
591 1605 809 1642 ululatibus
828 1603 940 1642 ardet
955 1606 1115 1658 Erinys.

146 1682 354 1727 concrepat
373 1688 491 1712 omne
511 1685 674 1711 nemus:
704 1680 799 1710 tunc
820 1675 949 1711 omnis
973 1681 1162 1712 consonat
1182 1674 1281 1715 echo

33 1747 116 1790 680
144 1744 350 1796 gentibus,
386 1749 425 1779 et
444 1743 573 1780 varias
594 1743 771 1778 imitatur
792 1740 957 1778 reddere
978 1742 1152 1792 linguas.

143 1812 239 1851 hino
258 1811 428 1849 sinisere
445 1822 590 1847 vocans
611 1811 714 1845 acies
736 1810 937 1846 Maurusia
956 1811 1100 1848 clamat

143 1881 434 1931 Mastimanque
455 1878 608 1915 ferum:
638 1878 853 1914 Mastiman
871 1885 1029 1916 assonat
1047 1878 1160 1918 echo.

144 1948 238 1987 inde
255 1948 387 1985 ferunt
405 1947 560 1984 Gurzil:
592 1945 729 1983 Gurzil
747 1958 843 1982 cava
863 1959 961 1984 saxa
985 1949 1195 1986 resultant.

143 2015 239 2055 hinc
258 2018 438 2054 Romana
461 2027 622 2064 manus,
654 2015 892 2052 conturbans
910 2016 1072 2054 vocibus
1093 2016 1286 2070 aethram,

34 2085 114 2130 685
142 2086 316 2134 intonat,
345 2091 384 2122 et
405 2085 559 2137 quassis
576 2090 784 2135 regemunt
803 2091 991 2122 montana
1011 2083 1223 2136 pharetris.

143 2164 227 2191 vox
243 2152 468 2191 veneranda
487 2154 612 2201 canitt,
643 2153 836 2189 clamatur
854 2154 1015 2189 nomine
1038 2151 1229 2204 Christus,

142 2219 360 2258 Iustiniane
373 2250 383 2270 ‚
412 2221 490 2258 tuis
509 2227 660 2272 pugnet
678 2221 917 2258 fortissimus
942 2222 1085 2258 armis:

139 2272 354 2340 “principis
375 2289 589 2340 imperium
608 2290 752 2338 nostri,
782 2296 896 2340 pater
917 2290 1085 2340 optime,
1116 2285 1275 2330 serva.”

146 2354 199 2392 ad
214 2370 359 2394 nomen
376 2363 573 2394 tremuere
591 2358 675 2408 poli
686 2387 696 2406 ‚
726 2365 923 2395 tremuere
945 2365 1149 2407 gementes

35 2424 117 2464 690
146 2436 333 2462 concussa
347 2425 510 2473 tellure3
544 2427 648 2476 iugis
668 2433 706 2463 et
723 2426 869 2463 vertice
889 2427 1013 2464 silvae
1048 2449 1051 2453 ·

146 2499 363 2530 commotae
386 2506 552 2544 paruere
574 2496 706 2545 quati,
736 2501 971 2548 montesque
992 2496 1183 2550 lacusque

35 2576 103 2630 664
116 2578 282 2614 narrantis
296 2583 329 2615 et
343 2581 496 2615 vocantis
513 2583 608 2626 apud
621 2582 662 2617 Μ
759 2583 829 2618 666
842 2587 919 2628 post
934 2585 1063 2629 magica
1077 2585 1121 2620 M
1133 2584 1245 2621 subito
1339 2585 1405 2620 669
1420 2594 1492 2618 mu-

34 2634 114 2656 11106
141 2624 173 2656 Τ
305 2625 372 2661 674
401 2627 465 2660 sub
489 2629 573 2662 add.
601 2629 642 2662 M
779 2630 846 2664 676
870 2630 1090 2667 concinerunt
1119 2634 1151 2667 Τ
1286 2632 1353 2666 682
1376 2631 1494 2663 masti-

33 2672 183 2722 P‘Pt‘lue
207 2670 240 2702 T
329 2715 338 2725 ο
370 2671 437 2706 685
467 2674 658 2720 remugiunt
678 2678 837 2711 montana
858 2676 980 2712 faretri
1005 2678 1038 2712 T
1172 2679 1238 2714 691
1268 2681 1433 2711 commoto
1462 2675 1496 2710 Τ

33 2713 120 2750 ulna.
143 2726 288 2760 paruere
301 2728 359 2752 vix
369 2728 501 2755 sanum.
