1702 3060
441 98 794 146 lonmmnos
827 100 933 144 Lm.
966 99 1045 157 w.

128 210 288 264 agmina
306 219 446 251 cuncta
462 218 652 251 tremunt.
708 209 862 249 invadit
883 217 1040 263 pectora
1061 210 1190 262 gentis

128 281 310 318 insolitus
328 282 471 319 virtute
488 294 624 332 pavor.
681 281 875 317 mirantur
893 287 930 317 et
946 277 1109 316 horrent

0 348 101 392 ,800
127 347 400 400 effugiumque
419 349 562 386 virum.
620 348 677 385 sic
697 354 965 385 contremuere
984 353 1189 384 tonantem

129 415 298 465 fulmine
319 414 481 464 deiecti,
512 416 635 453 fracta
656 417 829 462 cervice,
860 416 1064 465 gigantest,

130 483 187 521 sic
203 484 377 521 Troiana
395 495 537 520 manus
555 483 700 520 fortem
716 482 892 533 fugiebat
908 480 1121 519 Achillem.

184 552 332 589 Bruten
349 557 394 588 ut
412 551 599 602 expulsas
622 552 771 602 campis
784 553 866 587 iam
881 555 1034 587 vertere
1051 554 1190 599 gentes

129 625 238 670 terga
258 619 354 669 suga
372 619 654 670 insolitumque
675 631 767 656 suos
788 619 947 655 auxisse
963 617 1149 654 timorem

17 684 100 730 805
128 685 248 735 vidit,
278 693 317 723 et
332 687 477 724 eversis
495 686 598 725 acies
615 685 870 723 succumbere
890 685 1027 735 siguis,

129 759 332 804 castraque
353 760 436 790 tuta
454 760 565 791 metu
584 755 743 791 Mauros
762 754 908 790 intrare
925 753 1101 802 fugaces,

128 820 271 858 ultima
288 821 371 858 fata
386 834 500 859 suam
519 819 682 859 credens
703 819 936 858 concludere
954 821 1079 857 vitam

128 894 285 938 evocat,
315 895 568 941 errantesque
589 890 751 940 instIgat
769 902 865 926 voce
885 886 1078 935 cohortes,

130 956 275 993 talibus
297 964 335 994 et
354 955 467 994 dictis
483 955 643 995 timidos
665 956 715 993 ad
733 957 838 993 bella
859 954 1023 993 reducit.

18 1024 102 1066 810
125 1017 176 1061 “ο
196 1023 420 1062 miseranda
437 1037 600 1072 manus,
629 1037 835 1076 nimquam
858 1035 959 1076 quae
978 1023 1080 1059 victa
1100 1023 1275 1074 recessit,

129 1089 235 1128 unde
255 1098 384 1129 metus
402 1090 576 1143 gelidas,
607 1098 673 1129 aut
694 1104 773 1144 qua
791 1092 954 1139 virtute,
986 1097 1161 1128 catervas

130 1170 221 1196 acer
240 1157 348 1209 agit?
406 1161 667 1212 quisquamne
690 1160 786 1210 fuga
807 1157 1034 1196 defenditur
1055 1156 1162 1195 istu‘l

127 1233 196 1264 aut
220 1228 355 1265 castris
374 1240 535 1266 securus
554 1229 651 1276 eris,
683 1240 784 1279 quae
805 1228 932 1264 Marte
950 1226 1142 1277 superbus

129 1302 310 1347 rapturus
330 1296 412 1332 iam
433 1297 559 1333 victor
578 1294 717 1334 adest?
776 1309 855 1347 qua
874 1295 1010 1332 territa
1029 1306 1178 1344 pugna,

17 1362 98 1407 815
126 1364 387 1413 Languantan
411 1377 508 1415 gens
531 1363 649 1412 dura,
678 1361 813 1413 fugis?
873 1375 950 1414 quo
973 1363 1099 1398 victus
1119 1361 1167 1398 ab
1188 1359 1318 1413 hoste,

128 1432 276 1469 Austur
295 1444 396 1484 equo
414 1415 560 1480 fidens,
595 1438 704 1468 tanta
726 1428 940 1467 formidine
962 1427 1113 1466 curris?

132 1513 211 1537 non
236 1497 379 1550 pudet,
409 1497 490 1536 heu
511 1496 668 1536 miseri!
701 1499 850 1548 campis
871 1497 1033 1534 cessisse
1054 1495 1228 1536 relictis?

132 1581 156 1606 ο
176 1568 321 1615 virtus,
351 1579 374 1604 ο
394 1564 511 1603 corda
530 1564 680 1604 virum!
711 1565 891 1604 nudosne
911 1565 1055 1602 reverti

133 1634 384 1686 desertosque
405 1633 532 1672 libet?
591 1633 739 1672 calidas
760 1635 816 1672 sic
836 1647 992 1671 cernere
1013 1633 1148 1684 Syrtes

19 1708 102 1750 820
130 1702 274 1742 vaditis
283 1700 303 1739 ’ἒ
362 1715 385 1740 o
401 1702 569 1753 fugitiva
586 1716 728 1740 manus
739 1731 749 1751 ‚
779 1703 845 1740 vel
861 1702 990 1753 prisca
1005 1706 1209 1739 memento

129 1771 237 1810 bella
258 1783 400 1808 senum
422 1783 652 1823 pugnasque
672 1778 801 1808 truces
819 1777 857 1807 et
875 1769 1008 1806 nobile
1026 1768 1158 1805 robur.

129 1840 343 1891 imperium
359 1838 487 1875 vicere
508 1845 662 1889 patres:
691 1851 771 1875 non
790 1839 946 1875 vincere
966 1843 1120 1874 nostros

128 1901 395 1946 Maximianus
416 1919 531 1954 avoe,
561 1907 730 1944 Romani
750 1906 866 1943 fortia
887 1905 1002 1955 regni

131 1981 282 2027 sceptra
301 1980 461 2022 tenens,
490 1975 632 2025 potuit.
688 1973 820 2010 turbet
837 1986 944 2010 nunc
961 1972 1120 2023 agmina
1140 1971 1311 2023 perdens

20 2045 103 2090 825
129 2042 320 2082 militibus
344 2042 502 2094 quantis
523 2048 590 2078 aut
608 2054 686 2093 qua
710 2053 801 2078 cum
819 2041 936 2092 plebe
957 2039 1168 2087 Iohannes,

132 2110 338 2162 respicite3
373 2116 412 2148 et
429 2108 593 2146 tandem
610 2110 751 2146 vestris
773 2109 987 2147 succurrite
1007 2102 1153 2144 natis.'’

187 2178 357 2218 Talibus
376 2178 523 2215 exarsit
543 2175 656 2214 dictis
676 2177 876 2214 Maurusia
893 2177 1031 2223 virtus,

132 2254 250 2300 atque
273 2246 377 2283 acies
401 2257 587 2282 conversa
607 2243 729 2293 redit,
759 2256 1014 2296 pugnamque
1037 2242 1200 2280 resumit

133 2316 279 2362 acrior,
310 2319 350 2350 et
370 2311 502 2350 densis
521 2312 725 2349 conturbat
742 2313 880 2349 nubila
898 2311 1003 2348 telis.

22 2384 104 2427 830
129 2381 284 2420 turbine
303 2381 406 2419 victa
427 2379 520 2416 ratis
541 2391 655 2416 cursu
677 2391 749 2416 ceu
769 2392 887 2430 saepe
911 2390 1068 2415 recussa

132 2449 256 2486 fertur
275 2450 316 2486 in
335 2460 569 2501 aequoreas,
599 2448 743 2484 Auster
762 2458 841 2498 quo
863 2444 1031 2497 dirigit‚·
1045 2443 1197 2482 undas:

135 2515 231 2554 dum
250 2517 415 2554 miseros
437 2516 595 2553 turbant
615 2515 770 2552 infensa
793 2515 967 2565 pericula
987 2521 1142 2563 nautas,

136 2583 275 2622 obvius
297 2590 429 2636 optato
446 2584 579 2622 veniat
595 2584 630 2621 si
650 2583 807 2620 flamine
827 2589 983 2631 ventus,

25 2726 92 2762 804
115 2725 249 2762 unxisse
263 2726 294 2760 L
346 2719 349 2721 Α
430 2726 498 2762 813
519 2737 618 2772 quem
636 2726 686 2769 Τ,
712 2735 812 2772 quum
828 2725 871 2760 M
1003 2724 1072 2761 832
1092 2724 1217 2759 infessa
1239 2722 1278 2756 Τ.

90 2790 223 2826 Merob.
252 2793 286 2827 ct
314 2788 394 2824 Cor.
1158 2785 1206 2821 11
