1702 3060
285 161 379 207 402
690 160 874 204 NOTAE
905 158 963 201 IN
996 158 1206 201 LIBRUM
1238 158 1299 201 m

274 271 443 321 sunem;
473 279 693 316 semperque
709 265 892 316 defimcto
913 266 1045 317 aliquo
1067 273 1166 303 totws·
1184 265 1322 302 aderat
1328 265 1515 316 familiae
1536 267 1616 304 eius
1635 280 1680 318 qu
1699 287 1702 302 ι

285 337 459 374 unquam
469 323 611 372 suerat
620 321 808 371 populus.
868 321 963 372 quid
994 323 1128 358 attinet
1147 321 1362 358 exscribere
1382 320 1570 358 Senecam
1585 324 1676 359 Iuve
1700 353 1702 355 ,

284 381 414 415 nalem
442 377 623 414 Ovidium
652 384 691 413 et
717 377 813 413 alios
839 390 860 413 a
890 377 1007 426 vulgo
1028 379 1244 413 criticorum
1262 378 1395 412 citatos
1414 377 1456 412 in
1474 374 1574 412 hauc
1591 389 1672 414 rem
1700 383 1702 389 “

284 433 358 470 hoc
373 440 527 469 tantum
547 431 647 468 addo
662 461 671 478 ,
702 430 806 483 quod
824 433 1084 468 necessarium
1102 431 1192 468 huic
1213 432 1297 468 loco
1309 459 1320 478 ,
1350 429 1554 480 diligenter
1577 435 1679 468 asser

286 495 392 525 vates
418 488 464 524 ab
493 488 722 524 atriensibns
740 488 950 536 imagines,
981 493 1018 522 et
1037 488 1132 523 velis
1154 489 1314 523 intectas
1335 485 1384 522 ad
1402 486 1624 522 comitatum
1637 485 1678 522 fu

285 544 445 580 uebrem
463 542 681 592 productas.
738 549 890 592 praeter
910 542 1082 578 Plinium
1100 543 1258 578 citatum
1278 541 1437 578 Tacitus
1459 540 1599 576 Annal.
1618 542 1642 580 3
1657 541 1679 576 11
1700 571 1702 573 .

285 599 419 635 funere
452 598 694 634 Germanici:
720 597 977 646 circzcmfitsas
1004 596 1142 632 lectulo
1170 595 1420 633 Claudiorum
1439 595 1678 644 Iuliorumqu
1699 614 1702 625 ι

283 654 485 703 imagines.
546 653 642 689 Stat.
663 651 792 688 Theb.
813 654 859 698 6,
891 664 1008 702 quem
1031 658 1226 688 auctorem
1244 652 1396 687 animus
1418 648 1517 686 mihi
1535 649 1629 686 olim
1648 649 1677 685 il

283 710 444 745 lustrare
474 707 626 757 (neque
659 708 764 742 enim
794 707 896 743 ullus
927 708 1051 756 magis
1078 705 1176 742 mihi
1203 704 1365 752 arridet,
1395 712 1433 741 et
1453 703 1578 741 habeo
1603 715 1676 755 qua

283 775 361 799 non
379 768 468 798 sinit
487 762 572 797 luce
591 760 750 811 indigna
773 760 921 810 forte):
951 775 1063 797 arma
1080 763 1195 798 etiam
1214 767 1251 796 et
1267 768 1435 796 veterum
1453 759 1608 795 exuvias
1625 759 1678 794 cir

285 817 444 854 camdat
471 829 649 860 avorum,
674 816 804 866 gloria
831 817 952 852 mixta
979 816 1107 853 malis.
1168 814 1330 852 cadaver
1352 812 1491 851 deinde
1509 825 1602 862 rogo
1623 814 1677 850 im
1698 845 1702 848 .

282 872 517 922 ponebatur,
547 872 804 922 urebaturque
833 883 922 907 cum
947 871 1110 918 lectulo,
1140 871 1328 920 imagines
1356 868 1407 906 ad
1435 870 1529 906 atria
1548 868 1698 917 defere-

282 928 435 963 bantur.
492 927 674 963 Dsmsr.

394 981 459 1020 11.
509 987 671 1029 patrum
688 981 810 1029 more]
842 977 1055 1015 secundum
1079 980 1202 1015 avitos
1221 980 1330 1015 ritus.
1385 989 1568 1028 pompam
1575 976 1676 1026 fitne
1699 971 1702 974 ⁴

279 1036 388 1072 brem
407 1037 624 1084 imaginum
650 1034 831 1070 describit
850 1033 1010 1083 pulchre
1030 1034 1214 1083 Polybius
1230 1034 1329 1070 libro
1349 1034 1415 1084 qui
1432 1045 1535 1069 nunc
1554 1037 1676 1068 sextus

282 1097 383 1127 recte
426 1091 606 1139 exposuit
645 1087 743 1125 haec
778 1089 894 1124 verba
933 1095 1063 1125 auctor
1104 1087 1378 1125 Periocharum
1414 1087 1676 1136 marginalium

282 1148 442 1182 ΒΑΕ-111.
1700 1176 1702 1178 .

395 1201 460 1238 12.
517 1198 621 1233 triste
654 1198 928 1247 ministerium]
971 1198 1226 1247 virgilianum
1258 1195 1332 1233 hoc
1359 1202 1416 1233 est
1445 1197 1544 1232 Aen.
1570 1197 1595 1235 7
1627 1195 1676 1235 19

271 1253 398 1305 jbeda
418 1253 642 1288 ministeria.
702 1253 824 1288 Rmv.

393 1306 445 1343 ib.
507 1307 651 1357 latam]
700 1307 754 1343 sic
791 1306 960 1352 restitui,
1011 1319 1099 1342 cum
1134 1306 1278 1342 laetam
1310 1311 1410 1343 esset
1442 1311 1553 1342 antea
1583 1305 1674 1341 male
1698 1329 1702 1340 2

281 1365 466 1400 DsMrsr.
524 1362 647 1398 latam
664 1361 801 1397 aulam
820 1367 1011 1411 reponunt
1027 1363 1184 1398 Ruizius
1204 1368 1242 1398 et
1259 1362 1525 1410 Dempsterus,
1553 1372 1617 1396 me
1635 1362 1674 1396 in
1699 1382 1702 1387 ·

283 1420 384 1455 vito:
414 1417 518 1453 laeta
537 1418 643 1453 enim
663 1423 751 1453 ante
770 1415 844 1453 hoc
865 1422 934 1453 est.
992 1428 1083 1452 auro
1102 1422 1139 1452 et
1157 1422 1313 1466 argento
1333 1421 1371 1452 et
1386 1427 1576 1452 marmore
1592 1415 1674 1451 aliis
1688 1433 1702 1443 Ἴ

284 1486 359 1525 que
384 1473 620 1510 ornamentis
644 1473 849 1522 conspicua
874 1471 1000 1507 fuerat
1020 1471 1127 1517 aula,
1157 1470 1232 1508 hoc
1253 1477 1382 1507 autem
1402 1471 1615 1507 ministerio
1633 1469 1674 1505 ill

282 1527 420 1566 eadem
445 1529 640 1564 tristescit.
697 1526 766 1563 sed
795 1528 939 1562 mirum
965 1524 1062 1576 quid
1092 1527 1220 1563 visum
1243 1525 1360 1562 fuerit
1379 1524 1610 1562 doctissimis
1625 1522 1674 1561 ho
1701 1525 1702 1564 ἶ

282 1583 453 1620 minibus
478 1584 531 1618 ita
552 1594 708 1632 prorsus
729 1583 811 1618 sine
832 1587 924 1618 nota
948 1581 1110 1617 transire
1131 1595 1174 1620 το
1163 1577 1372 1631 feriebat.
1431 1591 1481 1616 an
1504 1580 1608 1616 triste
1626 1592 1673 1615 ma
1697 1581 1702 1620 «Ῑ

281 1639 481 1676 nis-terium
501 1636 677 1687 feriebat
701 1637 743 1672 in
770 1636 893 1672 latam
924 1635 1078 1679 aulam,
1108 1637 1317 1672 clamorem
1337 1635 1511 1671 flentium
1531 1634 1673 1671 famulo
1701 1637 1702 1640 ’

283 1706 390 1740 rum,
426 1705 543 1743 quem
563 1691 663 1728 dixit
682 1704 752 1741 per
772 1704 928 1728 omnem
945 1691 1074 1726 aulam
1098 1689 1294 1738 auditum,
1325 1687 1531 1739 designat?
1586 1695 1673 1738 pote

283 1755 341 1785 rat
362 1748 439 1784 tale
465 1745 560 1797 quid
579 1745 775 1793 exaudiri,
809 1747 841 1783 si
857 1744 1194 1796 praecedentibus,
1221 1746 1289 1782 ubi
1309 1743 1355 1780 de
1374 1745 1481 1781 luctu
1502 1744 1672 1780 ministre

282 1815 391 1848 rum,
419 1803 585 1838 insertus
612 1802 806 1850 legeretur
828 1799 892 1837 hic
919 1813 1070 1847 versuS,
1102 1801 1167 1837 vel
1191 1801 1265 1837 isto
1293 1800 1379 1836 loco
1405 1797 1453 1836 de
1476 1799 1547 1835 tali
1572 1798 1672 1849 aliqu

282 1869 409 1894 sermo
437 1862 550 1892 esset.
608 1855 854 1892 scribendum
881 1857 1103 1892 existimem
1129 1855 1273 1891 laetam
1282 1853 1468 1904 fervebat
1486 1854 1529 1890 in
1547 1852 1671 1889 aalan

282 1910 325 1952 τὸ
354 1913 396 1948 in
423 1911 562 1948 vocula
588 1923 666 1947 11011
696 1909 908 1947 secundum
937 1922 1103 1946 canonas
1132 1909 1445 1960 paedotribarmn
1467 1909 1593 1973 posita
1613 1919 1670 1944 col

284 1964 501 2016 rumpendo
520 1966 605 2002 loco
624 1965 744 2003 fuisse
763 1964 927 2001 videtur.
972 1965 1129 2014 fervere
1148 1971 1277 2001 autem
1295 1963 1551 2000 ministerium
1570 1961 1621 1998 ad
1638 1960 1670 1998 d

283 2021 489 2072 ligentiam
515 2027 554 2057 et
577 2021 750 2057 laborem
777 2020 1012 2056 famulorum
1039 2020 1218 2068 pertinet.
1276 2019 1331 2055 sic
1346 2019 1454 2054 Maro
1475 2015 1522 2054 de
1539 2017 1671 2067 apibus

273 2077 406 2127 fervet
421 2088 530 2125 opus·
592 2081 630 2111 et
651 2074 699 2111 de
718 2076 891 2111 exercitu
910 2073 1165 2111 Claudianus:
1182 2073 1316 2124 servet
1336 2074 1502 2109 cristatis
1518 2073 1670 2108 exercita

283 2131 455 2181 undique
474 2131 624 2166 turmis.
683 2131 885 2167 Petronius
896 2157 906 2176 ‚
936 2130 1144 2179 specimine
1160 2129 1255 2165 belli
1272 2129 1416 2165 civilis:
1445 2133 1670 2178 totasquepae

283 2185 411 2235 Alpes
417 2186 575 2236 fervere
600 2185 794 2222 Germano
808 2184 993 2234 perfilsa-3
1011 2184 1201 2234 sanguine
1216 2190 1376 2220 twmas.
1434 2181 1505 2220 sed
1520 2194 1608 2219 cum
1626 2194 1670 2231 pe

284 2242 403 2277 nitius
434 2241 636 2290 inspicies,
665 2247 790 2276 totum
819 2239 923 2276 hunc
948 2248 1104 2276 versum
1127 2239 1360 2289 superfluere
1388 2236 1560 2284 videbis,
1588 2242 1631 2272 ut
1655 2237 1669 2272 i

282 2294 358 2332 hoc
377 2301 532 2332 auctore
554 2295 622 2331 alii
643 2301 750 2342 sunt,
782 2301 820 2331 et
836 2307 906 2331 nos
928 2295 1020 2330 alibi
1037 2293 1306 2331 indicavimus.
1361 2293 1521 2328 ΒΑΜ-11.

398 2352 461 2390 13
517 2351 707 2400 stamina]
738 2362 930 2400 purpurea
947 2349 1130 2398 stragula.
1186 2349 1241 2386 sic
1258 2360 1328 2397 ego
1347 2347 1515 2393 restitui,
1545 2357 1634 2382 cum
1655 2345 1668 2381 i

282 2404 402 2454 priori
432 2403 600 2441 editione
629 2406 835 2449 stramina,
862 2405 1074 2454 legeretur‚
1104 2402 1209 2455 quod
1229 2414 1345 2453 quam
1362 2402 1412 2438 sit
1429 2399 1666 2438 absurdum
1653 2412 1668 2436 1

284 2458 470 2509 principis
487 2458 636 2506 funere,
657 2461 743 2510 quis
762 2472 841 2496 non
857 2459 987 2496 videt.
971 2458 990 2486 ἓ
1021 2457 1085 2494 adi
1102 2457 1152 2494 ad
1173 2460 1191 2497 1
1209 2457 1540 2496 n.13·Dm1rs·r.
1596 2461 1669 2491 stra

284 2514 392 2550 mina
410 2519 500 2550 sunt
517 2488 661 2564 tapetia
677 2515 837 2551 instrata
852 2520 918 2550 aut
936 2514 1138 2550 substrata.
1196 2509 1300 2562 quod
1324 2523 1404 2548 non
1432 2511 1533 2561 cepit
1553 2507 1668 2546 doctis

287 2569 407 2605 simus
434 2569 707 2618 Dempsterus‚
735 2567 901 2619 ideoque
914 2570 1083 2604 stamina
1099 2568 1289 2617 reposuit,
1318 2566 1435 2603 male.
1490 2563 1560 2602 sed
1583 2575 1668 2614 gem

285 2635 373 2659 mae
398 2628 488 2659 sunt
514 2621 663 2673 lapides
690 2625 868 2673 pretiosi,
907 2625 1023 2659 etiam
1052 2634 1245 2659 marmora
1281 2622 1453 2658 melioris
1477 2618 1667 2670 adspectu

284 2690 420 2714 verum
435 2678 564 2715 verius
586 2676 634 2714 de
655 2679 792 2727 tapetis
813 2679 982 2715 instratis
1006 2678 1134 2713 funeri
1153 2683 1191 2714 et
1210 2677 1380 2727 reliquae
1401 2687 1566 2740 pompae
1586 2673 1667 2723 loqi

284 2734 506 2784 Coi-ippum.
562 2745 738 2784 gemmae
757 2739 907 2782 autem,
937 2745 1032 2785 quas
1047 2731 1211 2771 viridem
1228 2733 1396 2770 Nereum
1413 2730 1564 2768 misisse
1588 2726 1663 2764 dici
