1702 3060
494 92 843 137 IOHANNIDOS
878 92 983 136 LIB.
1015 93 1092 138 111.
1451 93 1515 141 67

178 202 341 253 eripuit,
371 202 565 256 fessisque
583 203 723 254 iugum
741 201 899 241 crudele
917 201 1096 243 retraxit.

178 270 311 307 Africa
333 272 505 308 surrexit
525 273 663 309 vestris
683 277 810 308 erecta
828 270 1055 324 triumphis.

177 337 320 390 gaudia
340 345 430 390 post
447 339 576 376 luctus
594 345 721 377 terrae
741 336 916 376 donastis
935 341 1098 378 amicae.

66 405 146 449 285
177 405 272 444 dum
291 406 468 457 premitis
488 413 646 456 gentes,
676 411 804 443 totum
825 403 921 444 dum
942 407 1100 445 vincitis
1121 408 1271 456 orbem,

178 475 415 512 intremuere
431 473 506 509 feri
525 459 654 510 vestr—a
670 474 812 510 virtute
831 473 996 511 subacti.

177 541 403 578 Maurorum
420 546 513 576 tuuc
529 539 635 577 bella
657 539 796 589 duces,
826 547 920 578 tunc
937 541 1089 593 proelia
1109 543 1281 594 quisque

178 613 306 644 vestra
323 620 488 658 pavens,
517 607 650 645 alacer
665 608 798 645 frenos
821 614 860 645 et
880 610 967 646 iura
988 611 1159 648 cucurrit

176 675 364 726 priucipis
381 674 483 711 ultro
501 675 598 725 pati.
656 675 800 712 florens
817 673 916 713 haec
936 675 1079 728 gaudia
1099 677 1222 714 sensit

64 744 148 785 290
175 748 307 780 nostra
326 740 464 779 decem
482 742 601 780 tellus
613 742 756 794 plenos
774 741 909 780 laxata
925 757 1000 794 per
1018 757 1155 792 annos,

176 817 214 847 et
232 810 413 862 quamvis
429 809 576 846 fuerint
595 810 676 847 fato
695 810 869 860 pellente
887 810 1069 859 rebelles,

174 885 264 915 ante
282 878 409 928 magis
431 875 572 914 cecidit
595 890 715 929 quam
735 875 927 928 praedam
946 878 1104 915 tolleret
1126 875 1269 915 hostis.

172 958 252 982 non
268 946 413 982 mentis
429 946 626 982 consensit
641 951 737 982 tunc
754 945 886 982 Africa
904 945 1079 981 bellum:

174 1020 213 1051 te
234 1013 444 1063 vigilante,
472 1018 605 1064 pater,
635 1013 826 1063 spectavit
843 1010 1028 1049 Leucada
1050 1024 1205 1062 pugnas

62 1079 144 1122 295
172 1082 438 1131 virtutemque
453 1086 577 1118 tuam.
633 1082 899 1131 pinguescunt
914 1080 1106 1130 sanguine
1125 1079 1272 1130 campi,

173 1147 326 1186 ossibus
345 1147 570 1196 albescuut3
598 1148 794 1185 feriuntur
811 1161 971 1185 vomere
988 1154 1098 1198 rapta

173 1229 226 1254 ex
245 1213 420 1252 humeris
439 1216 566 1266 capita
587 1222 627 1253 et
645 1217 771 1268 sparsi
791 1229 864 1268 per
884 1215 1063 1266 gramina
1080 1215 1226 1252 trunci.

173 1297 265 1321 ense
285 1289 353 1320 tuo
373 1284 523 1320 cunctis
542 1291 682 1321 notum
702 1291 761 1322 est
783 1282 880 1336 quid
899 1284 1067 1334 gesseris
1088 1283 1158 1320 illo

171 1352 318 1399 Marte,
346 1351 504 1388 favente
525 1349 616 1388 deo.
670 1351 793 1387 tantis
814 1351 972 1400 signare
990 1351 1163 1400 tropaeIS

61 1422 143 1463 300
172 1420 260 1472 quis
279 1419 407 1470 potuit
428 1416 617 1468 campos?
649 1418 819 1466 ornasti,
849 1430 1016 1468 magne,
1047 1415 1239 1454 decorans

173 1493 212 1524 et
229 1486 526 1524 Solomoniacos
546 1486 695 1522 auxisti
714 1497 832 1536 saepe
850 1483 1085 1535 triumphos.

173 1567 288 1605 asper
308 1559 347 1591 et
364 1553 434 1590 ille
455 1553 579 1590 semel
599 1553 750 1589 bellum
769 1553 934 1590 tentavit
951 1551 1107 1600 laudas,

172 1629 210 1659 et
228 1622 339 1669 tulit,
369 1626 459 1658 aute
479 1627 614 1657 tamen
630 1632 790 1671 campos
810 1633 931 1672 quam
948 1617 1049 1657 vidit
1068 1626 1241 1672 apertos,

170 1696 209 1727 et
226 1687 368 1726 mediis
385 1689 544 1726 tremuit
562 1689 759 1725 Romanos
781 1701 934 1725 currere
953 1688 1078 1725 silvis.

58 1755 140 1800 305
169 1764 209 1794 at
226 1757 374 1795 Stutias
393 1769 503 1793 orsus
521 1763 653 1792 nostra
672 1754 720 1792 de
737 1761 848 1806 parte
868 1753 1060 1792 duellum.

169 1821 269 1860 haec
286 1823 424 1871 nobis,
455 1821 554 1860 haec
574 1825 632 1860 ira
651 1823 752 1873 fuit3
781 1821 881 1860 haec
901 1820 1035 1859 addi-ta
1055 1822 1177 1859 rebus

172 1904 263 1929 cura
285 1887 459 1928 nefanda
478 1892 578 1942 piis:
605 1891 759 1928 bellum
779 1891 895 1929 civile
916 1890 1076 1928 revixit.

168 1966 264 1997 tunc
280 1957 474 2010 Carthago
493 1959 621 2008 foras,
655 1958 812 2011 dirupto
834 1957 995 1997 foedere
1009 1987 1019 2007 ‚
1049 1957 1222 2010 praedas

168 2027 291 2064 sensit
312 2033 350 2064 et
367 2025 596 2074 infandum,
627 2040 708 2065 non
728 2040 855 2080 aequo
875 2028 1024 2074 Marte,
1055 2026 1262 2076 periclum.

58 2095 141 2135 310
167 2091 240 2131 sed
257 2100 390 2130 tamen
407 2092 473 2131 hic
491 2095 608 2131 celeri
627 2093 802 2132 devictus
819 2101 997 2145 tempore
1017 2095 1146 2130 cessit.

168 2159 276 2198 hunc
294 2162 536 2199 Membressa
552 2163 632 2200 suis
650 2159 750 2198 vidit
766 2174 996 2199 concurrere
1015 2162 1178 2210 camp-is,

167 2226 274 2265 huuc
295 2227 435 2265 eadem
454 2230 613 2279 petiisse
627 2229 765 2279 fugam
779 2258 789 2277 ,
821 2241 912 2265 cum
929 2229 1133 2265 maximus
1152 2225 1288 2264 hoste>

170 2294 339 2333 fudisset
354 2295 499 2334 mediis
516 2298 642 2333 victor
654 2297 868 2334 Belisarius
883 2297 1018 2334 armis.

223 2363 286 2401 Te
308 2375 467 2416 quoque
484 2376 557 2414 per
574 2362 729 2401 medias
745 2362 845 2401 vidit
862 2364 1026 2401 victoria
1046 2375 1214 2414 pugnas.

59 2483 127 2517 283
147 2482 271 2516 nostris
288 2484 321 2518 Τ
462 2484 530 2519 290
553 2483 673 2518 ducem
690 2486 722 2518 Τ
862 2486 930 2520 292
953 2477 1056 2529 preda
1077 2484 1108 2518 'l'
1243 2484 1309 2517 293
1332 2487 1412 2515 antu
1430 2487 1510 2513 tunc

61 2528 100 2561 M
116 2528 215 2561 addet
229 2528 326 2575 inops
488 2531 556 2564 297
579 2541 696 2575 sparsa
713 2531 745 2563 Τ
901 2532 968 2566 299
991 2534 1098 2565 morte
1116 2530 1148 2563 'I'
1293 2529 1361 2563 300
1383 2526 1511 2560 ornasti

62 2583 183 2616 magno
201 2572 363 2609 decorans
379 2576 429 2618 T,
452 2579 488 2609 et
502 2587 621 2619 magno
636 2587 757 2611 ornare
772 2576 896 2610 decore
915 2577 953 2611 Μ
967 2576 1113 2610 correxit
1131 2576 1159 2608 11
1307 2575 1376 2608 302
1398 2572 1512 2618 aspice

62 2617 122 2651 ine
153 2618 187 2651 Τ
316 2620 402 2656 ibid.
426 2620 522 2656 iudas
553 2622 586 2654 Τ
718 2622 788 2658 305
808 2621 932 2656 sentias
961 2633 1057 2656 orsus
1089 2622 1137 2663 T,
1169 2619 1275 2655 sensit.
1304 2630 1443 2664 prorsus
1475 2619 1514 2651 M

61 2663 134 2743 {2}
152 2663 293 2743 130·ῗέᾶὲ
303 2665 336 2699 Τ
456 2664 526 2703 309
547 2678 658 2712 equae
677 2668 709 2702 Τ
839 2668 910 2704 310
932 2667 995 2703 sed
1007 2672 1120 2702 tamen
1135 2665 1214 2711 hic]
1238 2666 1368 2699 Stutius
1383 2664 1459 2698 hinc
1474 2664 1514 2698 Μ
