1702 3060
455 123 697 170 FOGGINI
727 122 1050 168 PRAEFATIO.
1379 134 1474 165 nvn

34 237 134 277 ribus
151 235 460 290 typographicis.
516 238 668 288 Gaspar
686 234 871 275 Barthius
899 235 1098 290 (Advers.
1119 233 1149 272 l.
1176 235 1226 277 17
1253 249 1287 272 c.
1308 232 1391 285 33)
1422 231 1472 272 de

32 319 72 344 ne
93 306 181 357 ipso
205 307 476 344 testimonium
494 304 696 357 perhibet,
725 304 832 358 quod
851 318 873 342 a
890 318 1013 357 puero
1030 309 1226 356 sategerat
1245 309 1374 341 totum
1395 303 1472 341 Co-

31 373 185 426 dppum
213 388 439 423 recensere,
467 381 513 412 ut
539 375 646 426 typis
675 374 958 422 committeret,
992 372 1064 412 sed
1092 374 1135 410 in
1168 372 1366 424 proposito
1397 383 1472 408 ne-

29 453 229 494 quaquam
257 443 492 494 permansit,
523 448 562 479 et
586 440 835 479 solummodo
855 442 1013 493 plures,
1045 439 1179 479 doctas
1202 453 1297 478 sane
1316 446 1355 477 et
1376 452 1471 476 acu-

29 515 108 559 tas,
136 511 180 548 in
206 513 419 563 Corippum
445 508 805 547 animadversiones
825 510 906 547 suis
927 508 1256 547 Adversariorum
1274 508 1386 546 libris
1406 509 1472 545 111-

27 580 223 618 terseruit.
277 581 437 618 tertium
460 579 581 629 igitur
604 576 732 615 editus
761 583 820 615 est
852 578 1044 628 Corippus
1074 578 1122 614 ab
1146 575 1306 614 Andrea
1327 577 1472 613 Rivino

25 647 184 699 Lipsiae
204 659 242 684 a·
267 646 372 690 1655
385 676 396 695 ,
426 653 612 699 quartum
634 659 656 683 a
672 646 834 684 Nicolao
853 644 1114 684 Rittershusio
1136 644 1290 682 Altorfii
1307 645 1474 682 Norico-

24 727 114 752 rum
130 727 168 752 a·
187 712 314 763 1664,
346 727 391 752 ac
423 713 586 752 demum
616 716 799 767 quintum
829 714 877 752 ab
905 713 1064 751 Andrea
1090 714 1274 761 Goetzio,
1305 714 1373 765 qui
1391 714 1476 750 No-

23 783 242 834 rimbergae
270 780 419 834 degens
446 781 660 820 editionem
688 781 842 819 Nicolai
867 781 1119 820 Rittershusii
1148 785 1293 820 iterum
1319 780 1474 819 Altorfii

23 862 63 888 a.
82 849 190 893 1743
218 849 354 888 recudi
380 852 553 899 curavit,
594 848 766 887 conradi
796 850 1048 889 Rittershusii
1075 853 1108 888 I.
1141 851 1183 888 C.
1209 851 1335 897 notis,
1374 861 1473 901 quas

11 919 206 958 'Nicolaus
236 919 340 957 filius
367 920 448 956 suis
478 918 713 965 sociaverat,
758 929 850 954 cum
881 914 1126 967 autographo
1159 918 1390 967 recognitis,
1432 922 1472 954 et

21 985 261 1040 quibusdam
289 1000 310 1023 e
333 999 441 1038 penu
461 986 580 1023 etiam
603 998 673 1022 suo
694 983 978 1035 superadditis,
1010 983 1080 1021 sed
1098 997 1198 1036 quae
1218 985 1366 1022 nullius
1385 985 1470 1021 fere

20 1056 139 1107 pretii
165 1060 279 1102 sunt3
310 1066 386 1106 qua
417 1052 466 1091 de
491 1067 533 1091 re
567 1065 619 1090 ex
646 1065 692 1090 eo
727 1052 857 1090 solum
887 1053 1063 1105 aliquam
1089 1059 1263 1090 meretur
1292 1051 1469 1102 laudem,

20 1122 128 1176 quod
151 1135 296 1174 nempe
326 1134 471 1160 vocum
500 1110 677 1159 omnium
706 1120 904 1170 Iudicem,
937 1134 989 1158 ex
1014 1121 1157 1174 quibus
1175 1129 1358 1160 contexta
1378 1128 1471 1160 sunt

5 1191 181 1243 =Gorippi
211 1191 383 1228 carmina
397 1221 406 1239 ‚
435 1192 587 1242 primus
606 1188 804 1227 adiecerit.
861 1195 1016 1241 praeter
1034 1187 1107 1228 has
1128 1192 1299 1243 quinque
1326 1191 1471 1227 carmi-

18 1271 117 1297 num
147 1259 307 1310 Corippi
334 1258 526 1297 editiones
550 1259 703 1296 nullam
727 1259 821 1296 novi
843 1271 927 1295 esse
949 1258 1088 1307 aliam,
1127 1261 1200 1296 etsi
1219 1260 1352 1311 plures
1371 1259 1469 1296 alios

18 1329 113 1366 novi
144 1326 317 1365 eruditos
347 1329 542 1365 exstitisse
569 1328 697 1375 viros,
731 1328 800 1379 qui
824 1327 894 1363 illa
922 1328 1067 1364 iterum
1091 1328 1269 1379 expolire
1288 1326 1469 1365 meditati

1 1403 124 1436 ⁴sunt.
180 1395 225 1434 id
245 1397 352 1433 enim
367 1397 411 1433 in
429 1409 470 1433 se
491 1401 691 1446 receperat
713 1395 939 1444 Maltretus,
970 1397 1214 1448 asseruitque
1242 1397 1368 1433 multo
1398 1409 1468 1432 ca-

18 1466 240 1518 stigatiores
259 1477 301 1502 se
321 1477 436 1515 posse
457 1464 616 1512 Corippi
635 1463 756 1498 libros
773 1461 903 1510 edere,
922 1465 1162 1514 praeteriens
1182 1471 1317 1501 tamen
1339 1462 1470 1501 dicere

1 1547 71 1572 -an
101 1530 354 1572 solummodo
381 1542 434 1566 ex
461 1529 716 1576 coniecturis,
748 1540 799 1564 an
829 1541 923 1566 vero
954 1542 1006 1566 ex
1038 1530 1192 1582 aliquo,
1224 1531 1292 1582 qui
1314 1531 1351 1567 ei
1376 1538 1473 1569 tunc

17 1603 120 1640 forte
142 1599 369 1646 imlotuerit‚
398 1610 460 1635 ms
481 1595 628 1634 codice.
687 1608 764 1647 qua
783 1609 874 1634 vero
896 1595 945 1633 de
966 1610 1084 1634 causa
1102 1599 1341 1649 promissum
1360 1597 1472 1636 haud

19 1670 182 1710 solverit
197 1681 278 1706 non
299 1665 427 1712 subit3
456 1662 564 1716 quod
583 1677 706 1716 aeque
727 1662 877 1701 dictum
897 1666 986 1703 volo
1009 1664 1057 1702 de
1078 1667 1250 1718 Leysero
1267 1697 1276 1715 ‚
1308 1669 1397 1719 qui,
1426 1669 1471 1705 in

19 1743 232 1789 conspectu
248 1734 419 1786 corporis
435 1736 642 1784 poetarum
657 1734 889 1771 Latinorum
905 1732 1029 1771 medii
1046 1735 1146 1783 aevi,
1178 1735 1336 1786 Corippi
1351 1736 1473 1774 libros

17 1803 239 1857 refingendi
265 1815 317 1841 ex
341 1800 578 1839 editionibus
606 1803 736 1839 Ruizii
765 1814 810 1838 ac
828 1803 1053 1853 Dempsteri
1075 1816 1188 1854 spem
1207 1806 1354 1855 pariter
1376 1805 1474 1842 fecit

17 1876 242 1929 pariterque
263 1882 459 1923 nusquam
482 1871 630 1920 exegit.
689 1869 852 1908 demum
871 1884 961 1908 cum
982 1884 1086 1909 nova
1108 1870 1208 1909 haec
1229 1886 1319 1910 mea
1338 1873 1472 1912 ferve-

17 1942 88 1983 reb
107 1941 251 1989 editio,
284 1953 334 1976 eu
363 1936 464 1976 mihi
494 1939 652 1976 obviam
679 1938 722 1975 fit
745 1939 916 1976 Cornelii
937 1939 1024 1978 val.
1046 1938 1215 1978 Vonckii
1236 1943 1472 1992 opusculum

17 2011 193 2051 Traiecti
213 2007 364 2046 editum
388 2019 424 2043 a·
445 2005 573 2055 1744,
605 2009 668 2044 cui
687 2008 825 2045 titulus
851 2008 1058 2058 Specc'men
1082 2009 1273 2046 Critc'cam
1284 2038 1300 2055 ,
1330 2011 1372 2048 in
1391 2023 1469 2062 quo

17 2081 151 2134 plures
169 2080 212 2116 in
235 2077 449 2127 Corippum
469 2075 763 2114 emendationes
786 2083 1069 2128 proponuntur,
1099 2091 1173 2115 nec
1191 2093 1271 2116 11011
1289 2078 1470 2116 eiusdem

18 2147 162 2187 eruditi
187 2147 262 2185 viri
282 2145 375 2183 libri
393 2142 471 2181 duo
492 2144 727 2182 Lectionum
745 2144 988 2182 Latinarum
1011 2148 1191 2198 sequenti
1212 2160 1315 2184 anno
1339 2149 1381 2184 in
1401 2148 1468 2185 lu-

18 2226 106 2256 cem
131 2215 286 2263 emissi,
314 2213 384 2251 ubi
414 2212 512 2250 alias
539 2226 695 2266 quoque
721 2215 763 2251 iu
790 2213 963 2251 eundem
981 2216 1196 2266 Cor-ippum
1218 2214 1467 2254 emendatio-

17 2297 89 2329 nes
106 2284 320 2331 ministrat,
350 2287 629 2333 praetereaque
647 2280 850 2333 profitetur
871 2283 1085 2334 Corippum
1102 2290 1230 2321 totum
1247 2285 1465 2324 innumeris

18 2352 116 2392 locis
150 2349 459 2390 emendatiorem
485 2347 664 2398 dedisse,
696 2357 735 2387 et
752 2351 834 2387 iam
858 2351 901 2387 in
920 2354 1124 2403 procinctu
1146 2367 1230 2391 esse
1251 2360 1296 2391 ut
1314 2355 1467 2406 primus

19 2433 111 2458 cum
127 2419 309 2458 omnibus
330 2417 537 2456 doctorum
550 2418 655 2455 notis
674 2424 714 2455 et
732 2430 823 2455 cura
843 2420 963 2457 etiam
985 2434 1056 2459 sua
1084 2423 1299 2460 auctiorem
1317 2422 1465 2472 ederet,

20 2489 227 2526 consilium
241 2494 376 2524 tamen
396 2485 554 2523 differre
571 2475 705 2524 contra
722 2493 859 2524 votum
878 2486 1073 2539 debuisse,
1100 2489 1259 2528 aliunde
1277 2492 1353 2529 sibi
1370 2492 1466 2530 sub-

20 2553 114 2593 sidii
128 2568 196 2608 spe
212 2562 306 2592 nata
324 2552 376 2592 ad
396 2567 488 2592 eum
504 2555 633 2606 magis
651 2554 939 2595 exornandum.
995 2560 1150 2596 utinam
1165 2558 1367 2598 Vonckius
1386 2566 1470 2597 tam

18 2622 122 2660 ‘bene
145 2625 376 2674 conceptum.
396 2630 436 2661 et
452 2630 536 2661 tam
552 2624 709 2676 prolixe
737 2626 978 2676 promissum
998 2625 1098 2678 op'us
1118 2628 1338 2680 exegisset!
1398 2626 1469 2665 sed

19 2687 163 2726 eadem
192 2690 296 2727 mala
323 2691 506 2741 fortuna,
536 2705 614 2745 qua
636 2693 678 2729 111
699 2693 854 2733 irritum
876 2708 1028 2735 cessere
1047 2697 1221 2736 Maltreti
1241 2711 1286 2736 ac
1308 2696 1471 2749 Leyseri

18 2756 204 2807 consilia,
233 2755 310 2798 hoc
326 2772 482 2815 quoque
500 2761 615 2801 nobis
635 2760 792 2802 invidit.
