1702 3060
277 138 345 188 96
879 136 1096 183 CORlPPl

389 248 555 300 assurgit
571 248 696 286 laetus
714 257 856 297 magno
877 245 1046 283 clamore
1063 244 1250 296 magister

281 315 362 358 835
390 316 599 353 exhortans
619 314 762 360 socios,
791 325 963 363 puppem
984 314 1171 349 convertit
1189 318 1228 348 et
1246 311 1378 358 altam,

380 375 550 430 'velaque
569 379 730 430 placatis
746 378 913 415 intendit
931 390 1120 429 prospera
1134 377 1276 414 ventis.

389 447 445 483 sic
463 447 583 482 victos
603 445 766 495 populos
785 445 1002 495 praefectus
1019 458 1112 481 voce
1132 443 1279 490 refecit,

390 519 506 563 atque
523 518 650 548 truces
669 512 818 549 animos
835 511 964 548 verbis
984 509 1034 547 ad
1051 510 1198 561 proelia
1216 508 1341 545 torsit.

441 580 587 615 Bruten
607 578 647 614 in
670 575 875 615 adversum
898 579 1080 614 contorsit
1098 576 1246 613 missile
1267 574 1447 622 Paulum,

279 643 360 685 840
387 656 532 695 perque
547 643 622 680 viri
642 642 812 680 calidmn
830 645 1008 680 transivit
1022 644 1157 679 lancea
1175 648 1309 693 pectus

391 715 474 746 acta
493 716 663 745 tremens
675 737 685 755 ‚
718 710 897 760 rupitque
914 711 998 746 vias
1016 710 1212 760 pulmonis
1231 705 1376 754 anheli,

388 783 427 813 et
444 773 574 812 valido
594 774 770 824 geminas
789 776 978 824 confregit
995 776 1154 812 verbere
1173 780 1311 811 costas.

388 854 481 878 ense
500 841 590 878 ferit
608 838 735 876 laldas
753 840 981 877 miscentem
1002 842 1148 891 proelia
1166 843 1352 890 Largum.

390 907 549 944 Siuzora
570 907 834 953 Crescentem,
867 905 1113 944 Servandum
1130 913 1274 942 mactat
1291 906 1443 951 Ilasan;

278 974 359 1015 845
387 974 698 1022 Martianumque
716 979 852 1022 petens
871 974 1039 1010 infausto
1059 975 1181 1009 Marte
1200 972 1399 1009 tribunum

387 1038 623 1077 Hisdreasen
639 1039 801 1075 summis
820 1052 1025 1076 excussam
1044 1039 1190 1075 viribus
1211 1037 1365 1074 hastam

388 1107 518 1153 torsit,
549 1112 587 1142 et
606 1103 757 1141 adversi
776 1105 945 1142 frontem
965 1106 1054 1142 ferit
1074 1105 1251 1142 horridus
1267 1106 1326 1141 ira

383 1172 495 1209 fortis
519 1172 622 1223 equi.
678 1173 832 1222 sonipes
856 1172 965 1208 letali
984 1173 1145 1208 vulnere
1163 1173 1288 1208 victus

388 1239 550 1286 corruit,
580 1245 695 1289 atque
712 1236 867 1274 hastam
882 1238 1004 1274 nimio
1025 1238 1095 1274 sub
1114 1237 1285 1287 pondere
1303 1237 1434 1288 fregit.

278 1304 359 1346 850
388 1305 584 1354 consurgit
599 1305 717 1340 velox
737 1316 879 1353 magna
899 1305 1039 1340 virtute
1057 1304 1247 1351 tribunus,

390 1372 533 1407 amisso
551 1382 624 1406 nec
644 1370 787 1406 fractus
809 1382 908 1420 equo
929 1370 1153 1420 campisque
1173 1369 1352 1421 pedester

387 1437 557 1473 constitit
580 1442 618 1471 et
640 1435 752 1484 galea
772 1436 897 1472 celsus
917 1436 1118 1486 clipeoque
1137 1437 1302 1479 refulsit.

387 1510 426 1539 at
446 1503 551 1539 ferus
575 1500 811 1538 Hisdreasen
830 1503 917 1538 visu
939 1502 1187 1539 tremefactus
1208 1500 1347 1538 eodem

388 1568 577 1604 continuit
597 1580 701 1614 sese,
729 1568 835 1604 solus
852 1574 1000 1604 tentare
1016 1581 1089 1605 nec
1110 1566 1263 1604 hostem

276 1634 356 1676 855
385 1647 501 1671 ausus
519 1640 620 1670 retro
638 1632 751 1670 redit.
806 1634 913 1671 nudo
937 1641 1029 1671 tuuc
1048 1648 1140 1671 ense
1156 1635 1334 1671 tribunus

383 1701 612 1752 insequitur.
669 1698 859 1736 domitum
879 1701 1022 1738 ferrata
1044 1701 1147 1737 calce
1167 1701 1337 1750 fatigans

386 1765 621 1803 Hisdreasen
641 1767 822 1803 contorsit
843 1780 1007 1818 equum,
1037 1768 1262 1818 sociumque
1278 1779 1348 1817 per
1361 1778 1501 1816 agmen

385 1831 576 1881 effugiens
596 1831 770 1882 trepidus
790 1831 919 1869 densis
941 1846 982 1870 se
1001 1834 1157 1869 miscuit
1176 1833 1307 1869 armis.

384 1905 427 1935 ut
447 1911 538 1934 vero
555 1899 624 1934 ille
644 1910 810 1949 sequens
831 1905 1027 1935 auctorem
1047 1900 1234 1949 attingere
1249 1898 1320 1935 teli

273 1967 355 2007 860
382 1977 462 2002 non
482 1965 608 2014 potuit
620 1991 631 2011 ,
659 1963 835 2000 medium
854 1966 989 2002 sternit
1005 1977 1189 2001 mucrone
1206 1965 1429 2013 Merasgun,

382 2030 658 2081 Suartifanque
677 2043 793 2081 super
811 2032 997 2079 celerem,
1027 2032 1234 2077 Montana,
1266 2028 1509 2067 Gannasdrun

383 2097 546 2146 eripuit3
575 2104 817 2149 mortemque
839 2098 959 2134 miser
979 2098 1146 2147 suscepit
1163 2098 1337 2146 Isaguas.

382 2162 474 2200 inde
494 2163 626 2200 furens
646 2165 768 2200 victor
788 2165 899 2200 victis
918 2164 1018 2214 rapit
1035 2162 1210 2200 hostibus
1230 2175 1338 2200 arma

382 2227 580 2276 turbidus,
611 2235 649 2265 et
669 2230 781 2266 sociis
802 2230 996 2278 fugientes
1016 2231 1179 2266 conserit
1199 2228 1319 2266 hastis

273 2292 353 2335 865
381 2306 470 2330 acer
489 2301 526 2330 et
544 2294 772 2345 intrepidus.
830 2301 1050 2332 sternuntur
1068 2308 1225 2346 corpora
1241 2295 1388 2346 passim
1483 2341 1486 2343 Α

384 2358 504 2396 densa
525 2362 652 2396 virum
668 2360 918 2414 alipedesque
939 2362 1077 2409 simul,
1109 2375 1204 2413 quos
1223 2362 1370 2398 missile
1387 2365 1530 2398 tortum

382 2426 552 2473 invenit,
580 2425 731 2463 medios
752 2440 842 2464 casu
865 2427 959 2464 dum
977 2430 1093 2465 currit
1109 2429 1150 2464 iu
1171 2427 1316 2465 hostes.

433 2493 486 2528 At
501 2493 635 2542 procul
653 2494 813 2530 Antalas
831 2494 933 2530 celso
953 2493 1001 2530 de
1022 2495 1119 2530 colle
1137 2493 1293 2530 videbat

381 2559 510 2594 omnia
532 2558 783 2608 prospiciens.
838 2571 931 2595 nam
951 2572 992 2596 se
1013 2560 1250 2596 committere
1271 2558 1406 2609 primis

269 2653 335 2689 835
359 2657 394 2687 et
409 2664 515 2689 arcem
533 2653 565 2687 Τ
649 2654 716 2688 836
737 2653 890 2698 bellaque
906 2654 1042 2700 placidis
1061 2656 1093 2690 T
1178 2655 1260 2690 ibid.
1284 2654 1393 2690 nautis
1412 2656 1444 2690 Τ
1528 2655 1596 2692 837
1613 2665 1692 2701 pre-

267 2704 380 2733 uectus
399 2700 432 2734 Τ
558 2699 624 2734 869
647 2700 743 2742 nam]
767 2710 831 2732 non
847 2699 896 2736 M.
1618 2703 1620 2706 ⁴
