1702 3060
460 110 823 158 IOHANNIDOS*
846 113 953 159 LIB.
986 115 1023 160 1.
1411 111 1472 160 41

131 223 207 264 hos
227 222 311 263 dux
331 225 512 277 egregius
531 226 641 264 iubet
657 223 759 264 intra
779 232 882 266 tecta
900 228 1046 276 vocari,

16 287 106 338 465
133 300 251 346 atque
269 295 414 333 referre
432 297 536 333 viros
555 296 664 333 saevi
681 293 867 332 mandata
884 296 1057 347 tyranni.

130 369 226 401 tunc
239 392 249 412 ,
281 365 344 401 cui
362 365 563 401 Romanae
582 365 711 401 filet-at
728 361 914 400 facundia
938 364 1112 414 linguae,

131 431 262 470 iussus
279 434 440 471 Maurus
458 434 526 471 ait.
580 427 864 483 “Languantan
885 433 1014 481 gentis
1035 431 1200 468 acerbae

133 497 274 539 ductor
291 500 568 551 magnanimus
587 501 660 538 tibi
681 513 753 538 nos
764 529 775 548 ‚
806 499 1024 536 Guenfeius
1042 497 1159 536 heros

131 569 317 617 Antalas‚
345 566 445 605 haec
458 568 560 606 ferre
579 569 701 606 iubet.
758 573 803 605 tu
820 580 985 618 nempe,
1015 565 1227 614 Iohannes,

19 629 104 678 470
133 649 254 688 quem
269 637 380 675 novit
398 636 571 688 Massyla
589 650 730 675 manus
750 636 975 674 Solomonis
995 635 1122 687 iniqui

130 709 328 756 tempore,
363 702 446 742 dux
462 707 606 744 nostris
624 706 756 744 fueras
774 707 842 757 qui
859 704 1065 756 proximus
1083 703 1163 740 cris

129 772 361 824 vicinaeque
380 775 500 812 maris
519 772 724 826 quondam
742 779 918 811 servator
937 784 1093 820 arenae,

129 851 210 877 non
231 839 525 879 Solomoniacas
546 841 691 879 audisti
710 843 837 878 Marte
859 846 1036 878 catervas

129 911 188 944 tot
205 909 352 959 pariter
369 908 556 948 cecidisse
575 910 707 961 gravi,
738 922 815 962 qua
835 909 998 946 fiumina
1016 903 1128 944 clade

18 969 99 1015 475
126 973 311 1026 impleret
332 978 510 1015 Romana
531 991 693 1027 manus,
725 978 954 1028 campisque
974 973 1169 1026 perempti

129 1049 227 1094 quot
243 1046 363 1082 vestri
382 1046 536 1082 iacuere
557 1047 653 1094 viri,
685 1043 857 1082 ductoris
877 1050 916 1081 et
930 1045 1073 1094 ingens

127 1111 296 1149 exitium
311 1126 384 1164 per
400 1113 505 1150 bella
522 1109 603 1152 t‘ui.-
651 1120 698 1152 tu
717 1113 900 1165 gentibus
921 1110 1046 1149 audes>

127 1179 283 1218 invictis
301 1180 447 1218 inferre
466 1181 657 1220 manum?
714 1195 798 1220 non
818 1187 987 1235 quantus
1006 1180 1186 1230 Ilasguas

126 1253 244 1286 notus
261 1249 389 1286 Marte
404 1249 477 1286 tibi
490 1279 500 1298 ‚
531 1263 651 1302 quem
669 1255 826 1287 tantum
843 1250 951 1286 fama
969 1248 1154 1299 perennis

0 1309 98 1356 Ι480
125 1315 253 1366 prisca
273 1315 406 1355 canit?
465 1319 575 1355 cuius
592 1321 674 1355 iam
690 1318 958 1355 Maximianus
975 1318 1019 1353 in
1037 1317 1156 1353 arnfis

125 1384 306 1436 antiquos
322 1387 516 1436 persensit
536 1399 630 1424 avos
641 1415 651 1434 ‚
680 1387 858 1423 Romana
874 1398 946 1435 per
961 1383 1099 1421 orbem

127 1458 280 1504 sceptra
299 1459 460 1502 tenens,
490 1455 593 1491 Latii
611 1451 822 1504 princeps?
881 1458 926 1488 tu
948 1452 1075 1488 milite
1096 1461 1232 1501 parvo,

126 1520 208 1557 iam
226 1522 417 1571 periture,
448 1535 559 1560 meas
581 1520 703 1559 audes
722 1521 787 1558 vel
808 1532 966 1557 cernere
984 1525 1134 1555 turmas
1146 1515 1166 1554 ’ἔ

128 1594 197 1625 aut
216 1590 361 1640 poteris
382 1588 546 1627 sufferre
565 1602 707 1626 manus
723 1589 945 1639 faciemque
964 1588 1141 1624 virorum

15 1652 97 1697 485
126 1657 291 1707 aspicies
313 1659 484 1708 campis,
517 1656 654 1694 ductor
673 1658 872 1703 Romane,
902 1652 1112 1693 meorum?

126 1725 223 1776 quin
242 1726 373 1776 potius
393 1732 576 1764 converte
594 1723 761 1776 pedem,
790 1725 856 1762 vel
875 1730 1032 1774 sumpta
1056 1729 1270 1760 retrorsum

123 1793 237 1843 signa
256 1793 379 1842 refer,
409 1800 654 1846 mortemque
675 1806 784 1830 cave.
843 1793 902 1830 sin
922 1791 1072 1843 proelia
1093 1804 1253 1828 mecum

123 1862 279 1898 mittere
299 1875 414 1912 posse
431 1868 568 1913 putas,
600 1863 634 1900 si
654 1868 694 1899 te
713 1863 826 1898 iuvat
842 1862 900 1898 ire
922 1859 994 1897 sub
1014 1859 1176 1896 umbras

124 1936 242 1982 atque
263 1928 348 1967 dies
363 1942 547 1981 suprema
560 1937 699 1978 vvocat,
732 1943 800 1966 cur
820 1930 932 1980 signa
952 1928 1097 1978 fatigas
1107 1924 1127 1963 ’ἔ

15 1994 98 2039 490
126 1998 245 2036 verba
266 1999 421 2036 remitte
443 1996 563 2047 mihi,
595 2011 695 2050 quae
718 1999 769 2035 sit
786 2003 854 2034 tua
876 2003 981 2034 certa
1002 1996 1210 2044 voluntas3

128 2072 167 2103 et
183 2067 299 2103 venio
317 2079 551 2119 quocunque
569 2067 678 2104 voles
689 2096 699 2115 ‚
729 2079 804 2103 nec
821 2066 903 2102 fata
922 2064 1121 2102 morabor.

123 2131 223 2171 haec
241 2133 428 2173 mandata
448 2134 557 2173 dedit
577 2134 715 2173 ductor
731 2134 968 2172 fortissimus
989 2134 1073 2170 ille.

124 2208 188 2251 tu,
220 2215 475 2255 quaecunque
496 2204 654 2255 placent
677 2204 809 2240 animo
824 2232 834 2250 ,
865 2214 1051 2253 responsa
1075 2193 1274 2237 remitte.’'

179 2271 296 2308 Tunc
314 2271 493 2322 placidus
512 2273 700 2322 gravitate
724 2284 794 2308 sua
814 2283 888 2307 nec
908 2274 1037 2305 motus
1057 2268 1100 2304 in
1116 2265 1251 2307 hostes

13 2335 96 2381 495
125 2335 262 2376 ductor
279 2340 334 2376 ait
356 2333 484 2377 “mihi
504 2352 610 2376 nunc
628 2352 745 2377 saevo
764 2349 951 2389 responsa
971 2336 1116 2373 referre

123 2418 206 2444 non
225 2419 323 2458 opus
347 2408 406 2445 est
424 2406 542 2445 hosti.
602 2409 715 2446 certis
734 2413 825 2445 sunt
845 2408 920 2443 ista
941 2403 1080 2442 diebus

123 2474 357 2513 maturanda
379 2474 479 2512 mihi
499 2476 607 2515 saevi
624 2473 811 2512 mandata
829 2475 1001 2525 tyranni.
1036 2525 1040 2529 V

15 2604 83 2640 464
106 2607 263 2652 egregios
280 2609 313 2643 Τ
397 2609 466 2645 465
489 2609 562 2644 seni
579 2610 612 2643 Τ
699 2607 768 2643 467
790 2606 933 2641 Maurus
950 2606 1000 2649 M,
1024 2617 1158 2641 maccus
1175 2606 1208 2642 Τ
1295 2605 1363 2640 469
1386 2603 1468 2638 ami-

15 2651 101 2684 unas
120 2653 170 2694 Τ,
206 2652 293 2688 idem
306 2656 330 2690 2
346 2654 388 2690 31
405 2656 569 2699 animas,
597 2656 619 2690 3
637 2655 682 2689 73
699 2654 842 2698 amtale,
865 2654 888 2688 3
909 2654 972 2687 109
989 2653 1110 2687 antea.
1273 2651 1340 2685 478
1364 2661 1472 2694 quan-

14 2702 85 2730 ²¹¹¹¹
100 2697 228 2742 „agn”
247 2699 280 2732 Τ
421 2702 488 2736 479
512 2708 626 2737 notum
643 2706 696 2735 est.
710 2700 753 2735 M
902 2700 969 2736 485
991 2710 1066 2733 nam
1087 2700 1119 2734 Τ
1253 2695 1321 2733 484
1345 2697 1475 2730 sacena-

15 2753 82 2788 que
99 2743 132 2776 Τ
265 2743 332 2781 487
354 2746 462 2782 refers
479 2748 519 2783 Τ.
