1702 3060
248 178 312 224 48
856 170 1074 215 CORIPPI

251 289 332 328 120
359 293 450 324 tunc
462 314 472 333 ,
506 280 728 323 Velanideis
750 286 909 319 verrunt
929 281 995 333 qui
1014 285 1150 330 stagna
1169 278 1316 327 faselis,

361 356 594 389 conveniunt
610 350 765 400 populi,
795 349 862 401 qui
881 354 1038 385 currunt
1055 354 1135 383 arte
1152 359 1222 397 per
1237 357 1392 398 aequor,

358 418 497 454 infixos
514 417 691 453 tremulis
710 418 896 452 iactantes
914 415 1082 465 piscibus
1100 411 1254 452 hamos.

355 484 515 521 Barcaei
535 484 647 520 solito
666 489 801 519 curant
820 482 966 518 saevire
983 482 1132 517 surore:

357 548 560 586 deseruere
579 562 689 596 suas,
720 555 758 585 et
774 554 924 585 nostras
943 559 1127 598 quaerere
1145 552 1267 583 terras

249 617 326 658 125
354 617 558 665 incipiunt.
613 613 675 652 his
697 627 803 651 arma
819 614 928 650 furor
945 614 1166 664 bellumque
1182 611 1375 649 ministrat

357 688 396 718 et
415 694 536 731 genus
556 694 641 719 acre
660 683 767 718 viris.
824 681 966 730 clipeos
987 679 1216 731 gladiosque
1232 679 1403 716 minaces

355 761 435 784 non
455 748 568 784 solito
587 748 735 782 vinctos
752 746 882 793 lateri,
912 745 982 783 sed
1001 746 1164 784 circulus
1183 746 1304 782 ambit

358 815 622 864 perstringens
641 811 858 858 modicum,
889 814 1115 863 complexus
1129 811 1288 850 brachia
1305 824 1413 863 gyro,

357 881 595 930 vaginasque
615 885 748 929 aptant
764 875 879 914 nudis
894 877 1065 927 pendere
1079 879 1248 916 lacertis.

251 950 330 988 130
356 959 429 982 nec
449 947 602 982 tunicae
621 945 784 981 manicis
807 950 945 980 ornant
965 957 1035 981 sua
1052 943 1211 981 brachia
1228 943 1368 980 Mauri.

356 1014 473 1050 insita
490 1025 568 1048 non
585 1012 676 1048 ullis
694 1011 935 1060 stringimtur
953 1011 1108 1060 cingula
1125 1011 1268 1059 bulli53

360 1078 615 1129 discinctique
635 1078 737 1114 feras
756 1078 904 1127 agitant
922 1078 962 1112 in
982 1078 1129 1127 proelia
1150 1083 1311 1124 turmas,

358 1146 526 1196 binaque
543 1142 766 1195 praevalido
787 1149 942 1193 portant
957 1142 1112 1180 hastilia
1129 1144 1247 1181 ferro.

356 1210 515 1249 horrida
534 1211 748 1248 substrictis
769 1208 992 1260 dependens
1011 1210 1162 1260 tragula
1179 1209 1365 1246 membris

250 1278 329 1321 185
356 1291 411 1316 ex
427 1277 602 1314 humeris
622 1275 789 1313 demissa
804 1277 918 1313 iacet.
973 1283 1066 1312 tunc
1088 1277 1207 1313 lintea
1222 1283 1367 1312 tetrum

358 1345 463 1395 palla
482 1349 597 1393 caput
618 1343 792 1391 stringit,
822 1341 925 1379 nodo
945 1341 1102 1379 suffulta
1120 1344 1259 1390 tenaci,

358 1410 555 1462 crudaque
575 1408 646 1445 sub
668 1409 779 1457 nigra
801 1409 999 1445 calcantur
1014 1410 1184 1445 Maurica
1204 1409 1352 1459 planta.

414 1474 668 1513 Marmaridas
689 1480 824 1524 gentes
841 1480 897 1511 tot
918 1475 1077 1524 pertulit
1092 1475 1223 1511 Africa
1238 1475 1374 1512 bellis:

356 1544 444 1595 quis
464 1545 647 1580 miseram
670 1553 871 1590 superesse
891 1547 1001 1590 putet
1012 1538 1031 1577 '3
1088 1553 1166 1577 non
1185 1540 1328 1578 sufficit
1345 1540 1461 1586 istud,

254 1610 332 1651 140
359 1624 383 1647 o
403 1607 553 1660 superi!
611 1609 691 1644 iam
709 1606 840 1644 audax
858 1607 1014 1643 alteruis
1034 1608 1156 1656 surgit
1174 1607 1221 1643 ab
1242 1608 1319 1645 oris

361 1677 522 1714 adversa
543 1673 590 1710 de
607 1681 715 1724 parte
733 1674 904 1711 fremens
922 1672 1004 1710 dux
1019 1673 1087 1711 ille
1105 1675 1248 1722 ruinas,

360 1755 458 1794 quas
475 1742 534 1778 illi
552 1743 727 1778 Romana
741 1753 880 1777 manus
898 1754 969 1790 per
984 1741 1144 1777 vulnera
1164 1741 1298 1778 Martis

360 1814 449 1844 ante
467 1805 594 1843 dedit:
623 1813 772 1843 tantam
787 1805 878 1844 inde
896 1808 1001 1844 ferus
1018 1820 1122 1844 nunc
1143 1807 1291 1857 colligit
1310 1807 1421 1845 iram.

361 1875 588 1911 innumerae
607 1880 741 1924 gentes
761 1874 875 1910 illum
891 1874 1122 1910 comitantur
1141 1880 1311 1922 euntem,

255 1939 332 1981 145
361 1953 460 1992 qnae
484 1940 682 1990 geminam
698 1941 853 1979 Petram
865 1969 875 1987 ‚
906 1952 1005 1991 quae
1023 1940 1215 1990 Zerquilis
1234 1938 1391 1978 horrida
1411 1954 1510 1987 nura,

361 2020 539 2059 quaeque
558 2005 727 2043 nefanda
746 2007 875 2043 colunt
890 2007 1010 2044 tristis
1029 2012 1212 2043 montana
1230 2007 1376 2044 Navusi

360 2073 609 2125 desertosque
631 2074 758 2121 locos3
787 2074 908 2110 nutrit
925 2086 1020 2124 quos
1038 2070 1193 2110 horrida
1211 2072 1327 2110 tellus

360 2141 525 2190 Arzugis
547 2138 754 2177 infandae:
783 2146 932 2176 veteres
949 2140 1003 2176 sic
1016 2138 1174 2176 nomine
1192 2135 1340 2176 dicunt·

360 2207 590 2242 Aurasitana
607 2219 746 2242 manus
766 2206 876 2242 celsis
899 2204 1098 2242 descendit
1115 2205 1161 2242 ab
1179 2204 1272 2242 oris.

254 2267 334 2313 150
358 2284 436 2307 non
456 2270 576 2322 pedes
594 2273 662 2308 illa
680 2278 807 2322 potest
826 2273 926 2310 acies
945 2273 986 2309 in
1004 2273 1108 2309 bella
1125 2272 1270 2318 venire,
1286 2295 1291 2303 1

360 2336 581 2388 praevalide
600 2337 670 2375 sed
686 2345 834 2389 pugnat
857 2351 986 2390 eques.
1043 2345 1134 2375 tunc
1152 2339 1287 2374 lancea
1305 2335 1451 2388 duplex

362 2405 580 2455 iuniperum
598 2404 699 2442 ferro
718 2404 889 2442 validam
907 2405 1053 2455 suffigit
1072 2411 1206 2451 acut03

361 2478 543 2523 ceti-aque
564 2483 679 2521 saepe
698 2471 795 2508 levis
815 2470 910 2509 duro
930 2473 1029 2510 iacet
1047 2470 1204 2510 horrida
1223 2468 1337 2507 dorso
1395 2507 1399 2510 .

257 2601 321 2636 123
342 2613 388 2634 an
404 2600 566 2635 currunt?
700 2601 765 2635 126
787 2603 839 2634 est
852 2602 895 2635 M
1023 2601 1105 2635 ibid.
1130 2600 1235 2634 uirum
1251 2599 1291 2634 Μ
1425 2601 1489 2636 132
1510 2599 1676 2634 discincti-

255 2657 321 2690 que
329 2647 370 2687 Ia,
385 2647 476 2692 apud
485 2646 525 2679 M
533 2644 756 2690 distinctique.
856 2645 920 2680 134
935 2647 1073 2689 sargula,
1087 2650 1126 2680 ut
1141 2647 1215 2680 181.
1312 2645 1395 2680 ibid.
1409 2657 1470 2690 pro
1484 2645 1634 2680 membris
1646 2645 1676 2678 Ι,

255 2691 347 2726 loris.
483 2691 547 2726 137
570 2690 716 2725 calcatur
733 2690 764 2722 Τ
898 2691 960 2725 141
986 2691 1054 2724 dux
1069 2691 1128 2735 M,
1151 2690 1249 2724 dulce
1267 2691 1301 2725 Τ
1424 2691 1487 2726 145
1509 2690 1628 2737 gemini
1645 2691 1677 2723 Τ

257 2735 320 2770 149
342 2735 519 2771 aurinitana
537 2735 568 2767 Τ
701 2735 764 2769 153
788 2739 901 2770 cetura
917 2747 998 2780 sepe
1014 2737 1054 2770 Τ.
