1702 3060
454 113 531 155 DE
564 111 837 156 LAUDIBUS
869 109 1090 156 IUSTINI.
1396 108 1499 158 429

48 233 110 260 ms
128 221 347 274 legeretur:
375 235 499 260 aurea
517 229 554 259 et
571 229 736 260 auratas
752 223 879 259 crines
895 223 1119 273 criptasque
1132 220 1325 259 rubentes.
1357 235 1497 260 verum

47 292 102 317 ex
116 279 188 316 illo
202 279 422 330 virgiliano
439 280 540 316 Aen.
559 282 608 320 3:
638 286 674 315 et
690 292 832 316 conum
849 279 1018 330 insignis
1034 278 1178 329 galeae
1195 279 1411 330 cristasque
1430 293 1496 316 eo-

45 342 224 381 mantes,
255 342 373 387 atque
396 336 519 373 altero
547 336 590 371 in
618 337 666 374 9:
693 336 825 385 ipsum
850 334 967 372 illum
986 334 1166 385 elypeum
1191 337 1407 386 cristasque
1425 349 1496 374 ru-

46 389 194 437 bentes,
222 391 340 429 facile
371 392 486 428 nobis
517 389 679 428 tandem
702 390 890 428 indubiae
912 393 1232 443 certissimaeque
1255 393 1502 430 coniecturae

39 447 119 490 {lux
135 446 332 500 quaedam
351 446 511 484 effulsit.
540 449 663 484 Rmz.
720 447 822 484 bene
840 448 1066 484 restitutum
1086 450 1314 498 cristasque.
1365 449 1502 485 maxi-

38 513 134 541 mus
152 504 310 555 Lipsius
329 503 371 540 in
386 505 528 540 militia
548 505 740 542 Romana.
799 502 1039 541 Claudianus
1061 502 1110 541 de
1131 503 1158 544 4
1178 506 1328 542 Honor.
1354 517 1499 543 consu-

40 558 151 602 latu:
181 559 326 599 rutilus
348 561 476 601 cristis·
498 566 534 595 et
552 560 704 596 casside
726 561 864 596 maior.
925 561 1113 598 Dssmrs’r.

153 615 251 657 242.
308 615 488 666 lanceas]
518 615 711 652 mendum
739 622 818 663 est,
857 614 930 653 sed
958 617 1021 653 cui
1049 629 1122 667 ego
1149 614 1351 653 medelam
1380 614 1499 654 adhi-

38 671 136 715 ,bere
151 684 233 708 ιιοιι
250 684 426 722 possum.
469 671 571 708 forte
593 678 651 709 est
671 673 910 723 synaeresis,
942 685 1044 724 quae
1063 686 1149 710 raro
1169 671 1246 710 hoc
1264 672 1382 710 modo
1402 686 1499 710 con-

41 728 173 779 fingit.
199 729 388 766 Dsmrs‘r.
445 734 539 764 nota
562 728 778 779 συνίζησιν.
806 730 930 766 Βιττ.
988 728 1171 766 hocloco
1193 730 1338 767 frustra
1360 743 1499 767 emen-

41 781 244 823 dationem
261 789 386 822 tentat
404 784 676 835 Dempsterus.
732 786 893 823 Vorcx.

38 878 42 882 ,
153 838 249 882 244·
307 840 427 877 aliud
449 840 625 892 caelum]
657 838 779 880 ἄλλον
801 837 831 892 ἢ
853 840 986 891 ἕτερον
1009 836 1206 891 οὐρανόν,
1234 839 1276 877 id
1305 847 1363 878 est
1387 840 1497 878 caelo

30 895 182 934 simile.
243 897 300 934 sic
318 894 436 944 ἄλλος
455 896 652 950 Ἡρακλῆς
669 896 812 934 dicitur
829 899 897 949 qui
916 897 1078 934 Herculi
1096 899 1237 934 similis
1261 903 1319 934 est
1341 898 1494 935 robore.

33 953 98 991 ⁴tic
117 954 196 990 alia
214 951 266 991 ad
285 951 454 989 eandem
470 954 616 990 faciem
634 951 737 990 dicta
757 954 906 1004 passim
927 954 1112 1004 reperias.
1170 955 1297 990 Rrr‘r.

36 1046 45 1050 ,.
151 1009 248 1050 253.
305 1022 470 1046 caveam
496 1007 562 1046 hic
587 1022 659 1059 pro
686 1016 870 1054 caveant,
900 1008 1007 1062 quod
1037 1022 1246 1060 perperam
1272 1010 1492 1060 legebatur,

31 1066 288 1116 seposuimus
307 1064 432 1103 adiuti
450 1065 606 1115 Virgilii
623 1066 797 1102 camnine
817 1067 918 1102 Aen.
933 1064 980 1105 5:
1011 1065 1077 1102 hic
1097 1072 1220 1102 totum
1239 1079 1381 1103 caveae
1399 1079 1496 1102 con-

28 1134 187 1159 sessum
215 1122 405 1173 ingentis,·
435 1120 542 1173 quod
567 1122 707 1172 procul
733 1120 852 1158 dubio
884 1122 1076 1172 Corippus
1103 1119 1180 1158 hoc
1206 1122 1292 1159 loco
1317 1123 1498 1159 imitatus.

39 1184 113 1215 est.
141 1178 264 1215 Rurz.
323 1184 426 1215 recte
448 1185 665 1214 correctum
688 1191 869 1223 caveam,
897 1178 1109 1214 manifesto
1135 1190 1277 1215 sensu:
1305 1190 1400 1215 nam
1425 1191 1494 1215 ca-

38 1246 112 1272 vea
129 1233 239 1271 locus
256 1234 361 1271 feras
378 1234 602 1284 spectaculo
624 1232 838 1271 destinatas
859 1232 1100 1271 asservandi.
1131 1250 1134 1252 ’
1150 1234 1249 1271 Stat.
1269 1234 1368 1271 Silv.
1385 1237 1414 1275 2
1441 1233 1492 1274 5:

23 1296 119 1327 -stat
139 1290 300 1327 cat-cline
322 1298 456 1340 aperto
477 1289 619 1341 infelix
644 1303 780 1327 cauea.
841 1290 932 1327 silv.
958 1290 980 1329 1
1003 1290 1075 1326 ult.
1107 1288 1274 1341 (omitto
1296 1289 1419 1327 libros
1443 1288 1495 1326 de

13 1354 20 1364 ·
37 1358 85 1383 ea
107 1359 148 1383 re
169 1344 434 1398 compositos)
464 1359 550 1382 ecce
569 1353 702 1383 autem
723 1359 866 1384 caveas
885 1344 991 1382 subit
1003 1359 1080 1395 per
1099 1359 1244 1382 omnes.
1303 1347 1496 1384 Dssmrsr.

22 1396 25 1401 Δ
149 1402 247 1444 254.
304 1415 392 1440 mos
423 1400 489 1439 hic
521 1410 700 1453 receptus
726 1403 770 1439 in
799 1402 1033 1453 spectaculis
1061 1401 1245 1450 ludicr1s,
1274 1409 1317 1439 ut
1345 1403 1495 1440 bestiae

17 1457 282 1502 „introductae
309 1459 351 1497 in
381 1470 542 1495 arenam
563 1471 729 1495 cernuae
749 1458 1052 1509 procumberent
1073 1464 1111 1494 et
1130 1459 1329 1509 principes
1350 1457 1495 1496 adara-

10 1513 24 1547 7'
36 1520 137 1551 rent.
195 1514 444 1552 doctissimus
473 1515 703 1554 mortalium
729 1515 930 1552 Marcilius
947 1513 996 1551 ad
1015 1515 1162 1551 librum
1178 1515 1492 1565 spectaculorum

6 1570 207 1620 Martial.
229 1585 290 1622 ep.
314 1573 386 1613 17:
417 1571 527 1621 quod
535 1572 634 1621 pius
655 1578 691 1607 et
710 1570 878 1621 supplex
895 1570 1054 1620 elephas
1073 1577 1127 1616 te,
1149 1571 1313 1616 Caesar,
1330 1571 1488 1608 adorat.

6 1614 221 1667 *Βὲιηετκ

0 1670 44 1724 ’ἃ
148 1685 244 1726 258.
300 1682 465 1720 ultimus
482 1681 610 1721 editor
637 1682 861 1735 (Goetzius)
891 1682 1091 1720 substituit
1111 1680 1136 1722 o‘
1150 1679 1279 1732 πάνυ,
1311 1683 1493 1734 terfizcze

7 1724 210 1791 J‘suspexit
234 1738 368 1776 Avar.
430 1746 470 1776 at
492 1741 527 1777 si
544 1738 754 1776 Menandri
774 1745 960 1790 excerpta
980 1739 1256 1787 consuluisset,
1286 1739 1395 1776 facili
1414 1753 1492 1776 ne·-

34 1797 141 1851 gotio
152 1797 351 1847 potuisset
366 1795 680 1833 animadvertere
695 1809 843 1832 nomen
857 1797 999 1833 Avaris
1016 1796 1161 1843 latere,
1192 1797 1260 1847 qui
1277 1796 1489 1846 legationis

31 1852 217 1905 princeps
233 1850 284 1889 ad
299 1853 495 1889 Iustinum
513 1853 658 1890 missus
677 1852 827 1899 fuerat3
857 1859 975 1903 atque
994 1850 1094 1889 adeo
1114 1850 1367 1889 scribendum
1394 1853 1490 1888 Ter-

0 1906 156 1978 ’gilius
172 1908 239 1945 vel
265 1909 467 1959 'l'argitius
484 1910 659 1959 suspexit
673 1909 806 1945 Avar.
839 1906 931 1945 vide
950 1907 1227 1945 Menandrum.
1285 1908 1446 1946 VoncK.

77 1963 82 1968 “
146 1962 202 2001 ib.
273 1965 472 2016 Targites]
498 1965 658 2002 tribus
646 1978 688 2002 ιιι
708 1965 807 2002 locis
827 1964 1027 2015 Excerpta
1045 1963 1252 2001 Menandri
1275 1963 1324 2000 de
1345 1964 1488 2014 legatis

0 2013 210 2067 -2'Avarum
235 2018 287 2057 ad
307 2022 504 2059 Iustinum
530 2027 671 2072 agunt,
701 2020 774 2058 sed
795 2022 1030 2072 posteriores
1055 2019 1133 2058 duo
1166 2019 1216 2057 ad
1240 2033 1362 2057 unam
1387 2032 1486 2057 ean·-

9 2073 204 2128 ‘demque
226 2077 391 2114 alteram
409 2078 650 2144 legationem
668 2077 879 2114 manifesto
898 2078 1109 2128 pertinent.
1168 2077 1360 2127 Corippus
1380 2077 1487 2113 cele-

31 2129 122 2171 brat
149 2133 339 2183 primam,
370 2131 420 2171 de
448 2147 526 2186 qua
545 2135 587 2170 in
607 2135 736 2184 primo
754 2135 952 2183 Excerpto
966 2162 977 2181 ,
1007 2133 1075 2170 ubi
1099 2133 1190 2169 licet
1211 2139 1340 2169 cetera
1357 2133 1486 2170 fusius

24 2195 284 2237 ,man-entur,
332 2191 655 2240 praetermissum
692 2196 752 2227 est
790 2196 926 2226 tamen
962 2189 1084 2239 legati
1119 2190 1296 2225 Avarum
1323 2201 1486 2236 nomen,

26 2241 143 2296 *quod
161 2245 302 2283 lateret
321 2247 505 2293 omnino,
534 2247 612 2282 nisi
631 2252 827 2283 constaret
844 2257 897 2282 ex
917 2243 1070 2283 duobus
1085 2245 1174 2282 aliis
1193 2245 1354 2282 alterius
1372 2245 1487 2295 lega-

27 2295 151 2346 'tionis
166 2302 389 2352 Eitea-ptis,
416 2303 459 2338 in
478 2314 647 2354 quorum
664 2315 743 2339 uno
761 2299 861 2338 haec
873 2302 1082 2352 leguntur:
1111 2303 1219 2338 venit
1235 2301 1362 2338 denuo
1387 2302 1490 2337 Tar-

0 2346 28 2409 ἶᾷ·
70 2357 78 2364 '
101 2357 108 2364 '
155 2385 172 2402 ,
200 2364 247 2394 ut
269 2357 464 2409 legatione
476 2359 723 2409 jungeretur
748 2357 863 2407 apud
883 2359 1169 2408 imperatorem.
1231 2357 1367 2394 eadem
1398 2370 1490 2395 vero

0 2413 136 2450 {sdixit
156 2414 384 2464 imperatori
405 2421 443 2451 et
460 2414 619 2451 audiuit
637 2413 688 2450 ab
709 2415 961 2463 imperatore,
993 2427 1095 2465 quae
1118 2421 1238 2451 antea
1260 2414 1490 2464 imperatori

0 2451 9 2479 k
29 2463 188 2517 finiverat
202 2476 240 2506 et
257 2484 361 2521 quae
382 2484 411 2507 a
432 2484 473 2507 se
489 2471 606 2508 dietis
622 2470 674 2507 ab
690 2471 923 2519 imperatore
944 2483 1129 2520 responsa
1148 2470 1306 2507 tulerat.
1366 2471 1490 2520 igitur

5 2525 203 2578 'Primam
223 2528 346 2564 etiam
365 2528 629 2578 legationem,
664 2539 786 2579 quam
815 2527 986 2564 celebrat
1008 2527 1222 2578 Gorippus,
1254 2528 1334 2576 egit
1360 2538 1487 2589 aeque

14 2592 88 2623 ΑΘ,
110 2582 276 2620 alteram
302 2584 410 2621 Avar
433 2585 594 2621 nomine
627 2584 830 2634 Targitius
863 2583 1085 2636 Ταργίτιος,
1130 2596 1200 2620 seu
1227 2589 1270 2619 ut
1298 2583 1341 2618 in
1367 2582 1482 2618 tertio

12 2636 239 2677 Menandri
265 2639 464 2691 Excerpto
491 2640 658 2690 legitur,
697 2640 878 2690 Tar-giles
909 2640 1124 2692 Ταργίτηςς
1168 2646 1206 2675 et
1237 2637 1331 2675 hinc
1358 2636 1482 2673 habes

15 2686 138 2737 Jlmde
165 2695 211 2734 iu
230 2692 310 2732 hoc
337 2696 498 2747 Corippi
522 2709 640 2734 versu
662 2697 901 2734 restitum-im
927 2697 1123 2746 Targites‚
1153 2700 1348 2744 expuncta
1364 2705 1483 2728 mon-

10 2753 155 2805 wattun
171 2751 300 2789 Ruizii
321 2751 491 2790 lectione
513 2759 570 2790 ter
588 2753 723 2803 gazis,
751 2753 793 2789 in
813 2764 894 2805 qua
911 2752 1046 2789 nullus
1067 2757 1150 2788 erat
1169 2762 1319 2789 sensus.
1348 2749 1492 2786 Foco.
