1702 3060
330 113 424 158 202
727 116 943 157 CORIPPI
974 117 1048 158 DE
1080 118 1349 162 LAUDIBUS

436 223 593 259 vincens
611 221 696 257 luce
716 220 841 270 diem,
869 223 959 272 plus
979 225 1179 262 maiestate
1198 225 1368 266 sedentis

327 290 406 329 130
433 288 598 324 lucidior
619 289 833 339 meliorque
854 290 927 325 sui.
983 291 1231 342 primumque
1251 299 1406 331 senatus

324 617 401 658 135

325 947 402 989 140

321 1280 396 1323 145

315 1612 394 1653 150

316 1945 393 2010 {55

312 2281 388 2319 160

313 2613 389 2655 165

433 366 577 402 pronus
594 352 789 402 adoravit,
813 349 970 392 “vincas
991 353 1165 393 Iustine''
1187 371 1394 408 perorans:

428 415 612 455 “consule
635 425 673 455 te
691 421 810 467 felix,
838 428 877 457 te
895 423 1067 473 principe
1088 424 1219 461 floreat
1239 426 1355 462 orbis.

431 486 536 522 salve
550 515 559 532 ,
588 487 851 535 Augustorum
868 492 1019 526 numeri
1038 504 1114 526 non
1135 490 1268 526 ordine
1288 493 1412 541 prime

415 547 502 588 'sed
518 554 669 598 meriti3
699 553 859 603 largitor
881 569 1017 605 opum,
1047 558 1207 606 largitor
1226 555 1432 606 honorum,

430 619 619 654 libertatis
640 631 763 668 apex,
794 621 931 658 mundi
950 630 1063 673 caput
1075 653 1084 671 ,
1114 625 1227 659 unica
1246 626 1367 661 virtus

434 692 471 721 et
489 697 618 721 reriun
638 687 843 724 manifesta
865 689 990 735 salus,
1021 697 1216 739 reparator
1237 691 1358 740 opimi

430 752 616 787 nominis.
673 754 842 802 antiquis
861 752 1023 790 redeunt
1039 768 1140 791 nova
1158 758 1310 793 saecula
1332 758 1462 796 fastis:

431 818 598 866 Augusti
617 818 787 866 primum
806 821 999 857 renovasti
1016 821 1189 859 Caesaris
1208 836 1359 861 aevum.

434 883 574 918 clarius
594 889 651 919 est
671 885 890 936 meliusque
909 892 1040 923 tuum:
1069 894 1136 924 tua
1155 888 1297 938 gaudia
1314 897 1456 927 tecum.

430 947 521 984 hinc
535 956 662 986 vester
680 952 828 1000 primus
850 952 1014 988 feliciter
1030 955 1164 1004 incipit
1182 967 1318 1003 annus,

431 1022 596 1066 votaque
615 1017 725 1066 plura
746 1019 823 1054 tuis
839 1019 1006 1055 celebret
1027 1033 1127 1057 nova
1143 1023 1266 1058 Roma
1285 1017 1533 1073 triumphis.‘’'

431 1081 521 1118 inde
540 1090 759 1120 senatorum
782 1097 888 1121 sacro
911 1087 1118 1123 recitantur
1136 1088 1182 1124 ab
1201 1088 1289 1124 albo

426 1151 586 1185 nomina
600 1179 609 1196 ,
640 1152 845 1201 conscripti
858 1158 986 1200 patres
1005 1165 1080 1204 qua
1098 1167 1190 1190 voce
1210 1155 1314 1192 citati

427 1214 615 1253 accedunt
634 1214 778 1253 hilares
790 1246 799 1263 ,
832 1218 1076 1269 subeuntque
1097 1220 1284 1256 altissima
1303 1219 1406 1258 sedis

427 1282 596 1318 culmina
608 1311 618 1329 ,
647 1283 905 1332 praetendunt
922 1284 1077 1323 dextras
1088 1315 1097 1333 ,
1129 1293 1166 1323 et
1181 1288 1353 1336 praemia
1370 1297 1527 1327 sumunt

429 1349 599 1385 consulis
618 1356 654 1385 et
674 1347 811 1386 mundi
832 1349 998 1399 domini,
1029 1351 1217 1404 donisque
1237 1354 1392 1404 superbi

422 1415 531 1451 fulvo
548 1415 664 1464 plena
682 1415 811 1452 ferunt
830 1424 1012 1466 argentea
1031 1431 1121 1455 vasa
1140 1421 1315 1457 metallo.

422 1482 551 1532 qualia
570 1479 728 1519 fecundi
747 1490 973 1520 convectant
990 1496 1151 1522 munera
1174 1487 1302 1536 campi

425 1549 636 1597 agricolae,
664 1561 752 1584 cum
768 1556 878 1600 prata
896 1551 1042 1598 virent,
1071 1551 1276 1603 plenisque
1297 1552 1472 1590 canistris

423 1615 505 1652 lilia
525 1627 619 1651 cana
639 1615 789 1663 ferunt,
818 1616 1071 1668 mediumque
1092 1619 1311 1655 intermicat
1335 1631 1472 1657 aurum

427 1682 531 1718 floris
551 1680 755 1719 odoriferi:
787 1682 998 1733 primordia
1018 1684 1155 1721 fertilis
1173 1686 1266 1722 anni

422 1746 523 1783 ferre
549 1747 709 1785 domum
726 1749 917 1798 gaudent,
947 1758 1155 1801 postesque
1175 1757 1213 1787 et
1229 1751 1366 1788 limina
1387 1760 1543 1791 comunt

424 1819 462 1849 et
482 1826 550 1849 sua
565 1816 766 1864 placandis
780 1823 939 1854 nectunt
958 1817 1115 1855 donaria
1131 1818 1303 1868 templis.

422 1885 514 1916 tunc
533 1888 728 1918 oratorum
745 1885 923 1932 geminae
940 1883 1122 1922 facundia
1139 1885 1295 1933 liuguae

1546 1783 1556 1801 2

422 1950 595 1997 egregias
618 1951 755 1986 cecinit
774 1951 956 1987 sollemni
979 1963 1139 1986 munere
1159 1950 1296 1988 laudes

422 2016 591 2052 consulis
606 2018 795 2066 Augusti:
835 2016 962 2066 dignis
982 2018 1135 2054 fortuna
1155 2018 1329 2055 favorem

419 2081 597 2130 praebuit
610 2111 620 2130 ,
648 2090 684 2119 et
701 2083 812 2119 iustis
833 2086 1016 2121 successit
1035 2087 1158 2134 gratia
1180 2084 1307 2122 dictis.

421 2161 443 2184 o
463 2149 669 2196 fortunati,
700 2150 839 2200 quibus
863 2157 919 2187 est
937 2164 988 2188 ex
1007 2151 1122 2188 rebus
1139 2151 1340 2189 abundans

419 2214 581 2252 laudum
601 2214 802 2254 materies!
835 2216 929 2267 quid
948 2231 1027 2254 non
1042 2217 1238 2255 laudabile
1258 2218 1403 2267 dic-unt,

419 2283 484 2331 qui
503 2284 646 2330 vitam,
677 2284 774 2319 tanti
795 2285 862 2334 qui
880 2286 1063 2335 principis
1081 2292 1164 2322 acta
1181 2283 1392 2335 reponunt!

418 2349 505 2397 quis
525 2349 599 2384 fuit
619 2349 686 2384 ille
704 2348 862 2399 fragor?
891 2357 1020 2388 tantus
1039 2352 1150 2388 favor
1171 2352 1275 2388 unde
1294 2359 1477 2402 repertus,

417 2420 474 2450 tot
496 2414 742 2452 laudatorum
762 2415 973 2454 numerus?
1004 2418 1144 2468 quibus
1165 2417 1308 2454 artibus
1326 2419 1386 2454 usi

418 2487 455 2516 et
474 2481 614 2531 quibus
631 2483 798 2531 ingeniis
811 2481 830 2519 ’ἔ
867 2491 1011 2535 quanto
1032 2485 1233 2520 conamine
1252 2485 1328 2520 nisi

417 2554 508 2582 tunc
527 2546 697 2596 phaleris
715 2547 896 2598 phaleras
915 2556 951 2585 et
973 2548 1154 2586 laudibus
1171 2548 1314 2586 addere
1331 2549 1499 2590 laudes?

417 2627 494 2651 11011
514 2621 673 2667 potuere
691 2621 822 2651 tamen
838 2621 991 2651 sanctae
1014 2616 1200 2652 miracula
1222 2618 1324 2654 vitae

420 2681 619 2720 ordinibus
635 2694 839 2720 numerare
857 2683 959 2720 suis:
988 2680 1117 2720 divina
1138 2683 1277 2722 referre
