1702 3060
423 128 636 172 IUSTINI
648 129 651 132 ”
661 127 902 172 MINORIS
927 127 1033 172 LIB.
1060 127 1140 171 lv.

156 238 247 290 plus
268 239 486 287 exaltatus,
516 240 607 291 plus
631 239 863 278 iustificatus
883 240 924 276 in
943 241 1046 291 ipso,
1069 239 1072 242 ’

32 306 129 349 ’820
157 304 263 358 quod
280 320 322 344 se
341 305 558 355 humilem,
588 311 695 346 stans
714 315 804 345 ante
825 307 965 356 deum,
995 318 1211 358 veramque
1229 306 1387 358 fatetur,

61 369 64 370 ⁷
159 385 282 425 quam
300 376 444 411 retinet
462 377 608 426 pietate
622 405 632 424 ,
663 375 798 413 fidem.
858 389 949 412 cum
970 373 1102 424 diligit
1121 375 1222 425 ipse,

159 437 360 490 diligitur:
392 455 483 479 cum
504 441 682 481 Christus
701 450 808 480 amat
831 455 904 480 rex
923 454 1114 492 magnus,
1146 448 1327 493 amatur3

157 509 244 559 ipse
266 511 367 560 regit
385 523 518 561 reges,
549 512 634 562 ipse
653 518 691 548 et
713 524 794 548 non
815 508 997 548 subditur
1020 509 1110 546 ulli.

157 578 331 614 Iustinus
348 579 531 629 princeps
552 577 629 615 hoc
646 584 865 629 protectore
885 580 1043 631 quietus

44 642 127 685 325
154 644 345 695 imperat,
379 643 485 682 hunc
505 647 637 697 ipsum
658 647 788 684 solum
806 660 876 698 spe
898 654 1026 683 certus
1047 643 1199 683 adorat.

212 713 264 749 Ut
282 714 370 763 pius
395 715 564 764 expletis
581 715 823 766 templorum
839 715 979 752 limina
999 715 1103 751 votis

155 778 293 831 liquit,
323 782 365 818 in
387 782 591 832 ingentem
612 782 818 834 spectandi
837 782 1010 820 consulis
1031 794 1163 817 arcem

157 848 388 886 conscendit
410 849 588 901 gaudens
604 880 614 899 ,
645 858 684 888 et
706 858 839 902 septus
860 851 1012 887 lumine
1036 847 1153 887 sedit.

157 923 247 954 ante
269 916 394 968 pedes
409 917 567 963 vdomini
580 949 589 966 ,
620 919 772 956 faciunt
791 920 859 971 qui
876 920 1005 965 iussa,
1041 917 1206 953 clientes

42 984 126 1026 830
155 982 365 1022 adstabant
383 986 501 1034 laeti;
530 987 723 1038 vultuque
748 993 786 1023 et
810 993 919 1023 veste
941 985 1122 1022 nitebant

154 1053 326 1090 Romani
343 1054 484 1104 populi
502 1060 634 1104 patres
653 1055 738 1091 sine
760 1051 912 1091 semine
930 1054 1041 1090 facti.

154 1123 343 1172 patricius
363 1123 472 1159 senio
491 1123 652 1172 fulgens
672 1122 870 1159 Calinicus
892 1120 1057 1168 honoro,

155 1191 225 1241 qui
245 1197 358 1241 pater
375 1190 534 1240 imperii
551 1191 696 1226 meruit
714 1191 795 1226 iam
813 1190 941 1227 factus
959 1188 1099 1226 haberi

153 1257 323 1307 gratior,
354 1258 526 1308 Augusti
545 1270 706 1295 servans
722 1259 788 1308 pia
807 1270 905 1308 gaza
922 1257 1082 1295 sacelli:

43 1323 124 1368 835
152 1338 327 1378 namque
344 1326 406 1362 illi
424 1327 598 1363 moriens
616 1338 714 1362 mox
732 1327 974 1363 Iustinianus
995 1323 1167 1362 honores

155 1394 394 1442 contulerat,
427 1392 610 1445 fidaeque
630 1395 739 1444 prius
758 1399 986 1430 narraverat
1006 1393 1091 1429 auri

155 1463 311 1500 consilii
330 1469 480 1499 secreta
505 1463 581 1499 sui.
635 1455 811 1498 “vocor”
836 1462 991 1512 inquit,
1017 1455 1221 1509 “alumne,

153 1537 195 1568 et
211 1536 396 1582 properat
415 1541 600 1583 suprema
623 1527 708 1566 dies
721 1558 732 1577 ,
763 1529 953 1580 iussuque
979 1529 1146 1565 creantis

144 1594 178 1636 ‘a
196 1601 328 1650 reguis
345 1599 388 1635 iu
406 1611 528 1648 regna
551 1595 689 1635 vehor.
749 1595 847 1633 deus
869 1608 986 1633 oimle
1006 1597 1195 1632 Latinum

39 1665 124 1710 340
151 1667 301 1704 Iustino
322 1665 430 1703 dedit
448 1667 683 1717 imperitun:
715 1671 780 1714 tu,
810 1662 909 1712 fide,
940 1670 1142 1701 memento

149 1734 361 1774 verborum
381 1748 482 1787 quae
503 1732 652 1771 mando
673 1733 760 1770 tibi.
822 1745 914 1769 cum
937 1744 1054 1768 carne
1079 1731 1214 1768 relicta

151 1803 312 1854 spiritus
334 1802 551 1840 ascendens
571 1802 719 1839 claram
742 1801 1008 1852 penetraverit
1026 1812 1171 1847 arcem,

150 1870 194 1907 in
212 1868 345 1908 medio
365 1884 574 1922 procerum
594 1871 735 1907 Iustini
754 1867 804 1905 ad
824 1869 965 1905 limina
985 1876 1131 1918 perge:

149 1939 313 1976 invitato
336 1940 489 1987 viriun,
523 1938 625 1975 nolit
643 1938 738 1975 licet
757 1937 828 1974 ille
851 1935 997 1973 subire.

39 2003 120 2051 845
149 2013 251 2044 sorte
269 2019 359 2043 mea
378 2007 499 2043 tristis
521 2013 683 2043 renuet:
724 2006 942 2042 consentiet
960 2004 1094 2041 istinc.

148 2088 200 2112 ne
220 2073 399 2111 dubitare
420 2075 541 2123 velis,
571 2075 706 2111 nullus
727 2080 979 2110 contemnere
1000 2072 1127 2122 possit

149 2143 335 2181 terribilis
354 2149 562 2194 praecepta
585 2141 665 2180 dei.
725 2147 934 2192 cognoscet
954 2146 1146 2187 amantes,

99 2223 101 2226 ⁴
149 2224 249 2264 quos
265 2209 364 2248 fidos
383 2209 526 2248 habui:
557 2209 660 2247 mihi
681 2211 750 2261 qui
770 2222 940 2246 nocuere
955 2237 965 2256 ,
994 2220 1137 2244 nocere

149 2280 226 2331 ipsi
243 2280 363 2316 etiam
379 2278 484 2316 facto
506 2279 629 2316 simili
645 2284 796 2314 tentare
814 2277 1023 2328 parabunt,

38 2347 121 2392 850
147 2354 192 2393 ut
208 2354 371 2399 pereant
387 2348 591 2399 iustasque
612 2358 684 2383 suo
705 2343 799 2381 dent
817 2346 1010 2395 sauguine
1030 2355 1194 2394 poenas.

149 2413 220 2453 sed
239 2416 366 2466 pietas
385 2416 564 2466 Augusta
582 2414 710 2452 malos
735 2414 900 2463 castigat
917 2412 1101 2449 alumnos

152 2483 305 2520 consilii
325 2483 501 2520 bonitate
520 2484 601 2532 sui,
634 2481 729 2520 diun
748 2480 914 2533 perdere
933 2494 1014 2517 non
1031 2475 1117 2516 vult

152 2549 371 2587 subiectum
391 2552 467 2588 sibi
484 2549 676 2604 quicquid
694 2551 790 2587 erit:
828 2550 884 2587 sic
901 2549 1016 2600 punit
1035 2548 1196 2599 iniquas

153 2612 380 2656 carneveras
397 2621 550 2657 animas
563 2649 573 2668 ,
604 2626 649 2656 ut
664 2619 804 2655 mortis
819 2629 950 2669 poena

35 2679 121 2728 Ι’865
150 2697 232 2722 non
252 2687 696 2740 maneat,.breviusque
718 2687 844 2724 luant.
905 2683 1081 2722 cruciant

150 2755 407 2804 praeteritura
430 2757 513 2808 pati
535 2757 629 2794 satis
649 2761 729 2793 est:
763 2760 922 2792 aeterna
938 2752 1170 2790 tremiscant

103 2823 235 2861 merob.
263 2830 296 2862 ce
326 2825 406 2860 Cor.
1173 2817 1225 2858 18

1399 126 1515 173 >207
