1702 3060
462 121 814 167 IOHANNIDOS
847 121 953 167 LIB.
988 122 1043 166 Π.
1419 121 1485 169 49

132 238 201 270 aut
221 232 336 270 lateri
357 246 549 285 suspensa
571 232 699 282 cadit3
729 233 962 272 substrictus
985 239 1025 271 at
1046 234 1133 286 ipse

35 297 105 343 [55
132 313 269 338 mucro
289 301 506 338 fuhnineus
523 301 638 340 laevo
656 300 854 353 dependet
872 303 920 340 ab
941 315 1067 340 armo.

134 369 282 420 quique
305 367 425 407 Vadis
446 368 581 420 tepido
603 383 752 409 messes
769 370 832 408 bis
851 369 992 408 tondet
1008 371 1051 407 in
1072 383 1176 408 anno

133 437 296 474 Maurus
318 450 431 474 arans
445 466 456 485 ‚
482 437 575 475 bino
598 439 827 490 perstringit
847 445 886 476 et
906 437 1027 475 ordea
1049 439 1194 487 cuhno‚

134 501 234 553 heu,
265 505 359 542 furit
377 506 419 542 in
438 505 541 542 sicca
560 505 713 545 Phoebi
733 505 937 544 candentis
958 519 1092 544 arena.

135 579 304 624 quantus
325 585 435 611 amor
450 572 641 624 praedae!
699 575 890 612 toleratur
908 573 1085 613 fervidus
1105 572 1221 612 ardor

16 638 106 680 ⁴160
133 638 393 693 sufferturque
412 641 540 680 fames
560 649 753 680 terrarum
772 650 982 695 aestusque
1000 643 1164 695 sitisque

131 707 269 745 Martis
291 721 424 747 amore
445 710 520 747 feri
543 713 748 764 turpisque
770 709 954 762 cupidine
975 709 1092 747 lucri.

189 777 275 813 Iam
293 777 406 815 fortis
423 792 639 830 properans
661 779 805 818 densos
825 780 1022 817 exercitus
1042 776 1178 816 hostes

132 844 334 883 montibus
352 847 395 883 in
415 849 581 885 summis
601 854 640 885 et
659 848 824 886 collibus
846 861 932 885 esse
951 845 1125 894 videbat,

132 911 410 966 fumantesque
430 915 535 953 locos
555 916 726 953 fiammis
747 916 947 967 silvasque
966 914 1137 951 latentes

13 977 102 1020 5165
131 981 289 1030 agmine
310 980 509 1021 condenso
527 984 685 1020 nullum
700 989 920 1020 monstrare
941 994 1146 1019 cacumen.

132 1050 264 1085 omnia
285 1055 387 1086 tecta
406 1050 545 1088 latent.
602 1063 683 1088 vox
704 1049 882 1103 undique
904 1062 1023 1088 saeva
1043 1063 1116 1102 per
1134 1062 1249 1087 auras

131 1114 341 1154 indiscreta
358 1124 484 1155 sonat.
541 1119 652 1156 lucos
673 1119 872 1171 silvasque
893 1131 1056 1156 sonoras

131 1190 364 1236 tempestate
380 1193 495 1237 putes
513 1187 637 1224 nimia
655 1188 839 1224 veniente
858 1188 1026 1235 moveri,

130 1252 242 1290 litore
263 1254 418 1292 collisas
437 1255 666 1306 frangentes
689 1256 870 1307 aequoris
888 1254 1032 1292 undas.

24 1321 102 1363 170
128 1318 222 1361 hinc
241 1322 430 1359 Iuvenum
450 1323 618 1372 clamor,
652 1323 915 1375 fremitusque
936 1322 1106 1361 ardescit
1128 1334 1318 1374 equorum

131 1388 225 1427 inde
245 1389 403 1428 furens:
431 1392 613 1428 tremulis
631 1391 849 1428 ululatibus
868 1389 1030 1428 aethera
1049 1396 1197 1427 matres

131 1460 371 1496 concutiunt.
429 1458 556 1495 fervet
576 1457 731 1509 trepido
750 1465 845 1496 tunc
862 1465 967 1495 terra
985 1458 1175 1495 tumultu.

131 1533 335 1578 pastorum
355 1539 445 1563 ecce
469 1527 578 1563 venit
596 1527 755 1577 fugiens
777 1540 798 1563 e
816 1526 987 1564 vallibus
1009 1539 1154 1577 agmen

130 1591 256 1631 hostis
275 1593 323 1630 ab
343 1592 537 1632 adventu:
566 1593 767 1645 pecudum
783 1607 856 1646 per
871 1602 984 1645 prata
1000 1595 1158 1632 balatus

23 1661 102 1704 175
131 1669 338 1711 consonat,
369 1668 408 1699 et
424 1660 545 1699 densa
564 1663 697 1713 pulvis
715 1664 927 1700 succrescit
949 1675 1083 1700 arena.

130 1732 212 1769 iam
231 1731 390 1782 sonipes
411 1731 559 1782 campis
577 1730 682 1769 laxis
701 1731 881 1768 currebat
897 1729 1079 1778 habenis,

129 1801 281 1851 primus
301 1806 340 1837 et
360 1800 548 1837 armentis
567 1798 758 1850 praedam
778 1799 956 1851 rapiebat
977 1797 1026 1835 ab
1048 1797 1153 1835 altis.

130 1869 268 1906 obvius
290 1881 380 1905 ecce
400 1870 507 1906 venit
529 1869 656 1905 saevis
680 1866 729 1905 de
752 1867 932 1904 faucibus
953 1864 1079 1904 hostis

128 1950 238 1974 rarus
252 1967 262 1986 ‚
294 1943 332 1974 et
350 1937 394 1972 in
410 1936 522 1973 nulla
543 1943 722 1987 comptus
742 1933 956 1987 procedere
972 1942 1104 1973 turma

21 2005 100 2046 180
127 2006 315 2053 cernitur,
345 2003 531 2041 adversos
552 2017 627 2041 nec
647 2017 808 2056 poscere
830 2002 1007 2042 fervidus
1022 2001 1170 2049 hostes⁷

130 2071 202 2110 sed
219 2079 375 2110 tantmn
392 2073 563 2110 clamore
581 2073 691 2110 furit.
748 2079 836 2110 tum
850 2072 1007 2123 tragula
1027 2071 1174 2109 crebris

127 2141 288 2178 nutibus
309 2155 330 2178 e
347 2142 457 2179 silvis
479 2142 582 2179 acies
604 2143 750 2192 agitata
770 2142 935 2193 requirit

129 2209 358 2263 auxilioque
380 2217 494 2247 vocat
512 2211 741 2248 Maurorum
758 2222 867 2247 more
889 2214 1079 2245 catervas.

130 2279 310 2315 convolat
330 2291 422 2329 ergo
446 2278 550 2315 celer
567 2279 695 2329 prima
714 2276 766 2314 ad
788 2277 1002 2314 certamina
1022 2275 1185 2311 Frexes.

22 2344 101 2387 185
128 2346 252 2384 Marte
273 2347 373 2395 levi,
403 2353 634 2398 tantinnque
652 2345 779 2396 fugax
797 2350 975 2382 armenta
989 2348 1142 2379 tuetur:

131 2421 312 2452 constans
330 2427 425 2451 nam
442 2413 563 2450 nullis
584 2414 688 2450 acies
706 2414 956 2464 componitur
972 2411 1106 2448 armis.

184 2483 272 2519 Non
289 2489 425 2519 tamen
442 2483 646 2532 inceptum
663 2482 752 2519 fuso
773 2488 831 2519 est
846 2493 937 2518 cum
956 2479 1149 2530 sanguine
1173 2477 1339 2514 bellum.

133 2548 326 2588 Geisirich
343 2551 412 2587 ille
428 2556 568 2602 potens
585 2562 681 2587 nam
698 2547 782 2587 dux
799 2554 1064 2600 praecesserat
1081 2559 1225 2598 agmen

19 2659 87 2695 156
110 2658 227 2704 tepide
241 2660 315 2694 MT
457 2661 522 2697 157
547 2664 584 2696 et.
598 2661 681 2696 aad.
700 2661 732 2694 L
877 2659 944 2694 160
967 2662 1134 2704 extusque
1152 2658 1184 2691 T
1330 2656 1394 2690 167
1417 2653 1471 2687 ἰη-

18 2705 146 2740 diserta
163 2705 196 2737 Τ
354 2707 420 2742 170
441 2706 531 2741 hunc
547 2708 581 2741 T
731 2705 796 2742 174
819 2712 943 2741 euentu
966 2706 1000 2739 T
1147 2703 1231 2737 ibid.
1252 2701 1424 2736 balantum
1442 2700 1476 2734 ‘1'

20 2751 89 2787 182
111 2755 147 2786 et
166 2751 200 2785 T
332 2753 398 2787 184
420 2758 586 2787 convocat
601 2753 695 2797 apud
710 2753 753 2786 Μ
890 2753 957 2787 186
979 2754 1111 2785 constat
1128 2750 1170 2784 T.
