1702 3060
245 119 341 169 214
735 122 1177 165 MAZZUCCHELLII
1225 157 1228 160 .

244 237 337 268 nota
363 228 469 282 quod
493 243 514 267 a
540 230 728 280 Procopio
760 229 924 280 aliisque
953 229 1109 265 Graecis
1134 228 1384 278 scriptoribus
1403 241 1547 266 nomen
1565 228 1671 266 illius

245 287 353 323 urbis
372 293 429 323 est
451 287 661 325 Θεοδοσίου
679 281 807 331 πόλις.
863 283 953 320 vide
974 292 1010 321 et
1031 282 1136 333 apud
1151 286 1206 320 Le
1222 285 1367 331 Quien,
1395 291 1439 320 ut
1459 290 1497 320 et
1511 281 1672 323 'lavarc-

245 356 319 380 νου
346 337 475 386 πόλις,
506 341 810 380 Κωνσταντίνου
836 337 969 387 πόλις,
1002 339 1200 378 Φιλίππου
1229 337 1363 386 πόλις,
1392 345 1431 375 et
1457 339 1532 381 alia
1559 339 1672 388 plura

246 395 473 432 huiusmodi
499 396 656 432 urbium
681 397 854 433 nomina.
912 395 1108 446 duplicem
1129 393 1462 444 Theodosiopoliu
1485 400 1673 436 memorat

246 453 479 500 Procopius:
508 464 629 487 unam
645 465 787 501 nempe
809 450 902 487 dicit
920 451 966 487 cle
984 450 1124 500 Aedq'f.
1147 452 1173 489 2
1196 452 1220 489 2
1244 462 1332 500 οΡΡ.
1351 456 1380 485 t.
1399 452 1426 489 2
1439 462 1480 499 Ρ.
1499 451 1570 496 32,
1601 462 1674 498 paq

246 518 334 541 rum
360 505 568 542 distantem
598 507 646 543 ab
673 508 768 544 urbe
793 508 897 547 Dara
923 508 963 542 in
991 506 1292 555 Mesopotamia,
1323 511 1360 541 et
1381 517 1414 540 c.
1436 506 1460 544 5
1484 517 1524 554 p.
1545 506 1596 543 37
1623 502 1673 549 ad

246 561 393 597 flumen
419 560 638 599 Aborrham
664 564 801 609 sitam3
834 563 996 597 alteram
1026 574 1117 597 vero
1145 562 1187 595 in
1216 561 1399 596 Armenia
1419 559 1540 596 fuisse
1559 571 1673 599 mou-e

245 622 341 652 strat
359 617 413 653 ib.
435 619 458 656 3
483 630 515 653 c.
541 619 562 656 1
586 631 625 667 p.
645 619 699 659 52
719 625 755 654 et
775 631 807 654 c.
827 618 851 658 5
871 630 910 667 Ρ.
931 618 981 656 58
998 623 1035 652 et
1052 628 1156 666 seq.3
1186 622 1390 666 utramque
1410 621 1541 651 autem
1557 616 1675 651 Iusti-

245 672 408 707 niauum
434 674 649 710 munivisse
677 675 801 710 muris
827 678 958 708 contra
983 673 1223 707 incursiones
1249 673 1469 707 Persarum.
1524 671 1603 707 imo
1628 669 1675 709 de

245 725 345 762 hello
366 728 477 763 Pers.
502 728 523 766 1
552 731 600 767 10
629 729 682 764 ait
707 729 852 764 Daram
870 728 911 762 in
929 728 1209 776 Mesopotamia
1231 733 1268 762 et
1285 724 1617 775 Theodosiopoliu
1634 726 1674 762 in

246 782 433 818 Armenia
458 781 508 818 ad
524 783 817 819 Persarmeniae
844 782 940 818 fines
968 783 1087 818 fuisse
1110 781 1185 817 duo
1203 781 1492 831 propugnacula
1512 779 1562 816 ad
1579 782 1676 817 Per-

246 849 310 873 sas
337 835 579 874 infestandos
601 837 928 875 commodissima.
987 850 1102 886 saepe
1122 843 1314 872 memorat
1331 837 1541 886 Procopius
1561 849 1676 886 prae<

248 893 361 942 cipue
379 891 482 929 hanc
501 893 639 929 urbem
654 896 695 930 in
713 894 822 929 libris
842 892 888 928 cle
907 891 1006 928 bello
1026 892 1200 935 Persico,
1229 890 1298 927 sed
1317 889 1560 928 obsidionem
1578 893 1676 939 eius,

247 959 367 997 quam
392 949 504 985 nobis
534 961 638 985 nunc
668 950 790 999 aperit
819 948 1027 997 Corippus‚
1065 947 1338 998 praetermisit.
1393 946 1556 984 fortasse
1589 959 1677 984 eam

246 1003 360 1039 tacite
381 1004 506 1039 innuit
530 1004 551 1042 1
576 1017 609 1040 c.
632 1004 697 1043 15.

357 1058 425 1099 75.
485 1057 533 1094 de
556 1057 630 1095 hoc
649 1061 857 1095 Persarum
875 1054 971 1093 duce
989 1055 1079 1093 vide
1099 1056 1333 1106 Procopium
1350 1057 1496 1107 passim
1512 1063 1677 1108 utroque

245 1112 288 1149 in
306 1112 406 1150 libro
425 1113 473 1150 cle
493 1113 590 1150 bello
611 1114 721 1150 Pers.
743 1121 781 1149 et
799 1113 846 1150 cle
869 1112 967 1148 hello
992 1112 1109 1148 Gotlz.
1132 1111 1181 1159 4,
1211 1112 1454 1158 ubi,Graece
1483 1119 1541 1149 est
1563 1116 1678 1165 Μερ-

247 1164 404 1219 μερόης.
461 1182 552 1205 eum
579 1168 776 1206 obsedisse
805 1168 1085 1218 Martyropolin
1109 1174 1147 1203 et
1168 1165 1476 1217 Archaeopolin,
1507 1175 1547 1204 et
1566 1181 1679 1205 acce-

247 1229 314 1272 pta
335 1222 445 1259 clade
460 1230 665 1275 utramque
686 1223 930 1260 obsidionem
948 1224 1130 1270 solvisse,
1155 1228 1285 1258 narrat
1295 1224 1507 1273 Procopius
1521 1223 1678 1260 debello

247 1279 360 1315 Pers.
386 1279 407 1317 1
435 1281 485 1319 21
518 1287 556 1317 et
584 1280 631 1316 de
649 1279 748 1316 hello
772 1279 889 1315 Goth.
913 1277 938 1318 4
968 1277 1043 1325 14,
1076 1290 1285 1328 rursusque
1311 1277 1452 1314 frustra
1481 1278 1679 1330 obsedisse

247 1332 536 1383 Archaeopolin
563 1336 706 1384 legitur
726 1335 779 1371 ib.
801 1348 834 1370 c.
856 1334 907 1373 17
929 1346 968 1382 Ρ.
991 1332 1086 1372 614.
1143 1332 1214 1369 sed
1239 1332 1286 1368 de
1313 1332 1514 1370 obsidione
1540 1335 1578 1372 Τ
1580 1333 1679 1372 heo-

249 1387 462 1438 dosiopolis
482 1388 584 1426 nihil
603 1391 791 1440 reperitur
811 1387 916 1438 apud
935 1389 1166 1437 Procopium
1180 1417 1190 1435 ,
1219 1395 1262 1424 ut
1276 1390 1356 1424 iam
1371 1390 1520 1426 monui.

359 1447 428 1485 76.
486 1444 668 1495 cingebat
689 1445 838 1482 moenia
860 1457 984 1479 muro.
1043 1445 1150 1493 Virg.
1169 1444 1274 1479 Aen.
1295 1446 1321 1484 6
1343 1442 1423 1485 499
1444 1451 1482 1480 et
1499 1445 1525 1484 4
1546 1446 1613 1485 88.

358 1502 428 1541 77.
483 1501 687 1550 imperitus
711 1501 891 1537 librarius
921 1511 973 1535 ex
1001 1499 1031 1534 cl
1051 1499 1143 1535 fecit
1170 1498 1224 1543 cl,
1261 1497 1368 1549 quod
1393 1498 1528 1536 mendi
1555 1512 1679 1549 genus

248 1566 366 1605 saepe
399 1558 583 1603 occurrit,
614 1563 658 1592 ut
682 1562 816 1593 monet
845 1554 1094 1591 casaubonus
1124 1556 1165 1590 in
1193 1554 1449 1591 Commentar.
1474 1555 1531 1591 ad
1557 1556 1681 1592 Theo-

243 1610 403 1659 phrastc‘
426 1611 607 1647 Charact.
631 1610 657 1650 4
685 1625 725 1661 p.
747 1612 799 1650 71
824 1609 885 1646 ed.
909 1608 1035 1658 Lugd.
1060 1611 1164 1650 1603
1193 1610 1257 1646 vel
1285 1623 1324 1659 Ρ.
1342 1610 1395 1650 59
1422 1609 1484 1646 ed.
1511 1611 1680 1661 Coburg.

251 1666 373 1706 1763.
430 1666 567 1703 Daras
597 1672 654 1702 est
675 1667 766 1703 urbs
792 1666 1052 1701 munitissima
1071 1677 1189 1714 prope
1209 1666 1372 1702 Nisibin.
1428 1664 1518 1702 vide
1535 1668 1681 1703 Proco-

250 1721 362 1769 pium
384 1720 431 1756 de
450 1721 548 1758 bello
567 1723 677 1758 Pers.
699 1729 864 1771 utroque
886 1722 927 1756 in
949 1721 1048 1756 libro
1068 1722 1215 1770 passim
1237 1726 1275 1756 et
1294 1721 1401 1757 alibi.
1445 1720 1562 1771 ¹apud
1581 1735 1680 1758 eun-

250 1773 342 1811 dem
365 1777 509 1813 Graece
534 1790 688 1826 semper
709 1783 767 1813 est
788 1777 925 1812 Daras
950 1789 1091 1812 nomen
1116 1774 1391 1823 indeclinabile
1404 1804 1414 1823 ,
1445 1778 1519 1813 etsi
1533 1778 1574 1814 in
1590 1791 1681 1814 ver-

250 1831 360 1867 sione
389 1844 458 1868 sua
483 1833 687 1868 Maltretus
717 1832 852 1868 fecerit
875 1831 1011 1875 Dara,
1040 1832 1190 1867 Darae.
1249 1831 1303 1867 ib.
1329 1832 1351 1870 1
1378 1832 1428 1871 13
1447 1838 1485 1867 et
1504 1845 1587 1883 seq.
1608 1832 1680 1869 de-

251 1887 432 1922 scribitur
461 1888 653 1938 praelium
678 1886 932 1922 memorabile
955 1886 1025 1922 sub
1047 1887 1254 1922 moenibus
1275 1887 1400 1922 Darae
1423 1900 1512 1923 cum
1530 1889 1683 1937 ingenti

251 1941 460 1978 Persarmn
481 1941 604 1979 clade.
650 1942 837 1978 Romanis
858 1947 1034 1990 praeerat
1051 1942 1286 1990 Belisarius,
1310 1942 1439 1978 Persis
1457 1949 1587 1979 autem
1601 1956 1680 1980 uon

250 1995 488 2035 Mermeroes
506 1996 576 2034 sed
592 1999 736 2034 Peroze
752 1995 982 2033 Miri-hanes.

362 2054 430 2093 84.
487 2051 600 2090 Ovid.
619 2054 720 2089 Met.
739 2052 764 2092 5
789 2053 840 2092 89
859 2058 898 2087 et
918 2053 970 2092 12
993 2049 1095 2091 595:
1129 2064 1351 2088 concurrere
1371 2051 1543 2089 cominus
1560 2052 1676 2090 hosti.

362 2109 430 2148 89.
488 2108 653 2155 sanavi,
683 2114 726 2144 ut
748 2108 877 2156 potui,
905 2105 1011 2142 huuc
1034 2120 1209 2154 versmn‚
1240 2114 1278 2143 et
1298 2119 1475 2144 sensum:
1509 2107 1579 2144 sed
1596 2109 1681 2145 for-

252 2166 354 2198 tasse
377 2162 523 2200 excidit
545 2162 610 2199 hic
628 2175 718 2213 pars
739 2162 904 2199 duorum
924 2175 1129 2210 versuum,
1161 2169 1198 2198 et
1215 2163 1416 2214 utriusque
1435 2176 1569 2200 versus
1589 2177 1680 2214 pars

252 2222 404 2253 tantum
432 2226 490 2255 est
518 2225 683 2256 servata.
738 2230 807 2268 pro
823 2217 992 2268 perfusa
1014 2218 1090 2254 feci
1120 2218 1245 2269 effusa
1269 2225 1423 2255 secutus
1442 2219 1550 2268 Virg.
1568 2218 1675 2257 Aea.

254 2274 280 2311 6
306 2272 386 2312 305
405 2279 443 2310 et
461 2276 486 2314 7
513 2276 706 2313 812-3.

366 2330 435 2369 91.
490 2330 597 2378 Virg.
625 2328 730 2365 Aen.
760 2329 785 2367 9
811 2326 915 2368 463:
943 2336 1172 2378 aeratasque
1200 2329 1302 2365 acies
1333 2329 1376 2364 in
1398 2327 1552 2377 proelia
1580 2330 1683 2380 cogit

251 2384 418 2433 quisque
435 2397 540 2419 suas.
601 2385 669 2420 ubi
691 2384 757 2420 alii
774 2390 906 2420 tamen
923 2385 1059 2434 legunt
1078 2398 1180 2420 suos.

364 2440 433 2479 92.
489 2438 659 2475 inclecas.
721 2440 775 2475 sic
802 2440 845 2474 iu
872 2438 1029 2486 codiceg
1059 2439 1148 2485 ubi,
1178 2434 1254 2474 nisi
1278 2437 1464 2475 malueris
1489 2439 1680 2489 corrigere

254 2493 426 2538 indicus,
455 2495 527 2530 erit
549 2493 708 2530 indecus
726 2506 806 2530 vox
825 2493 1003 2530 addenda
1024 2495 1162 2531 lexicis
1181 2494 1352 2540 Latinis,
1385 2500 1422 2530 et
1440 2492 1578 2530 eadem
1596 2494 1681 2530 for-

258 2556 359 2586 tasse
388 2561 432 2585 ac
457 2548 628 2593 indecor,
658 2561 798 2598 nempe
830 2549 1039 2599 inglorius,
1067 2556 1110 2586 ut
1135 2547 1241 2599 apud.
1267 2549 1366 2586 Stat.
1397 2546 1576 2594 Theb.‚9
1603 2551 1680 2590 108

250 2605 460 2655 patuitque
477 2603 668 2654 inglorius
683 2604 796 2639 ensis.

367 2661 421 2696 ib.
479 2659 648 2696 harentia.
707 2671 823 2708 saepe
859 2657 1158 2708 adspirationem
1197 2657 1365 2696 admittit
1402 2657 1501 2696 haec
1528 2669 1610 2696 vox
1637 2659 1679 2695 in

258 2722 388 2754 nostro
414 2714 566 2764 codice,
597 2721 634 2752 et
664 2727 735 2763 ego
759 2726 849 2751 eam
874 2716 1013 2751 retinui
1039 2714 1258 2767 ubicimque
1288 2721 1435 2764 exstat,
1465 2715 1538 2752 etsi
1559 2715 1679 2752 sciam
