1702 3060
494 73 571 117 DE
593 70 879 118 *LAUDIBUS
911 71 1136 118 msnm.
1385 98 1389 103 ·
1442 67 1542 120 443

195 185 269 226 97.
326 182 616 237 lege'votisque
627 185 748 237 pium
766 196 847 222 sese
864 181 1010 222 obtulit
1028 181 1134 231 orbi,
1161 186 1230 220 aut
1242 177 1408 234 pie‘sese
1427 181 1543 221 obtu-

83 241 134 279 lit
154 240 270 282 orbis.
330 242 494 280 Voucx.

195 300 264 339 99.
321 297 520 348 auxerat]
569 294 674 334 hanc
695 309 835 334 vocem
854 294 920 334 hic
937 298 1142 334 restituere
1158 301 1338 347 oportere
1354 293 1541 335 Barthius

83 351 137 390 ad
157 355 183 394 2
206 355 260 395 95
281 355 362 391 iam
379 359 598 391 notaverat.
638 353 768 391 FOGG.
822 367 885 391 ms
907 355 1015 390 enim
1034 353 1236 390 hauserat.

35 405 38 406 ⁷
198 411 290 450 100.
349 412 404 447 ita
424 410 668 447 correximus
688 407 765 446 hoc
785 422 956 457 carmen,
988 422 1078 446 cum
1099 410 1141 445 in
1159 414 1385 460 pervetusto
1404 405 1540 445 codice

81 465 280 516 legeretur
293 465 492 517 gaudenti
501 465 669 516 populo.
711 478 811 517 quae
833 467 1037 516 castigatio
1057 467 1130 502 etsi
1147 465 1262 502 nobis
1278 466 1440 502 omnino
1459 477 1542 502 non

81 522 310 571 satisfaciat,
337 523 480 560 melior
498 520 663 574 quidem
683 520 734 558 ad
754 534 941 573 praesens
962 535 1041 559 nou
1062 523 1242 559 occurrit.
1301 523 1423 559 Rmz.

194 578 288 620 102.
346 591 492 630 repone
518 590 589 629 pro
621 578 706 627 ipso
733 579 835 628 ipsi,
881 585 926 615 ut
952 579 1023 615 lex
1055 578 1336 629 grammaticae
1371 584 1538 615 constet.

79 646 199 685 supra
219 635 245 674 8
269 635 347 676 179
367 642 407 672 et
423 633 520 676 244.
578 633 679 671 forte
707 635 884 686 respexit
911 633 963 672 ad
992 634 1094 671 illud
1116 633 1324 672 Claudiani
1354 632 1403 671 de
1426 633 1537 671 laud.

59 687 236 742 (Stilicli.
256 692 305 732 3:
454 703 558 742 quae
587 689 676 727 luce
702 691 857 728 metalli
871 691 1032 728 aemula
1050 692 1192 728 vicinis
1201 691 1381 742 fastigia
1402 703 1538 727 conse—

78 748 134 784 rit
148 748 284 792 astris,
314 753 352 784 et
365 754 512 798 septem
529 746 844 796 scopulis-sonas
860 749 1042 784 imitatur
1070 747 1243 798 Olympi.
1307 759 1537 799 quanquam

48 803 272 855 '‘'Corippus
291 802 340 840 de
360 804 521 851 officiis,
553 802 793 847 Claudianus
813 803 862 841 de
884 803 1072 841 aedificiis
1089 811 1193 854 agat.
1223 805 1409 841 DtMrsr.
1439 804 1534 855 ipsc]

76 860 134 897 sic
156 860 266 911 Virg.
286 860 361 898 ecl.
382 859 407 901 5
430 861 483 901 8:
514 859 710 897 montibus
730 861 775 897 in
798 862 942 898 nostris
958 860 1066 898 solus
1085 860 1160 897 tibi
1177 867 1296 897 certet
1313 860 1531 910 Amyntas.

74 911 612 1014 ιῖ1066103.(Ἱειε,ε»ἰοᾶοι·.6
642 986 704 1023 ep.
723 973 781 1012 7:
815 971 993 1008 calendis
1012 972 1218 1009 Ianuariis
1245 971 1406 1023 affatim
1429 971 1536 1010 dona

40 1030 49 1070 s-
74 1027 291 1081 largimur,
328 1035 367 1065 et
383 1028 535 1066 laetitia
551 1027 722 1078 publica
743 1027 890 1064 militia
909 1034 980 1064 tua
1001 1035 1070 1066 est.
1133 1027 1364 1079 Sy.mn1ach
1391 1031 1441 1069 10
1471 1042 1536 1079 ep.

41 1100 46 1114 ι
73 1079 151 1126 203
179 1084 371 1123 ,calendas
386 1086 487 1122 anni
506 1086 704 1135 auspices,
742 1083 888 1148 quibus
914 1086 1110 1121 mensium
1135 1098 1318 1121 recursus
1341 1085 1538 1134 aperitur,

48 1137 50 1142 ⁸
73 1141 342 1192 impertiendis
359 1147 418 1177 str-
418 1142 501 1178 enis
518 1141 668 1178 dic-avit
683 1141 916 1191 antiquitas.
979 1140 1051 1178 sed
1076 1155 1155 1177 non
1186 1148 1340 1178 tantum
1370 1142 1535 1178 clientes

46 1199 248 1249 patronis
271 1197 507 1245 offerebant,
537 1196 609 1235 sed
628 1199 732 1234 cives
755 1197 931 1233 universi
954 1198 1143 1247 Augustis
1168 1196 1301 1248 (docet
1319 1197 1534 1236 Suetonius

0 1251 48 1290 4
71 1255 175 1305 Aug.
196 1255 264 1302 57,
294 1254 485 1291 Martialis
504 1253 673 1305 passim)
694 1261 732 1290 et
750 1251 793 1289 hi
811 1253 975 1290 civibus.
1019 1227 1185 1291 ὗΑιιεοιι.
1214 1266 1276 1304 ep.
1301 1256 1350 1293 2.
1377 1254 1533 1304 Augu-

59 1318 154 1347 -stae
173 1317 358 1348 sanetum
375 1324 522 1348 munus
538 1309 683 1347 habere
703 1323 860 1347 manus.
894 1322 1010 1360 supra
1031 1312 1057 1350 2
1077 1309 1171 1351 354.
1202 1310 1388 1347 Dmursr.
1432 1317 1533 1346 stre-

20 1362 41 1431 {J
69 1381 162 1412 nas,
201 1365 251 1404 de
283 1379 452 1420 quarum
483 1368 568 1418 orig
571 1368 635 1404 ine
665 1373 704 1404 et
722 1372 788 1418 et)
789 1379 854 1404 mo
873 1365 954 1403 vid.
974 1364 1265 1419 Symmachum
1289 1367 1341 1407 10
1370 1379 1434 1417 ep.
1459 1368 1529 1408 28.

25 1412 43 1508 ξ’
67 1425 194 1462 Βιττ.

23 1476 38 1531 ι

184 1477 277 1520 105
314 1479 478 1530 sportis]
511 1479 685 1530 sportula
705 1478 951 1529 congiarium
968 1479 1272 1530 pauperiorum:
1302 1491 1396 1516 nam
1414 1491 1528 1530 spor-

24 1537 118 1574 tis
143 1536 312 1587 pecunia
336 1534 607 1573 distribuenda
632 1535 921 1586 imponebatur.
980 1536 1198 1575 Ma1·tial.l
1221 1537 1298 1582 81,
1335 1538 1361 1575 3
1385 1536 1457 1583 50,
1499 1537 1526 1576 8

21 1578 38 1634 i*
66 1593 157 1641 50,
175 1598 215 1630 et
235 1592 418 1629 omnibus
437 1606 563 1643 paene
584 1595 720 1644 pagini
710 1594 762 1638 '3s
794 1593 971 1628 Iuvenal.
995 1598 1067 1629 sat.
1090 1594 1125 1639 1,
1157 1593 1196 1638 3,
1228 1598 1267 1628 et
1291 1593 1360 1638 103
1391 1592 1525 1629 Plaut.

35 1649 225 1686 curcul.
243 1654 284 1685 et
302 1647 550 1686 Menaechm.
609 1648 700 1685 vide
718 1650 949 1698 interpretes
971 1649 1152 1686 Suetonii
1170 1649 1319 1685 Doluit.
1343 1651 1384 1689 7.
1416 1647 1524 1685 divi-

67 1703 260 1749 debantur
276 1706 476 1756 sportulae
497 1704 548 1742 ad
568 1718 710 1742 sonum
728 1705 847 1742 tubae
872 1706 1093 1742 convocatis
1115 1705 1337 1741 clientibus.
1381 1706 1522 1742 Iuven.

65 1767 138 1799 sat.
164 1765 209 1802 1:
235 1759 343 1797 iubet
361 1775 388 1798 a
401 1776 599 1812 praecone
617 1762 753 1798 vocari
766 1775 898 1798 omne-s·
926 1762 1180 1812 Troiugenas.
1241 1761 1389 1811 triplex
1411 1773 1521 1808 usus,

4 1818 9 1862 J
36 1815 38 1823 ’
63 1823 134 1869 aut
151 1818 192 1854 in
210 1817 380 1868 publicis
397 1819 710 1856 solenmitatibns
725 1847 735 1865 ,
773 1824 867 1868 puta
886 1818 927 1854 in
946 1817 1051 1854 ludis
1065 1847 1074 1863 ,
1106 1824 1175 1854 aut
1194 1818 1400 1854 consulatu
1412 1846 1421 1864 ,
1453 1819 1521 1854 aut

2 1881 7 1887 ’
43 1873 365 1925 inauguratione
380 1877 619 1926 principum.
666 1874 872 1912 Claudian.
895 1872 944 1910 de
966 1877 990 1915 6
1015 1876 1118 1910 Hon.
1143 1873 1371 1910 consulatu:
1394 1887 1521 1924 prae-

35 1963 38 1977 ,
62 1929 183 1981 larga
213 1931 371 1967 vocavit
395 1931 584 1980 ditandas
610 1931 670 1967 ad
693 1931 798 1968 dona
820 1929 959 1967 tribus.
1022 1937 1089 1967 aut
1110 1932 1150 1967 in
1174 1931 1336 1980 nuptiis.
1396 1931 1519 1981 Sym-

60 1985 192 2024 much.
204 1985 232 2027 4
253 1999 318 2037 ep.
336 1985 410 2027 14:
439 1987 564 2024 Ιιοιιον
578 1987 778 2038 sportulae
794 1987 1068 2036 suscipiendae
1088 1986 1256 2023 culmini
1271 1993 1338 2022 tuo
1356 1993 1393 2022 et
1412 2000 1519 2023 more

37 2048 100 2093 fet
119 2056 252 2080 amore
272 2043 482 2081 solvendus
499 2051 574 2091 est5
603 2051 643 2081 et
666 2058 728 2095 ep.
750 2043 817 2091 55,
848 2046 874 2084 9
894 2057 956 2094 ep.
979 2044 1026 2082 91
1045 2050 1084 2079 et
1098 2045 1189 2083 102.
1219 2043 1419 2079 Ammian.
1443 2044 1517 2082 14:

37 2103 152 2136 ‘eum
178 2099 436 2137 intervallata
470 2100 708 2150 temporibus
738 2100 922 2136 convivia
956 2101 1079 2149 longa
1105 2106 1141 2134 et
1169 2100 1287 2136 noxia
1322 2101 1518 2148 coeperint

34 2189 38 2198 ,
67 2155 271 2206 apparari,
311 2155 377 2192 vel
392 2156 613 2193 distributio
632 2157 866 2194 solemnium
883 2156 1153 2205 sportularum
1171 2156 1295 2192 anxia
1320 2154 1517 2192 delibera-

32 2215 33 2218 ’
59 2213 162 2250 tlone
179 2219 384 2249 tractatur.
445 2212 536 2249 vide
557 2226 673 2264 supra
696 2212 722 2252 4
742 2214 811 2252 71.
869 2214 950 2249 scio
978 2214 1139 2249 nomine
1167 2211 1365 2262 sportulae
1390 2225 1516 2263 pecu-

34 2292 35 2296 =
57 2269 144 2309 nias
162 2269 251 2306 illas
273 2269 444 2319 intelligi
466 2282 566 2320 quae
589 2268 784 2306 iudicibus
803 2276 870 2305 aut
887 2268 1184 2306 exsecutoribus
1204 2269 1335 2305 litium
1356 2266 1512 2316 dantur,

48 2326 170 2364 ,cuius
187 2327 336 2362 mentio
363 2326 404 2362 in
427 2327 511 2363 iure
529 2328 696 2377 passim3
738 2327 876 2362 omitto
903 2323 1125 2362 historicos.
1183 2326 1265 2362 Leo
1294 2331 1333 2361 et
1356 2323 1514 2362 Anthe-

56 2383 162 2419 mius
180 2382 400 2432 Auggdtb.
421 2384 472 2423 33
499 2380 522 2434 §
549 2384 571 2423 1
591 2384 634 2420 C.
656 2382 705 2419 de
722 2383 855 2432 Episc.
878 2388 918 2418 et
935 2382 1037 2418 Cler.
1058 2382 1086 2418 l.
1111 2381 1182 2418 ult.
1201 2382 1244 2419 C.
1269 2380 1318 2417 de
1339 2395 1379 2418 re
1393 2382 1511 2418 milit.

27 2437 127 2475 ”Jib-
150 2438 216 2479 12.
255 2436 443 2490 idemque
463 2440 623 2476 Graecis
644 2442 861 2491 πρυτανεῖα
879 2445 1054 2485 vocatur,
1086 2444 1130 2474 ut
1152 2436 1266 2475 docet
1284 2437 1441 2485 Suidns,
1473 2444 1512 2474 et

54 2507 111 2534 ex
129 2507 176 2533 eo
194 2494 301 2532 Cael.
321 2494 464 2546 Rodig.
487 2498 537 2536 12
558 2498 608 2537 21
636 2502 676 2532 et
694 2497 746 2536 27
767 2494 835 2536 24.
894 2507 941 2531 ea
960 2493 1231 2546 deponebatur
1251 2507 1273 2531 a
1293 2507 1358 2531 reo
1384 2501 1422 2530 et
1441 2507 1509 2530 ac-

57 2557 234 2588 cusatore
251 2551 400 2588 multae
418 2553 603 2600 nomine,
642 2565 764 2604 quae,
794 2553 829 2589 si
847 2552 974 2589 victus
994 2557 1118 2600 esset,
1150 2550 1202 2588 ad
1221 2551 1509 2602 rempublicam

21 2643 39 2660 ι,
54 2596 220 2656 redibat,
251 2606 405 2645 decima
426 2610 510 2646 eius
528 2615 639 2660 parte
659 2607 855 2646 iudicibus
876 2615 1097 2644 numerata.
1154 2609 1341 2645 DzMrsr.

169 2665 261 2704 109.
291 2662 596 2716 Christophorus
615 2666 786 2703 Saxius'
775 2679 817 2702 1n
840 2666 922 2702 suis
940 2663 992 2702 ad
1010 2662 1235 2716 Diptychon
1255 2663 1391 2712 Magni
1412 2674 1509 2698 con-

21 2726 24 2730 '
46 2719 151 2763 ‚sulio
169 2719 579 2769 animadversionibus
598 2734 640 2774 p.
659 2724 713 2764 36
735 2720 889 2767 dubitat
909 2734 960 2759 an
981 2719 1047 2758 hic
1065 2717 1509 2770 versusintelligendus
