1702 3060
386 80 447 123 IN
478 79 831 125 IOHANNJDOS
864 81 928 125 111
959 81 1161 126 NOTAE.
1407 83 1506 129 243

52 202 163 237 W,
205 191 259 231 10
282 191 386 232 766:
418 193 584 228 summis
608 193 781 243 reserens
806 206 1001 230 annosam
1028 192 1226 231 montibus
1252 207 1411 236 omnm,
1454 198 1499 235 11

41 243 147 290 836:
179 248 222 285 in
251 246 450 285 montibus
481 249 580 298 Opis
601 249 687 286 alta
709 249 814 286 sedet
837 251 1014 287 summis.
1076 251 1172 287 item
1190 255 1216 292 2
1241 252 1344 291 388:
1374 250 1506 287 ‹lem-i.»-

39 308 86 342 -ae
103 303 466 355 circumfimdimur
487 306 628 351 armis,
670 311 709 342 et
733 305 837 346 409:
868 306 999 343 densis
1018 308 1259 344 incurrimus
1274 307 1411 344 armis.

154 373 252 413 239.
309 372 432 409 Silius
451 370 478 412 4
505 374 611 412 306:
638 373 803 410 dumosa
820 386 898 423 per
921 374 1046 410 ιήνία.

154 437 252 479 241.
307 439 415 491 Virg.
429 438 539 476 Aen.
562 441 586 480 3
613 440 716 481 655:
747 453 900 478 summo
928 455 1019 478 cum
1047 449 1190 479 monte.
1251 454 1288 479 v.
1319 448 1358 478 et
1385 454 1503 493 supra

40 490 94 531 ad
199 523 211 535 .

114 495 251 603 2323ss-
307 562 543 614 versasuga
564 562 671 614 Virg.
699 564 845 615 Georg.
868 562 895 605 4
923 562 991 605 85.

151 628 246 671 244.
303 631 412 680 Virg.
430 629 539 667 Aen.
569 633 587 671 1
623 633 699 672 67:
731 631 847 668 laxas
874 632 991 668 sciret
1020 631 1117 670 dare
1147 633 1278 670 iussus
1306 631 1497 670 habenas.

38 692 78 723 et
100 687 149 728 11
177 686 287 728 498:
319 685 481 723 tandem
503 684 603 722 liber
626 701 762 738 equus.

146 752 242 795 245.
298 753 430 791 ardua
450 755 595 791 montis
612 756 722 806 virg.
741 754 850 793 Aen.
877 758 927 797 11
958 754 1054 796 513.

144 820 239 863 247.
296 822 406 872 Virg.
428 821 538 859 Aen.
564 823 616 863 10
644 822 749 863 375:
780 823 949 860 numina
969 820 1086 859 nulla
1104 829 1307 873 premunt.

145 886 241 930 249.
297 889 406 940 Virg.
426 888 535 926 Aen.
563 891 588 929 9
617 888 723 930 543:
764 890 986 941 cotfixique
1014 890 1097 926 suis
1126 889 1230 935 telis,
1276 896 1311 926 et
1332 897 1498 940 pectora

32 943 132 982 duro
152 945 363 997 transfossi
381 946 510 997 ligno,
537 947 714 983 veniunt.

144 1012 239 1055 251.
290 1012 454 1064 pondus
495 1011 624 1050 civile.
686 1024 820 1050 rursus
858 1011 1026 1049 occurrit
1066 1009 1092 1052 4
1137 1012 1228 1053 195.
1288 1013 1495 1065 utrobique

15 1069 188 1119 spondas
206 1069 322 1107 civile
340 1076 419 1118 est,
450 1075 493 1106 ut
516 1077 635 1120 puto,
665 1067 879 1106 multitudo
903 1069 1072 1106 civium:
1103 1082 1198 1105 nam
1218 1070 1368 1105 Nonius
1386 1071 1495 1106 Mar-

19 1126 156 1164 *cellas
174 1126 241 1162 De
250 1127 494 1177 proprietate
509 1139 733 1163 sermonum
752 1138 784 1162 c.
804 1128 828 1166 6
854 1139 891 1161 n.
915 1127 992 1165 102
1024 1125 1154 1176 (inter
1181 1125 1379 1162 Aac-tores
1412 1125 1492 1162 lin-

14 1196 134 1235 guae
149 1183 323 1220 Latinae
342 1183 423 1221 Col.
441 1182 592 1222 Allobr.
619 1184 722 1223 1622
742 1195 782 1233 p.
799 1179 907 1231 746)
940 1183 1017 1218 ait:
1041 1182 1206 1232 pondus
1221 1196 1295 1231 pro
1313 1196 1490 1220 nurnero.

19 1239 148 1278 'Varro
175 1239 242 1276 De
266 1240 350 1276 vita
374 1237 522 1289 populi
548 1239 669 1276 Rom.
703 1238 752 1278 4:
799 1251 818 1274 e
854 1238 1027 1275 Graecia
1057 1238 1268 1274 Asiaticas
1295 1239 1338 1275 in.
1372 1239 1493 1276 villas

15 1302 287 1346 =comportasse
317 1309 511 1346 magnum
527 1295 690 1345 pondus
713 1296 891 1331 omnium
913 1294 1129 1342 artficum.
1191 1296 1330 1332 Livius
1358 1303 1491 1332 autem

12 1351 52 1394 13
80 1355 135 1394 28
164 1351 320 1389 civilem
350 1352 563 1389 clamorem
594 1351 696 1388 dixit
726 1351 938 1387 clamorem
959 1352 1108 1388 civium
1128 1365 1308 1399 suorum;
1340 1358 1378 1388 et
1395 1366 1490 1403 pas-

12 1410 103 1448 ·sim
120 1416 334 1460 usurpatur
353 1408 503 1446 bellum
525 1408 659 1453 civile,
689 1406 731 1444 id
755 1414 813 1444 est
837 1409 998 1444 emam.

135 1478 232 1517 252.
288 1477 396 1526 Virg.
421 1474 532 1512 Aen.
564 1475 614 1514 11
652 1475 755 1514 673:
794 1475 1027 1524 pariterque
1058 1481 1209 1518 ruunt,
1256 1481 1294 1511 et
1323 1472 1349 1514 4
1387 1476 1489 1515 164:

12 1540 147 1570 -ruunt
166 1533 214 1569 de
230 1531 442 1569 montibus.
503 1533 602 1568 item
632 1531 778 1581 Georg.
802 1530 828 1570 4
858 1533 937 1572 112
957 1536 994 1566 et
1012 1529 1119 1566 Aen.
1144 1533 1196 1571 10
1218 1533 1311 1572 707.
1372 1532 1487 1568 simi-

7 1589 112 1627 ²liter
134 1589 340 1636 desinunt,
370 1589 418 1626 de
439 1586 637 1624 montibus
657 1586 767 1622 altis.

131 1647 230 1687 253.
286 1652 473 1682 vec-tator.
534 1657 615 1681 vox
635 1641 817 1680 addenda
836 1643 979 1679 lexicis
997 1642 1160 1680 Latinis.

133 1701 230 1743 254.
287 1702 398 1753 Virg.
414 1701 523 1738 Aen.
549 1703 568 1741 1
593 1699 694 1740 446:
725 1701 866 1736 iactati
881 1699 1002 1736 undis
1016 1706 1052 1735 el
1069 1697 1242 1744 turbine,
1273 1704 1311 1736 et
1329 1702 1356 1740 7
1375 1700 1481 1740 676:

6 1771 138 1796 ’σιινειι
162 1757 318 1808 rapido.

130 1816 224 1855 255.
283 1814 450 1864 confluit
477 1813 642 1850 fortasse
670 1812 831 1849 retineri
857 1817 1000 1862 potest.
1060 1824 1097 1852 v.
1118 1823 1237 1862 supra
1259 1808 1311 1847 ad
1328 1823 1367 1852 v,
1389 1809 1481 1852 143.

17 1871 123 1922 virg.
144 1870 253 1908 Aen.
277 1871 303 1911 5
324 1870 428 1911 447:
449 1870 626 1920 pondere
646 1875 757 1906 vasto
781 1868 964 1905 concidit.

126 1938 222 1979 256.
282 1934 331 1973 de
371 1935 546 1987 epitheto
575 1935 771 1987 glaucam
795 1936 930 1972 iuncto
963 1947 1053 1972 cum
1078 1933 1230 1971 olivam
1258 1933 1350 1972 vide
1377 1933 1427 1972 ad
1456 1935 1477 1974 1

0 1991 108 2036 -684,
165 1994 320 2034 Colum.
345 1995 395 2034 12
424 1994 501 2034 47:
531 1992 681 2030 olivam
700 2006 825 2029 marm
845 1993 1099 2043 destringere.

125 2050 221 2091 257.
281 2063 468 2086 concusso
484 2051 627 2086 ,vertice
640 2051 748 2099 Virg.
765 2049 874 2086 Aen.
896 2051 922 2089 2
945 2051 1037 2089 629.

125 2107 223 2147 258.
278 2106 445 2143 fortasse
465 2105 644 2143 nondum
662 2119 781 2143 sanus
802 2113 860 2143 est
882 2118 1020 2142 sensus
1042 2102 1161 2141 huius
1178 2114 1328 2140 versus.

125 2163 221 2202 261.
272 2162 440 2213 perdere
454 2169 611 2213 gentem
631 2163 740 2212 Vir-g,
755 2162 863 2198 Aen.
888 2164 913 2201 7
940 2161 1036 2202 304.

123 2219 218 2258 263.
277 2231 410 2255 meam
430 2221 709 2256 correctionem
727 2225 859 2255 tuetur
877 2218 984 2267 Virg.
1006 2216 1115 2252 Aen.
1137 2217 1163 2255 2
1191 2214 1295 2256 596:
1314 2214 1474 2265 fissum

10 2281 139 2311 aetate
161 2282 371 2324 parentem
403 2274 566 2326 liqueris
596 2274 837 2311 Anchisen?
901 2275 981 2311 imo
1018 2271 1242 2311 Hildericus
1255 2300 1265 2318 ,
1305 2271 1390 2318 vel,
1430 2277 1474 2308 ut

11 2343 104 2368 eum
126 2338 262 2369 noster
285 2335 403 2383 poiita
431 2338 567 2379 vocat,
606 2330 805 2368 Hildimer
834 2343 906 2367 rex
935 2343 1134 2366 annorum
1159 2342 1320 2365 numero
1334 2329 1474 2378 jbssus

9 2399 102 2424 vere
129 2385 208 2426 dici
238 2387 304 2425 hic
330 2389 458 2439 potuit
484 2389 531 2424 ab
561 2400 630 2435 eo,
663 2389 755 2439 quia
775 2393 892 2423 natus
910 2393 992 2423 erat
1010 2399 1062 2422 ex
1083 2383 1267 2422 Eudoxia
1288 2385 1369 2421 filia
1389 2386 1469 2422 Va-

9 2442 220 2482 lentiniani
238 2448 264 2486 3
286 2446 390 2495 Aug.
411 2452 499 2495 post
520 2457 668 2481 anuum
689 2444 791 2491 456,
826 2456 903 2495 quo
930 2455 976 2480 ea
1004 2441 1148 2479 tradita
1170 2442 1246 2478 fuit
1271 2442 1470 2478 Hune-rico

10 2501 152 2550 nuptui
174 2514 196 2538 a
218 2501 427 2538 Genserico
440 2531 450 2549 ,
480 2509 525 2538 ut
542 2507 710 2538 testatur
729 2500 939 2537 Morcellus
957 2498 1057 2550 Asr.
1083 2499 1227 2536 Christ.
1246 2505 1273 2535 t.
1290 2501 1314 2539 3
1336 2511 1376 2548 p.
1395 2497 1470 2536 168

9 2555 51 2593 il.
71 2558 97 2597 8
110 2585 121 2603 ,
152 2563 190 2594 et
209 2564 297 2594 ante
319 2571 468 2594 anuum
487 2557 606 2606 472,'
623 2569 701 2608 quo
716 2558 847 2593 virum
865 2569 936 2593 ceu
953 2557 1144 2593 Arianum
1162 2568 1298 2592 aversa
1316 2554 1467 2602 aufugit

10 2618 52 2650 et
73 2613 370 2664 Hierosolymae
393 2613 573 2653 decessit.
629 2612 720 2650 vide
741 2611 1000 2664 Theophanis
1027 2610 1397 2662 Chronograplziam
1418 2606 1468 2644 ud

12 2680 164 2714 annum
182 2668 264 2710 464
284 2669 346 2709 ed.
363 2672 487 2710 Paris.
512 2669 615 2711 1655
637 2684 675 2721 p.
696 2672 799 2718 102,
832 2677 870 2707 et
887 2670 1064 2707 Morcell.
1084 2670 1112 2706 l.
1133 2682 1165 2708 c.
1182 2681 1221 2718 p.
1241 2668 1335 2710 185.
1374 2663 1468 2701 him:

14 2731 119 2763 anno
139 2726 221 2766 530
238 2725 404 2763 fortasse
424 2728 748 2777 septuagenarius
766 2728 847 2764 iam
865 2733 948 2763 erat
965 2724 1203 2764 Hildericus.
