1702 3060
245 120 342 164 230
732 110 1167 160 MAZZUCCHELLII

352 229 420 268 72·
475 226 582 274 Virg.
614 225 756 274 Georg.
787 224 810 264 1
842 224 943 264 317³
984 230 1021 260 et
1034 224 1187 275 fragili
1213 225 1295 262 iam
1319 226 1522 276 stringeret
1545 224 1660 262 ordea

247 281 387 318 culmo.
1653 288 1661 307 '³

357 334 423 375 74.
480 332 600 370 Silius
618 334 642 372 6
661 334 764 373 627:
791 345 966 369 remeans
983 331 1110 383 longis
1136 334 1358 385 Tirynthius
1372 336 1462 372 ori-5.

355 389 421 429 75.
477 387 667 424 Astrices.
725 400 855 424 rursus
881 389 1043 425 occurrit
1066 389 1166 425 infra
1195 390 1219 430 5
1247 393 1325 430 391
1354 398 1392 427 et
1413 387 1493 430 454
1517 367 1680 426 numeni:

247 443 362 481 huius
382 443 522 492 gentis,
551 455 670 494 quam
688 443 826 480 frustra
845 445 1018 493 quaesivi
1036 444 1140 494 apud
1157 443 1411 496 geographos,
1430 446 1529 482 sicut
1545 446 1660 482 etiam

246 498 344 535 nihil
364 499 495 534 inveni
515 496 563 534 de
583 499 669 534 aliis
692 499 847 548 populis
869 501 935 548 qui
956 498 1018 535 hic
1038 502 1298 538 nominantur.

355 555 423 594 76.
480 565 539 588 ms
565 552 747 598 Zersc'lc's,
787 552 858 590 sed
879 555 979 590 infra
1012 566 1049 590 v.
1085 554 1160 594 145
1191 557 1332 605 legitur
1353 553 1556 604 Zerquilis.
1615 565 1662 590 ea

245 609 363 645 etiam
394 614 451 645 est
481 620 576 657 gens
603 609 736 656 ignota
767 606 1005 659 hucusque
994 609 1247 660 geographis,
1293 612 1370 647 nisi
1407 611 1482 646 sint
1512 607 1677 645 incolae

248 664 337 699 Zaa
305 663 411 712 gylis
423 689 439 707 ,
478 664 586 699 cuius
613 663 718 699 urbis
738 665 915 699 meminit
930 665 1174 702 Ptolemaeus
1199 673 1236 702 et
1255 666 1412 702 Carolus
1433 678 1455 701 a
1476 665 1517 701 S.
1538 665 1663 702 Paulo

246 719 285 754 in
313 719 423 755 Geoo·
390 717 563 768 graphia
588 718 712 753 Sacra
729 731 767 767 p.
785 717 877 757 274.
934 719 1009 754 suit
1037 732 1081 756 ea
1106 720 1218 758 sedes
1246 721 1472 772 episcopalis
1501 720 1572 757 sub
1590 732 1663 770 pa⁴

246 772 412 810 triarcha
431 770 726 810 Alexandriuo’
716 785 756 807 in
773 773 895 822 Libya
915 774 1048 810 altera.

353 830 420 869 77.
475 840 535 864 ms
565 828 693 864 mosis.
753 840 797 863 ea
825 840 903 863 vox
933 835 1099 865 correcta
1129 829 1205 865 fuit
1233 830 1286 866 ita
1314 837 1358 868 ut
1382 827 1560 868 videatur
1583 831 1663 880 legi

245 896 358 934 posse
376 895 508 927 mons;
539 880 586 918 de
606 894 682 932 quo
700 887 829 919 tamen
847 884 963 919 silent
983 882 1208 933 geographi.

354 941 421 978 79.
478 950 528 972 an
542 937 772 973 Atlanteis?
808 936 878 974 sed
897 939 1006 975 Atlas
1027 952 1139 975 mons
1161 945 1218 975 est
1235 939 1278 975 in
1296 939 1518 990 Tingitana,
1547 940 1665 990 louge

245 1006 267 1030 a
285 993 529 1043 Tripolitana
547 993 744 1041 provincia
757 1021 766 1038 ,
796 993 863 1028 ubi
884 1000 940 1029 est
957 995 1171 1030 Tillibaris.

355 1050 422 1088 80.
480 1046 527 1083 de
554 1046 734 1082 Tillibari
760 1048 823 1083 vel
851 1047 1044 1084 Tillahan‘
1061 1050 1206 1084 mentio
1225 1054 1282 1084 est
1302 1047 1406 1098 apud
1427 1050 1667 1085 Antoninum

246 1104 287 1139 in
305 1103 509 1140 Itium-ario
519 1129 533 1146 ,
570 1114 622 1138 ex
642 1114 718 1152 quo
737 1109 884 1138 constat
904 1103 1024 1139 fuisse
1045 1106 1086 1139 in
1102 1104 1344 1153 Tripolitana
1360 1105 1571 1155 provincia.
1627 1116 1669 1146 v..

245 1159 556 1207 Wesselingium
576 1163 613 1192 et
631 1157 727 1193 alios
744 1159 784 1192 iu
802 1159 902 1194 notis
920 1157 968 1194 ad
986 1158 1085 1194 illud
1107 1172 1145 1208 p.
1163 1161 1229 1198 30.

353 1215 418 1252 83.
475 1210 711 1249 Claudianus
739 1213 779 1248 in
807 1212 970 1262 Eutrop.
993 1217 1019 1255 2
1040 1213 1141 1253 461:
1171 1212 1328 1249 tandem
1343 1213 1427 1260 fila
1454 1212 1526 1250 tibi
1552 1227 1666 1251 neve-

245 1274 340 1304 runt
364 1267 502 1303 ultima
530 1267 695 1303 Parcae.
768 1269 873 1317 Virg.
900 1268 1007 1304 Aen.
1039 1271 1090 1310 10
1118 1268 1223 1309 814:
1269 1275 1509 1319 extremaque
1531 1270 1667 1306 Lauso

246 1324 399 1359 Pareae
406 1322 489 1369 fila
507 1321 656 1370 legunt.

353 1379 418 1417 89.
476 1389 535 1413 ms
558 1375 622 1412 hic
642 1382 680 1412 et
699 1389 737 1412 v.
759 1377 807 1417 91
830 1383 966 1413 astur.-
1004 1374 1075 1414 sed
1097 1376 1199 1413 iufra
1225 1378 1302 1419 209
1323 1383 1362 1414 et
1384 1376 1486 1426 345,
1520 1380 1615 1416 item
1641 1381 1668 1420 6

246 1433 324 1476 283
348 1432 491 1482 legitur
507 1438 656 1468 austur.
718 1432 804 1481 quis
825 1438 956 1468 autem
974 1434 1023 1468 sit
1044 1431 1107 1467 hic
1127 1433 1306 1482 populus,
1334 1431 1509 1470 nondum
1529 1436 1665 1485 reperi.

357 1488 449 1527 100.
506 1488 654 1523 Lucan.
678 1487 702 1525 8
721 1489 822 1526 377:
862 1500 942 1523 non
959 1489 1059 1523 aries
1077 1487 1158 1522 illi-s·
1171 1514 1186 1531 ,
1215 1500 1292 1523 non
1309 1487 1394 1524 ulla
1415 1494 1470 1523 est
1484 1491 1668 1527 machina

247 1541 352 1578 belli.
412 1544 467 1579 sic
491 1540 632 1578 desinit
652 1542 758 1589 Virg.
777 1542 883 1578 Aen.
905 1544 932 1580 2
957 1542 1052 1588 151,
1093 1549 1130 1578 et
1149 1543 1295 1578 Lucan.
1317 1545 1341 1582 6
1363 1545 1414 1582 37
1439 1550 1477 1579 et
1503 1545 1555 1585 10
1574 1547 1667 1587 481.

246 1599 448 1632 inventum
469 1603 599 1632 autem
618 1597 658 1632 in
677 1596 807 1632 Africa
825 1598 983 1632 arietem
1001 1604 1148 1634 constat
1163 1610 1251 1633 cum
1270 1610 1321 1633 ex
1337 1598 1511 1635 Vitruvio
1533 1601 1582 1639 10
1603 1602 1673 1648 19,

246 1657 329 1687 tum
349 1664 399 1687 ex
418 1652 661 1688 Tertulliano
681 1664 712 1687 c.
738 1654 754 1690 l
777 1652 824 1687 de
841 1652 987 1688 Pallio.
1046 1651 1270 1688 huiusmodi
1285 1651 1505 1690 machinam
1523 1653 1668 1691 descri-

247 1707 303 1743 bit
335 1705 559 1743 Athenaeus
582 1705 851 1754 Mechanicus,
902 1714 1241 1758 commentumque
1275 1707 1368 1744 dicit
1394 1707 1669 1759 Pephasimeni

247 1761 446 1799 cniusdam
472 1763 585 1811 Tyrii
613 1768 744 1798 contra
773 1762 996 1799 Gaditanos.
1055 1763 1186 1799 confer
1204 1764 1336 1799 Pitisci
1354 1763 1525 1801 Lexicon
1545 1766 1670 1802 Anti-

246 1817 440 1866 quitatum
461 1817 730 1852 Romanorum
748 1818 866 1854 verbo
882 1817 1002 1853 Aries
1016 1816 1077 1854 ed.
1094 1817 1282 1854 Leovard.
1307 1820 1410 1858 1713
1432 1832 1471 1868 p.
1494 1822 1667 1862 171—2.

245 1870 430 1922 graphice
463 1870 628 1906 eandem
652 1870 874 1908 machinam
904 1871 1084 1909 describit
1110 1875 1273 1924 Procop.
1299 1873 1346 1910 de
1373 1871 1472 1910 hello
1497 1875 1616 1912 Goth.
1644 1880 1663 1917 1

245 1929 322 1974 21,
354 1933 397 1963 ut
414 1929 453 1963 in
473 1939 547 1962 usu
567 1932 646 1961 erat
668 1938 736 1962 suo
756 1939 865 1963 aevo.

361 1984 449 2022 102.
506 1983 610 2030 Virg.
631 1980 736 2018 Aen.
757 1983 784 2020 7
805 1981 909 2022 746:
945 1981 1105 2019 horrida
1116 1983 1329 2032 praecipue
1347 1983 1414 2019 cui
1424 1996 1536 2034 gens.
1595 1997 1666 2036 pro

245 2035 348 2072 <Iura
366 2037 418 2072 tir
421 2037 460 2072 is
479 2035 567 2072 vide
585 2048 700 2085 supra
720 2035 769 2072 ad
790 2049 827 2073 v.
848 2035 914 2076 44.

359 2093 448 2131 109.
504 2104 565 2128 ms
585 2091 744 2138 Lerna;
773 2090 843 2128 sed
863 2092 963 2129 infra
983 2091 1010 2133 4
1027 2092 1107 2134 597
1129 2098 1166 2129 et
1186 2094 1261 2133 631
1291 2098 1348 2129 est
1366 2091 1483 2130 lerna
1512 2095 1666 2144 rectius,

247 2151 289 2182 ut
306 2152 414 2196 puto.

354 2200 409 2237 ib.
474 2200 625 2238 Gurzil.
686 2197 802 2238 huius
830 2201 1000 2239 numinis
1029 2201 1280 2239 barbararum
1311 2204 1487 2252 gentium
1513 2203 1666 2240 Africae

247 2268 360 2292 nemo
390 2254 590 2306 hucusque
618 2258 816 2303 meminit,
858 2256 963 2308 quod
991 2259 1124 2294 sciam.
1181 2260 1344 2294 occurrit
1365 2260 1480 2294 etiam
1503 2259 1603 2294 infra
1626 2271 1665 2296 v.

246 2312 326 2350 415
354 2318 390 2347 et
411 2312 555 2360 pluries
579 2312 690 2357 alibi,
732 2312 871 2361 quibus
896 2325 947 2348 ex
973 2313 1067 2349 locis
1097 2313 1236 2362 colligo
1256 2313 1387 2348 Gurzil
1405 2325 1488 2349 esse
1509 2315 1666 2350 Iovem:

246 2379 340 2402 nam
363 2372 553 2402 trecentos
584 2379 647 2402 eos
672 2367 791 2402 fuisse
821 2373 982 2404 testatur
998 2369 1116 2405 Varro
1138 2366 1242 2417 apud
1259 2367 1568 2415 Tertullianum,
1599 2370 1665 2419 qui

246 2422 286 2457 in
308 2420 564 2470 Apologetico
586 2422 640 2457 sic
661 2423 712 2457 ait
729 2435 761 2457 c.
784 2420 857 2460 14:
898 2430 934 2458 et
951 2424 1156 2459 Romanus
1183 2422 1350 2471 Cynicus
1373 2422 1498 2459 Varro
1520 2430 1666 2460 trecen-

248 2484 306 2513 tos
323 2478 433 2514 loves
451 2476 531 2512 sive
550 2476 738 2524 Jupiter-es
753 2478 836 2511 stne
854 2477 1046 2526 capitibus
1064 2476 1283 2513 introducit.

359 2534 448 2571 110.
505 2528 579 2566 hoc
600 2531 675 2565 loci
697 2543 774 2566 vox
790 2539 925 2579 gentes
942 2538 1165 2581 usurpatur,
1195 2538 1238 2567 ut
1251 2530 1398 2581 passim
1415 2531 1519 2583 apud
1539 2534 1664 2570 eccle-

246 2587 420 2624 siasticos
439 2587 640 2634 scriptores
658 2591 695 2620 et
712 2586 752 2620 in
769 2587 923 2635 vulgata
943 2587 1161 2623 divinorum
1177 2587 1362 2624 libronun
1377 2589 1565 2638 versione,
1593 2601 1663 2639 pro

244 2642 407 2692 gentile-s·
427 2654 495 2678 seu
516 2639 757 2676 idololatrae.

354 2696 406 2733 ib.
467 2696 642 2745 corniger
661 2694 833 2731 Ammon
856 2697 1032 2734 Lucanus
1057 2699 1080 2738 3
1101 2698 1195 2739 292.
