1702 3060
398 92 607 136 IUSTINI
640 92 879 136 MINORIS
914 92 1019 135 LlB.
1047 90 1101 136 11.

0 209 2 226 ³
29 201 110 249 265
139 215 192 241 ex
211 203 353 255 quibus
374 210 432 242 est
453 217 661 241 commune
680 204 852 251 boumn,
885 215 1093 240 commune
1115 202 1313 240 levamen.

38 300 58 324 3
138 275 287 308 tutetur
301 271 416 310 fiscus
435 274 626 310 iustormn
644 273 803 308 nemine
824 272 930 307 laeso
945 282 955 306 t

141 350 243 390 quae
262 351 331 376 sua
348 346 459 388 sunt,
489 341 634 390 capiat,
665 351 765 391 quae
782 345 873 375 sunt
890 340 1042 388 privata
1055 368 1064 384 ,
1095 338 1300 390 relinquat.

138 404 330 443 iustitiam
349 408 535 454 colimus,
566 409 688 444 iustos
706 418 940 444 veneramur
955 418 1133 443 amamus
1148 417 1159 441 :

138 470 243 511 hatto
264 474 586 512 commendamus
599 504 608 522 ‚
638 473 741 511 hauc
759 487 830 511 vos
851 474 1020 510 retinere
1042 473 1238 510 iubemus.

28 536 110 583 260
137 541 310 591 plurima
331 549 422 579 sunt
442 543 532 578 vivo
553 543 722 578 nimium
741 542 921 592 neglecta
942 545 1117 590 parente,

139 608 246 646 m1de
267 615 323 646 tot
342 606 557 646 exhaustus
578 611 774 646 contraxit
792 608 923 646 debita
943 607 1071 656 fiscus,

137 674 302 714 reddere
322 688 422 728 quae
441 676 594 713 miseris
611 678 710 713 moti
726 678 873 728 pietate
891 688 1090 727 paramus.

138 743 247 796 quod
266 745 397 781 minus
420 743 468 781 ob
491 744 648 780 senium
666 744 864 781 factumve
886 750 1066 781 actumve
1085 744 1270 795 parentis,

135 818 312 863 tempore
326 812 467 848 Iustini
487 819 700 849 correctum
718 812 888 863 gaudeat
905 812 1023 849 orbis.

27 877 108 921 265
136 880 247 916 nulla
269 881 346 917 fuit
368 880 450 915 iam
470 891 560 915 cura
580 880 689 916 seni:
718 881 799 916 iam
817 878 985 930 frigidus
1005 879 1133 916 omnis

138 948 298 985 alterius
319 948 422 984 vitae
443 947 526 984 solo
549 946 725 983 fervebat
746 959 892 984 amore.

137 1015 180 1051 in
204 1016 359 1052 caelum
378 1027 490 1051 mens
512 1014 638 1050 omnis
657 1020 761 1050 erat:
790 1015 871 1050 iam
894 1015 1065 1066 corporis
1084 1013 1203 1052 huius

137 1082 347 1120 immemor
365 1080 469 1118 hanc
490 1079 629 1117 mundi
646 1081 791 1118 faciem
809 1084 995 1120 transisse
1014 1083 1192 1134 putabat.

139 1157 178 1186 et
199 1151 292 1187 licet
313 1147 496 1187 exhausti
513 1151 688 1186 vacuarit
708 1150 914 1188 commoda
934 1152 1029 1200 fisci,

28 1218 110 1259 270
137 1217 206 1254 illa
226 1225 361 1254 tamen
379 1218 504 1255 sancti
521 1230 680 1254 mecum
695 1225 754 1255 est
769 1218 991 1256 benedictio
1010 1220 1145 1270 patris,

138 1297 239 1338 quae
260 1292 389 1323 totum
413 1298 593 1336 reparare
614 1292 743 1335 potest
764 1293 801 1323 et
820 1287 931 1337 lapsa
949 1300 1109 1324 novare.

138 1365 213 1389 nec
234 1355 407 1404 patimur
422 1365 664 1404 quemquam
681 1360 876 1390 sacratum
893 1354 1051 1391 laedere
1070 1356 1220 1404 fiscum,
1242 1404 1244 1406 v

139 1433 213 1457 nec
234 1419 342 1461 laedi
361 1433 601 1472 quemquam
620 1421 785 1458 sinimus
804 1422 876 1458 sub
898 1423 1058 1459 nomine
1082 1422 1179 1460 fisci.
1232 1408 1239 1417 l

139 1494 300 1525 utantur
321 1489 451 1525 cuncti
469 1489 658 1538 propriis,
690 1501 735 1525 ac
753 1490 838 1526 iure
856 1486 1076 1527 fruanulr.”

27 1554 110 1598 275
195 1558 303 1593 Haec
323 1563 533 1607 postquam
553 1557 735 1607 princeps
751 1559 966 1609 tranquillo
982 1560 1147 1609 protulit
1166 1573 1247 1608 ore,

139 1636 286 1674 pronus
305 1623 481 1661 adoravit
500 1622 667 1661 laudans
683 1625 749 1675 pia
770 1623 873 1662 dicta
892 1633 1065 1675 senatus,

142 1699 180 1728 et
195 1694 341 1730 summi
361 1692 508 1728 clamor
524 1692 704 1741 pervenit
724 1692 764 1728 iu
784 1699 886 1729 astra
906 1694 1066 1732 favoris.

194 1761 379 1797 Protinus
399 1761 441 1796 in
461 1759 596 1809 magni
615 1760 739 1809 surgit
758 1759 916 1811 fastigia
937 1763 1041 1810 circi,

139 1834 315 1865 cerneret
334 1835 378 1864 ut
394 1828 517 1864 laetos
542 1827 710 1877 populos
730 1828 968 1880 plebemque
985 1837 1165 1868 moneret

28 1896 111 1937 280
139 1896 285 1947 eloquii
301 1896 445 1946 pietate
464 1895 538 1932 sui.
597 1901 690 1932 tunc
708 1894 845 1932 ordine
866 1897 985 1948 longo

140 1962 328 2000 incedunt
347 1964 493 2001 summi
510 1975 691 2014 proceres
710 1963 945 2017 fulgensque
966 1974 1138 2006 senatus.

138 2031 225 2082 ipse
243 2032 346 2068 inter
362 2032 511 2082 primos
523 2060 533 2079 ‚
562 2031 675 2068 vultu
694 2033 918 2081 praeclarus
938 2031 1102 2083 honoro,

138 2099 272 2136 fratris
287 2100 331 2135 in
349 2099 583 2150 obsequium
603 2097 779 2149 gaudens
800 2101 1010 2139 Marcellus
1030 2103 1176 2152 abibat,

139 2165 427 2218 dispositorque
445 2179 570 2204 novus
590 2179 722 2203 sacrae
747 2166 965 2206 Baduarius
992 2171 1119 2220 aulae,

28 2232 110 2276 '285
138 2247 339 2272 successor
358 2235 505 2282 soceri,
534 2234 660 2271 factus
682 2248 781 2272 mox
803 2237 1030 2287 curopalati.

83 2343 92 2351 ⁸
139 2300 202 2340 his
225 2308 331 2338 aetas
352 2299 504 2352 dispar,
535 2300 606 2339 sed
626 2315 697 2352 par
717 2310 854 2340 votum
874 2309 991 2354 atque
1011 2305 1215 2344 voluntas:

141 2369 256 2406 ambo
275 2369 447 2419 patricii,
480 2367 613 2406 dilecti
631 2371 819 2421 principis
843 2371 958 2408 ambo

141 2437 346 2487 fulgebant
365 2438 535 2486 geminis
556 2438 704 2475 similes
725 2438 968 2478 radiantibus
988 2443 1114 2490 astris,

142 2505 254 2541 astris
275 2517 375 2556 quae
398 2505 553 2541 caelum
570 2506 728 2543 flamma
747 2509 909 2545 meliore
928 2518 1152 2560 perornant,

34 2571 117 2611 290
145 2571 304 2622 solaque
326 2572 478 2622 prolato
496 2581 663 2623 possunt
685 2588 775 2612 cum
798 2577 881 2614 sole
904 2577 1029 2616 videri

19 2631 22 2634 ’
146 2637 349 2675 stellarum
366 2640 542 2690 fugiente
560 2643 700 2692 globo,
733 2644 890 2695 quando
913 2648 1046 2683 onmia
1067 2648 1218 2698 pallent

147 2702 276 2742 sidera
297 2713 336 2743 et
355 2706 516 2747 adflatus
537 2717 666 2747 ortum
685 2711 799 2750 iubar
819 2714 958 2765 aspicit
979 2713 1122 2753 herbas

1381 78 1474 135 183
