1702 3060
257 122 352 168 304
531 122 713 164 ΝΟΤΔΕ
743 122 801 164 ΙΝ
834 120 1082 163 DEDICAT.
1115 120 1406 164 LIBRORUM

256 228 460 267 Claudiani
480 228 761 278 panegyricum
788 226 834 263 cle
859 227 1062 264 consulatu
1087 227 1288 274 Theodori}
1317 240 1433 279 quem
1451 228 1678 265 communi-=

258 287 358 322 cavit
375 283 471 321 mihi
489 282 642 332 pridem
664 281 712 318 de
731 283 869 318 litterIs
893 283 1038 331 optime
1062 284 1222 319 meritus
1242 284 1291 320 D.
1314 284 1474 320 Iacobus
1493 285 1668 332 Bongar-

258 342 337 376 sius
359 338 410 375 ad
429 339 657 373 Germaniae
677 338 871 387 principes
890 338 1053 386 lagatus.
1097 339 1188 374 vicit
1203 344 1333 374 tamen
1347 350 1440 375 usus
1462 336 1566 388 apud
1585 350 1669 374 me-

260 395 365 430 lioris
392 399 506 428 notae
534 399 707 429 auctores
725 398 768 427 ut
780 393 1041 442 panegyricus
1064 391 1266 429 diceretur.
1323 391 1577 440 Claudianus,
1607 393 1670 429 Si-

260 447 398 484 donius
425 447 682 497 Apollinaris,
709 448 881 494 Plinius,
910 446 1111 484 Ennodius
1138 447 1380 495 Ticinensis,
1407 449 1670 487 Mamertinus:

260 504 406 539 Auson.
419 514 535 538 carm.
551 506 569 542 1
584 514 594 538 :
623 503 704 538 sive
715 503 977 552 panegyricus
988 502 1148 551 placeat
1163 503 1384 539 contendere
1400 501 1530 538 libros.
1571 502 1680 538 Tul-a

260 558 335 593 lius
364 564 451 593 ante
479 556 550 594 lios
575 556 623 593 de
654 557 744 593 clar.
767 564 928 594 oraton:
960 557 1054 593 tales
1081 558 1276 594 suasiones
1300 557 1455 607 qualem
1488 557 1672 594 Isocrates

252 612 355 661 fecit
382 613 676 662 panegyricum.
736 613 933 648 translatio
973 625 995 647 a
1037 619 1225 649 conventu
1254 624 1473 663 pompaque
1506 612 1673 675 publica.

264 666 462 703 Heliodor.
481 670 528 707 7:
558 666 682 706 ιππον
707 680 749 705 τε
775 663 982 719 Ἀρμένιον
1003 665 1072 707 τόν
1097 667 1152 714 εἰς
1174 682 1332 718 πομπας
1350 666 1416 706 καὶ
1437 662 1676 719 πανηγύρεις

261 723 320 773 τῷ
345 717 521 775 σατράπῃ
550 718 840 772 φατνιζόμενον.
897 721 943 758 de
973 721 1181 772 epigraphe
1210 733 1299 771 ergo
1323 723 1476 759 nullmn
1500 720 1673 758 dubium.

261 761 444 812 fisurs‘r.

372 829 419 866 Id
448 843 620 878 carmen,
651 837 692 867 ut
717 831 874 877 volunt,
909 831 1206 880 panegyricum,
1235 845 1275 868 re
1297 845 1388 869 vera
1410 838 1467 870 est
1485 830 1675 868 dedicatio

266 886 511 936 sequentium
539 887 726 922 librorum
755 886 802 922 de
831 885 1014 921 laudibus
1035 886 1188 922 Iustini.
1241 888 1524 936 panegyricum
1540 893 1675 923 neutro

263 953 405 989 genere
434 941 589 977 inscribi
619 943 660 977 in
688 941 922 977 membranis
944 953 1021 976 non
1045 947 1102 976 est
1123 939 1356 988 absurdum,
1385 939 1491 992 quod
1510 943 1569 979 vir
1589 954 1677 977 eru-

264 995 367 1031 ditus
394 997 642 1045 Dempsterus
669 995 793 1032 videri
819 996 963 1032 voluit:
1006 995 1192 1032 adiective
1219 996 1323 1031 euim
1352 994 1603 1046 capiendum,
1641 1001 1678 1032 et

264 1049 562 1099 intelligendum
579 1063 734 1086 carmen
753 1050 816 1087 vel
834 1050 911 1086 tale
931 1048 1037 1100 quid.
1081 1051 1136 1086 sic
1154 1050 1225 1088 sub
1242 1051 1399 1087 nomine
1417 1051 1516 1088 falso
1534 1050 1678 1087 Lucani

265 1105 485 1141 inscribitur
502 1107 786 1154 Panegyricum
802 1103 851 1140 ad
866 1106 1060 1141 Pisonem.
1118 1118 1210 1142 sane
1230 1104 1418 1143 adiective
1437 1107 1582 1156 cepisse
1598 1106 1679 1155 pri-

264 1172 349 1196 scos
379 1160 488 1196 testis
514 1159 688 1209 locuples
705 1161 898 1196 Ausonius
916 1160 1132 1199 Parental.:
1159 1161 1239 1197 sive
1251 1163 1510 1211 panegyricos
1520 1160 1680 1210 placeat

265 1214 490 1250 contendere
509 1213 638 1250 libros.
698 1216 859 1251 Bima.

373 1267 453 1304 Sed
479 1270 565 1318 quis
592 1267 655 1304 hic
680 1268 952 1305 Anastasius?
979 1271 1076 1306 forte
1101 1271 1168 1307 ille
1197 1271 1264 1322 qui
1282 1283 1424 1322 magno
1445 1269 1548 1322 apud
1563 1271 1680 1307 Iusti-

267 1322 429 1359 niau'um
446 1335 518 1359 nec
539 1324 681 1359 minori
697 1322 801 1373 apud
818 1325 1009 1360 Iustinum
1029 1323 1172 1362 honore
1186 1354 1195 1372 ,
1227 1326 1273 1361 ab
1302 1325 1440 1363 eodem
1466 1333 1597 1362 tamen
1617 1338 1680 1362 se-

263 1379 386 1427 ptimo
406 1379 466 1415 sui
482 1379 635 1428 imperii
658 1391 757 1414 anno
777 1379 818 1414 in
839 1379 1022 1416 exsililun
1043 1386 1148 1416 actus
1165 1382 1330 1417 extorris
1347 1382 1486 1430 viginti
1503 1386 1681 1432 quattuor

266 1434 376 1469 aunis
409 1434 501 1482 egit.
559 1446 694 1470 causae
722 1434 988 1483 relegationis,
1018 1435 1124 1484 quod
1147 1448 1282 1471 sacrae
1301 1437 1359 1471 rei
1378 1436 1574 1472 thesauros
1585 1448 1681 1485 pro-

253 1487 411 1537 fiaderit
436 1488 638 1533 inutiliter,
667 1496 703 1524 et
718 1490 868 1538 pelenti
885 1490 1034 1526 Iustino
1043 1491 1255 1539 pecuniam
1275 1491 1369 1527 dare
1387 1490 1568 1535 noluerit,
1594 1496 1682 1527 cum

266 1543 491 1592 designatus
511 1551 604 1579 esset
623 1545 834 1593 episeopus.
883 1546 1024 1594 Evagr.
1045 1545 1070 1585 5
1099 1547 1138 1585 6.
1186 1544 1286 1582 nihil
1305 1552 1443 1582 statuo.
1500 1547 1681 1584 Dzmrs'r.

374 1599 513 1635 Oculos
542 1599 656 1634 iniice
684 1600 726 1634 iu
752 1607 885 1635 notam
915 1612 937 1635 a
969 1601 1105 1637 Ruizio
1134 1612 1184 1636 ex
1211 1613 1271 1637 ms
1298 1599 1530 1650 descriptam
1561 1607 1598 1637 et
1633 1599 1684 1636 ad

264 1653 480 1702 marginem
501 1655 737 1703 appositam,
766 1652 964 1690 elocuti*0
982 1656 1146 1704 trepicis.
1205 1662 1364 1705 parcant
1380 1654 1478 1692 mihi
1495 1657 1578 1692 eius
1596 1668 1683 1692 ma-

264 1719 359 1744 nes:
389 1709 480 1744 satis
510 1706 600 1745 hinc
630 1715 735 1758 patet
765 1711 899 1760 quanti
925 1710 1070 1746 valeret
1098 1712 1140 1746 in
1164 1709 1342 1775 legendis
1370 1709 1683 1762 corrigendisque

267 1761 462 1799 codicibus
489 1776 583 1800 mss.
638 1776 780 1813 magno
811 1777 903 1801 sane
931 1766 1076 1814 ingenii
1099 1767 1276 1802 acumine
1300 1764 1407 1802 haud
1423 1778 1519 1816 opus
1540 1772 1621 1802 erat
1640 1771 1683 1802 ut

266 1817 412 1866 legeret
430 1819 603 1866 tropicis,
631 1820 827 1867 suppleret
849 1819 1032 1856 versibus.
1091 1821 1223 1871 itaque
1239 1827 1351 1859 vetus
1370 1819 1594 1858 scholiastes
1611 1819 1684 1857 ad·-

265 1878 465 1909 notaverat
492 1871 566 1909 hoc
593 1884 746 1909 carmen
775 1885 826 1909 ex
849 1874 1023 1910 versibus
1049 1877 1222 1923 tropicis,
1253 1874 1330 1912 hoc
1358 1882 1417 1913 est
1433 1876 1683 1926 figurativis,

267 1933 460 1975 constare,
490 1934 529 1964 et
559 1926 718 1978 quIdem
744 1930 940 1978 apposite,
971 1930 1062 1979 quia
1090 1931 1131 1966 in
1157 1942 1202 1966 eo
1223 1930 1432 1980 imperator
1449 1932 1618 1968 Iustinus
1646 1937 1683 1967 et

266 1983 491 2019 Anastasius
509 1989 689 2033 quaestor
707 1983 1025 2020 commendantur
1040 1985 1110 2021 sub
1127 1985 1361 2033 imaginibus
1378 1986 1447 2022 ille
1462 1986 1593 2034 fontis,
1619 1984 1683 2022 hic

266 2037 428 2073 arboris.
481 2050 610 2088 neque
639 2039 809 2074 insolens
841 2045 899 2075 est
921 2051 1000 2075 vox
1019 2041 1175 2088 tropicis
1196 2036 1272 2080 cino
1288 2041 1360 2080 τοῦ
1376 2037 1536 2092 τρόπον.
1592 2040 1683 2077 audi

266 2092 438 2128 Gellium
467 2093 517 2132 13
545 2095 620 2132 23:
670 2100 726 2129 est
753 2100 882 2130 tamen
908 2107 1180 2144 nonnusquam
1205 2096 1376 2132 invenire
1403 2097 1461 2132 ita
1488 2097 1683 2145 scripsisse

267 2146 455 2195 quosdam
487 2160 567 2183 non
599 2147 789 2197 ignobiles
819 2150 1036 2199 scriptores,
1078 2157 1122 2185 ut
1147 2157 1219 2186 aut
1245 2157 1379 2188 temere
1406 2158 1478 2188 ant
1496 2152 1684 2188 incuriose

260 2201 453 2249 praedam
475 2215 552 2250 pro
582 2202 778 2239 manubiis
802 2210 839 2239 et
862 2203 1068 2240 manubias
1086 2218 1163 2254 pro
1180 2206 1335 2254 praeda
1355 2207 1575 2254 posuerint,
1613 2213 1683 2242 ant

267 2257 415 2304 tropica
439 2257 612 2306 quadam
628 2258 771 2307 figura
795 2261 1044 2296 ”tutationem
1064 2260 1248 2296 vocabuli
1252 2261 1437 2310 jecerint
1496 2261 1539 2298 S.
1557 2259 1683 2297 Atha-

266 2311 399 2347 nasius
417 2312 458 2346 iu
478 2324 539 2360 ep.
561 2311 611 2348 ad
630 2313 882 2364 Serapionem
900 2316 1062 2365 tropicos
1082 2316 1252 2365 appellat
1271 2317 1339 2367 qui
1357 2313 1583 2365 blaspheme
1601 2317 1682 2379 spi—

268 2366 384 2401 ritum
403 2373 579 2402 sanctum
597 2369 698 2404 inter
714 2381 774 2405 res
794 2376 938 2407 creatas
955 2371 1221 2418 numerabant,
1248 2372 1338 2421 quia
1354 2371 1539 2407 nimirum
1554 2372 1684 2408 varios

269 2426 396 2469 tropos
422 2422 463 2456 in
479 2434 586 2469 prat
587 2422 619 2458 is
646 2425 727 2460 suis
751 2425 1125 2474 interpretationibus
1143 2439 1182 2461 se
1200 2427 1412 2475 excogitare
1429 2425 1612 2470 dicerent,
1639 2432 1682 2462 ut

268 2475 441 2539 loquitur
468 2477 606 2512 veteris
635 2476 862 2516 scholiastae
890 2487 980 2517 nota
1002 2479 1105 2530 apud
1126 2492 1291 2530 nuperos
1313 2493 1474 2531 operum
1494 2481 1535 2519 S.
1555 2479 1682 2517 Atha-

268 2531 367 2566 nasii
390 2529 554 2566 editores
575 2537 604 2567 t.
626 2533 647 2570 1
668 2545 749 2581 par.
771 2536 798 2573 2
819 2547 859 2583 p.
880 2535 972 2575 659.
1028 2534 1119 2571 hinc
1148 2534 1511 2572 Pneumatomachis
1544 2537 1681 2584 ¹1}an-

269 2597 401 2621 corum
430 2598 573 2621 nomen
601 2587 781 2623 tribuitur
807 2590 925 2624 etiam
951 2591 993 2625 in
1013 2603 1184 2626 sermone
1200 2597 1333 2627 contra
1347 2604 1476 2628 omnes
1490 2590 1679 2634 haereses,

270 2652 322 2675 ex
341 2639 382 2676 S.
403 2637 605 2677 Athanasii
626 2643 775 2692 scriptis
798 2654 938 2692 magna
966 2658 1018 2682 ex
1043 2652 1150 2696 parte
1180 2647 1391 2696 composito
1416 2646 1464 2682 ab
1487 2658 1679 2696 anonymo

268 2695 455 2746 sequioris
477 2697 563 2734 aevi
580 2698 776 2747 scriptore.
834 2699 960 2735 Foco.
