1702 3060
305 132 402 180 458
706 138 887 180 NOTAE
918 139 976 187 IN
1006 140 1216 184 LIBRUM
1247 143 1310 185 Iv

304 242 537 280 venientiam
555 249 592 279 et
613 243 856 293 elegantiam,
882 251 966 283 tum
985 246 1102 284 etiam
1122 248 1154 284 si
1171 261 1232 286 ms
1249 247 1390 288 codicis
1403 251 1576 302 vestigia,
1604 266 1702 305 quae

302 296 459 333 Ruizius
481 304 668 347 praestat,
700 299 928 338 consideres.
984 302 1110 338 Foco.

411 361 503 401 354.
562 362 687 412 [apud
715 365 894 401 Ruizium
922 379 1146 404 carneveras
1173 367 1237 419 (in
1252 371 1427 420 margine
1447 365 1573 408 “forte
1588 386 1702 410 earne

291 415 410 463 sora-9
440 423 506 452 aut
534 415 809 468 carnivoras'')
841 426 878 455 et
902 427 990 470 post
1007 435 1137 470 poena
1165 424 1335 475 lacuna]
1393 424 1488 462 adeo
1507 432 1702 465 truncatus

301 468 365 505 hio
390 482 522 508 versus
554 478 654 520 erat,
682 479 725 509 ut
755 472 911 511 difficile
935 476 985 512 sit
1009 489 1166 513 sensum
1191 479 1317 515 ullum
1343 482 1523 529 reperire.
1574 488 1701 530 potest

299 529 430 560 tamen
457 527 513 562 sic
541 527 640 576 legi:
683 529 910 569 carnivorae]
930 531 1083 567 animas
1111 538 1155 568 ut
1186 534 1318 570 mortis
1343 547 1472 585 poena
1502 543 1695 585 sequatur.

297 579 476 619 Drms'r.

406 645 498 686 355.
555 645 709 684 difficile
731 654 788 685 est
804 646 895 685 huic
910 648 996 687 loco
1015 651 1286 701 Aesculapium
1303 665 1398 694 esse.
1453 668 1505 692 ex
1519 663 1627 706 parte
1643 657 1701 694 sic

298 699 457 736 forsitan
485 702 726 738 sanabimus:
765 705 978 740 cruciantia
1006 712 1156 742 tantum
1171 710 1438 756 praeteritura·
1451 712 1566 759 pati,
1601 711 1702 748 haut

295 755 389 789 satis
427 762 502 791 est.-
541 764 695 793 aeterna
728 760 949 794 tremiscunt
974 760 1190 808 supplic-ia:
1228 763 1397 810 inflictas
1405 791 1423 808 ,
1459 772 1528 801 etc.
1574 767 1702 804 Rrrrc

296 807 399 857 apud
416 810 594 847 Ruizium
613 813 789 848 cruciant
867 816 1101 862 praeteritur
1117 812 1235 852 *abti
1252 819 1347 854 satis
1364 825 1435 864 est,
1463 827 1510 862 εἳ,
1525 822 1568 856 in
1589 833 1696 857 mar-

291 864 380 912 g'me
393 867 651 913 praeteritura
661 868 765 915 pati.

401 930 494 970 359.
552 932 764 982 Cyprianus
783 945 897 969 serm.
917 933 942 974 5
961 932 1010 971 de
1027 935 1165 985 lapsis:
1187 935 1412 985 plectuntur
1433 939 1584 976 interim
1607 942 1696 990 qui-

290 982 399 1027 clam,
428 998 502 1034 quo
526 988 639 1021 ceteri
658 988 912 1036 corrigantur.
973 990 1146 1039 exempla
1173 998 1264 1027 sunt
1291 993 1481 1038 omnium,
1509 992 1702 1031 tormenta

285 1050 514 1086 paucorum.
574 1048 688 1091 atque
722 1039 813 1078 hinc
847 1049 903 1079 est
935 1043 1040 1093 quod
1077 1057 1099 1080 a
1136 1046 1291 1082 Graecis
1328 1060 1475 1097 poenae
1517 1048 1702 1086 dicuntur

287 1094 594 1144 παραδείγματα,
624 1097 713 1146 quia
743 1103 900 1146 propter
933 1099 1157 1149 exemplum
1186 1097 1432 1150 inffignnmr,
1458 1109 1502 1140 ut
1531 1105 1644 1140 ceteri
1669 1117 1692 1140 a

287 1148 483 1185 maleficiis
505 1147 776 1189 deterreantur.
830 1153 952 1188 Rrr'r.

394 1215 487 1253 360.
543 1214 732 1263 significat
760 1228 824 1252 eos
847 1229 1016 1267 ,quorum
1037 1219 1222 1256 memoria
1240 1226 1329 1269 post
1344 1227 1511 1260 mortem
1529 1221 1690 1259 damna-

284 1273 367 1313 tur,
399 1267 446 1304 de
468 1269 607 1318 quibus
626 1269 714 1305 vide
734 1266 843 1320 §per
860 1273 1107 1309 contrarium.
1153 1275 1248 1311 Inst.
1270 1273 1318 1310 de
1339 1273 1420 1316 her.
1437 1289 1534 1328 quae
1554 1278 1600 1315 ab
1617 1279 1689 1315 int.

284 1321 426 1370 defen,
458 1329 495 1359 et
515 1323 544 1359 1.
564 1323 588 1363 5
610 1325 643 1360 si
661 1325 760 1374 quis.
816 1325 859 1361 C.
878 1325 928 1361 ad
944 1328 990 1362 L.
1010 1328 1082 1363 Iul.
1101 1328 1252 1366 maiest.
1305 1330 1426 1370 RrrT.

394 1391 486 1428 362.
534 1402 664 1438 poena
683 1391 857 1440 timetur]
885 1393 959 1428 viri
975 1392 1069 1428 boni
1085 1391 1278 1430 declinant
1294 1395 1387 1431 vitia
1403 1403 1690 1448 sequunturque

282 1444 486 1490 virtutem,
520 1445 602 1480 solo
627 1445 748 1494 ipsius
772 1457 901 1481 amore
931 1445 1035 1483 ducti
1060 1460 1133 1484 nec
1161 1449 1242 1485 ullo
1266 1451 1438 1499 praemio
1467 1451 1619 1498 allecti,
1651 1459 1690 1489 et

279 1499 374 1534 mali
390 1511 601 1548 poenarum
618 1506 762 1535 terrore
782 1499 1020 1540 cohibentur.
1075 1515 1190 1552 supra
1211 1505 1230 1543 1
1259 1507 1324 1544 61.
1379 1506 1511 1543 Horat.
1531 1507 1641 1556 epist.
1664 1511 1702 1548 1¹

280 1553 354 1592 16:
384 1560 426 1588 ίιι
443 1553 546 1590 nihil
558 1553 736 1590 admittes
752 1554 795 1590 in
814 1562 849 1590 te
852 1555 1069 1604 formidine
1075 1571 1238 1606 poenae.
1295 1559 1477 1606 Dmursr.

389 1622 480 1660 363.
536 1618 627 1656 hinc
656 1618 884 1669 Iosaphatus
915 1634 987 1657 rex
1019 1621 1069 1658 ad
1097 1622 1263 1671 iudices,
1293 1636 1389 1674 quos
1419 1606 1694 1673 constituebat,-

276 1676 302 1714 2
323 1675 449 1713 Paral.
474 1676 522 1713 19
552 1677 598 1714 6:
628 1675 774 1710 indicia
792 1675 941 1711 domini
953 1678 1144 1724 exerceam
1173 1685 1217 1726 et·
1226 1679 1334 1729 leges
1352 1680 1459 1730 ipsae
1477 1680 1604 1733 δῶρον
1618 1680 1691 1720 καὶ·

274 1725 426 1781 εὕρημα
446 1731 556 1768 θεῶν
578 1728 767 1768 dicuntur.
822 1731 941 1769 Rrr'r.

382 1797 477 1836 366.
532 1796 763 1845 ensipotens]
792 1808 933 1846 nempe
943 1797 1293 1847 protospatharius.
1342 1799 1471 1837 Fooo.

380 1861 475 1899 367.
529 1860 615 1909 lege
639 1861 824 1909 adspecta
852 1863 972 1907 mitis,
999 1864 1133 1899 iuncta
1149 1865 1345 1914 gravitate
1365 1863 1567 1915 benignus.
1625 1866 1681 1903 sic

272 1926 386 1964 supra
405 1914 555 1951 locutus
574 1921 653 1950 erat
670 1916 758 1965 plus
777 1917 912 1952 semel.
965 1918 1123 1954 Voxcx.

377 1978 430 2015 ib.
490 1993 560 2016 nee
574 1982 663 2030 non]
684 1994 743 2017 ms
759 1995 838 2017 non
855 1994 893 2017 a.
924 1983 1102 2019 Lucanus
1117 1983 1158 2019 in
1175 1985 1320 2033 Paneg.
1336 1981 1387 2020 ad
1403 1984 1585 2020 Pisonem
1604 1985 1679 2023 88:

269 2034 341 2070 sed
367 2048 481 2083 super
507 2036 583 2070 ista
611 2043 735 2071 movet
753 2036 897 2084 plenus
919 2038 1116 2085 gravitate
1137 2051 1271 2074 serena
1293 2039 1442 2083 vultus,
1472 2044 1509 2074 et
1531 2039 1679 2088 insigni
1691 2085 1694 2090 .

266 2091 517 2139 praestringit
540 2091 709 2139 imagine
730 2092 847 2127 visus.
906 2092 936 2126 F
941 2103 1034 2128 οὓς.

376 2157 470 2195 368.
525 2153 726 2192 historiam
752 2169 866 2206 supra
897 2157 1066 2206 explicui
1094 2160 1118 2198 3
1146 2159 1240 2198 221.
1295 2163 1412 2194 restat
1427 2169 1530 2194 nunc
1546 2158 1674 2194 locum

267 2210 469 2258 insigniter
489 2217 708 2260 corruptum
725 2211 764 2246 in
775 2210 924 2248 Adonis
934 2213 1160 2250 Viennensis
1181 2210 1382 2259 Chronico,
1406 2218 1529 2248 aetate
1546 2219 1672 2260 sexta,

267 2266 480 2300 restituere.
526 2265 753 2309 Narcissus,
779 2267 924 2316 inquit,
947 2268 1140 2315 patricius
1175 2266 1340 2303 Totilam
1372 2266 1584 2306 Gothorum
1611 2280 1672 2302 re-

261 2332 353 2368 gem
377 2319 418 2354 in
437 2318 558 2355 Italia
585 2321 780 2368 superavit
810 2328 845 2356 et
874 2322 1024 2357 occidit.
1084 2321 1248 2358 rescribe
1274 2321 1436 2361 Narseo.
1495 2320 1593 2356 adde
1621 2321 1671 2357 ad

265 2386 311 2410 ea
341 2385 439 2423 quae
469 2372 554 2409 dixi
581 2373 791 2423 Agathiam
809 2375 876 2414 lib.
900 2379 918 2415 1
939 2403 949 2422 ‚
988 2377 1180 2413 Victorem
1198 2377 1238 2412 in
1254 2377 1422 2422 Iustino,
1450 2388 1519 2412 seu
1542 2377 1670 2412 verius

264 2428 560 2477 Ephomastem,
589 2431 748 2466 Diacon.
771 2432 822 2470 16
839 2431 880 2467 in
895 2432 1125 2477 Iusfinimm,
1151 2431 1331 2467 Ottonem
1346 2429 1680 2479 Frisingensenffi.

263 2496 296 2521 c.
316 2483 363 2529 5,
402 2483 443 2519 in
467 2495 631 2532 quorum
656 2485 830 2520 omnium
856 2484 1049 2522 codicibus
1076 2485 1226 2521 Nar-ses
1243 2485 1436 2533 patricius
1449 2485 1492 2520 iu
1510 2483 1585 2520 hac
1602 2483 1666 2520 hi-

260 2540 376 2574 storia
398 2538 551 2586 legitur.
607 2537 655 2574 tle
675 2540 851 2576 Narcisso
871 2539 992 2586 nihil,
1033 2552 1148 2589 quem
1169 2545 1314 2576 constat
1333 2537 1493 2576 Claudio
1512 2539 1559 2575 ab
1581 2540 1683 2588 epi-¹

258 2592 367 2629 stolis
391 2593 531 2639 fuisse,
570 2593 731 2630 Sueton.
760 2605 792 2631 c.
819 2595 894 2640 28,
934 2596 1025 2631 etin
1043 2594 1196 2632 Vitellio
1214 2597 1263 2640 2,
1300 2595 1460 2643 Vespas-
1478 2592 1527 2640 4,
1561 2595 1665 2631 Pliu.

256 2647 309 2688 35
339 2650 404 2696 18,
443 2654 481 2685 et
497 2650 550 2689 33
582 2650 645 2690 10.
701 2649 960 2686 innominatus
977 2647 1210 2687 Scholiastes
1229 2647 1279 2686 ad
1294 2647 1467 2688 1uvenal.
1487 2646 1539 2698 1⁴4
1553 2650 1662 2698 ⁴329:
