<?xml version="1.0" encoding="UTF-8"?>
<!DOCTYPE html PUBLIC "-//W3C//DTD XHTML 1.0 Transitional//EN"
    "http://www.w3.org/TR/xhtml1/DTD/xhtml1-transitional.dtd">
<html xmlns="http://www.w3.org/1999/xhtml" xml:lang="en" lang="en">
 <head>
  <title>
</title>
<meta http-equiv="Content-Type" content="text/html;charset=utf-8" />
  <meta name='ocr-system' content='tesseract 3.04.00' />
  <meta name='ocr-capabilities' content='ocr_page ocr_carea ocr_par ocr_line ocrx_word'/>
</head>
<body>
  <div class='ocr_page' id='page_1' title='image "./corpusscriptorum35niebuoft_0192.png"; bbox 0 0 1702 3060; ppageno 0'>
   <div class='ocr_carea' id='block_1_1' title="bbox 253 123 1074 172">
    <p class='ocr_par' dir='ltr' id='par_1_1' title="bbox 253 123 1074 172">
     <span class='ocr_line' id='line_1_1' title="bbox 253 123 1074 172; baseline -0.009 0"><span class='ocrx_word' id='word_1_1' title='bbox 253 126 277 171; x_wconf 85' lang='lat'><strong>1</strong></span> <span class='ocrx_word' id='word_1_2' title='bbox 289 125 349 172; x_wconf 89' lang='grc'><strong>16</strong></span> <span class='ocrx_word' id='word_1_3' title='bbox 856 123 1074 166; x_wconf 86' lang='lat' dir='ltr'>CORIPPI</span> 
     </span>
    </p>
   </div>
   <div class='ocr_carea' id='block_1_2' title="bbox 254 227 1496 2532">
    <p class='ocr_par' dir='ltr' id='par_1_2' title="bbox 254 227 1496 2532">
     <span class='ocr_line' id='line_1_2' title="bbox 360 227 1376 284; baseline -0.002 -13"><span class='ocrx_word' id='word_1_4' title='bbox 360 233 516 284; x_wconf 84' lang='lat' dir='ltr'><strong>longius</strong></span> <span class='ocrx_word' id='word_1_5' title='bbox 532 235 680 281; x_wconf 80' lang='lat' dir='ltr'><strong>optatas</strong></span> <span class='ocrx_word' id='word_1_6' title='bbox 700 241 860 268; x_wconf 84' lang='lat' dir='ltr'><strong>cernens</strong></span> <span class='ocrx_word' id='word_1_7' title='bbox 880 243 979 281; x_wconf 84' lang='lat' dir='ltr'>grex</span> <span class='ocrx_word' id='word_1_8' title='bbox 998 229 1198 281; x_wconf 86' lang='lat' dir='ltr'><strong>improbus</strong></span> <span class='ocrx_word' id='word_1_9' title='bbox 1217 227 1376 269; x_wconf 74' lang='lat' dir='ltr'><strong>herbas·</strong></span> 
     </span>
     <span class='ocr_line' id='line_1_3' title="bbox 254 294 1349 350; baseline 0 -16"><span class='ocrx_word' id='word_1_10' title='bbox 254 297 335 340; x_wconf 79' lang='grc'><strong>355</strong></span> <span class='ocrx_word' id='word_1_11' title='bbox 365 298 559 350; x_wconf 79' lang='lat' dir='ltr'>(pulsabat</span> <span class='ocrx_word' id='word_1_12' title='bbox 573 308 665 332; x_wconf 88' lang='lat' dir='ltr'><strong>nam</strong></span> <span class='ocrx_word' id='word_1_13' title='bbox 686 294 782 332; x_wconf 83' lang='lat' dir='ltr'><strong>dura</strong></span> <span class='ocrx_word' id='word_1_14' title='bbox 799 297 941 348; x_wconf 80' lang='lat' dir='ltr'><strong>fames)</strong></span> <span class='ocrx_word' id='word_1_15' title='bbox 963 297 1141 334; x_wconf 79' lang='lat' dir='ltr'>discurrit</span> <span class='ocrx_word' id='word_1_16' title='bbox 1161 302 1199 332; x_wconf 89' lang='lat' dir='ltr'><strong>et</strong></span> <span class='ocrx_word' id='word_1_17' title='bbox 1216 309 1349 334; x_wconf 85' lang='lat' dir='ltr'><strong>omnes</strong></span> 
     </span>
     <span class='ocr_line' id='line_1_4' title="bbox 363 361 1395 412; baseline 0 -13"><span class='ocrx_word' id='word_1_18' title='bbox 363 362 491 400; x_wconf 66' lang='lat' dir='ltr'><strong>tinniit</strong></span> <span class='ocrx_word' id='word_1_19' title='bbox 510 363 654 412; x_wconf 88' lang='lat' dir='ltr'><strong>ubique</strong></span> <span class='ocrx_word' id='word_1_20' title='bbox 670 362 794 399; x_wconf 84' lang='lat' dir='ltr'><strong>locos:</strong></span> <span class='ocrx_word' id='word_1_21' title='bbox 821 361 946 399; x_wconf 88' lang='lat' dir='ltr'><strong>nudas</strong></span> <span class='ocrx_word' id='word_1_22' title='bbox 963 364 1043 399; x_wconf 86' lang='lat' dir='ltr'><strong>iam</strong></span> <span class='ocrx_word' id='word_1_23' title='bbox 1060 363 1196 399; x_wconf 78' lang='lat' dir='ltr'><strong>lambit</strong></span> <span class='ocrx_word' id='word_1_24' title='bbox 1210 375 1359 399; x_wconf 79' lang='lat' dir='ltr'><strong>arenas.</strong></span> <span class='ocrx_word' id='word_1_25' title='bbox 1378 380 1395 388; x_wconf 85' lang='lat'><strong>-·</strong></span> 
     </span>
     <span class='ocr_line' id='line_1_5' title="bbox 362 427 1424 479; baseline 0.003 -16"><span class='ocrx_word' id='word_1_26' title='bbox 362 440 435 463; x_wconf 84' lang='lat' dir='ltr'><strong>nec</strong></span> <span class='ocrx_word' id='word_1_27' title='bbox 452 429 577 477; x_wconf 85' lang='lat' dir='ltr'><strong>potuit</strong></span> <span class='ocrx_word' id='word_1_28' title='bbox 598 428 736 464; x_wconf 85' lang='lat' dir='ltr'><strong>satiare</strong></span> <span class='ocrx_word' id='word_1_29' title='bbox 757 427 903 464; x_wconf 81' lang='lat' dir='ltr'><strong>famem</strong></span> <span class='ocrx_word' id='word_1_30' title='bbox 915 457 924 475; x_wconf 91' lang='lat'>‚</span> <span class='ocrx_word' id='word_1_31' title='bbox 954 429 1059 465; x_wconf 83' lang='lat' dir='ltr'><strong>mala</strong></span> <span class='ocrx_word' id='word_1_32' title='bbox 1076 430 1251 478; x_wconf 83' lang='lat' dir='ltr'><strong>gramina</strong></span> <span class='ocrx_word' id='word_1_33' title='bbox 1268 435 1400 479; x_wconf 85' lang='lat' dir='ltr'><strong>pastus</strong></span> <span class='ocrx_word' id='word_1_34' title='bbox 1414 457 1424 476; x_wconf 91' lang='lat'>,</span> 
     </span>
     <span class='ocr_line' id='line_1_6' title="bbox 365 491 1389 544; baseline 0.003 -15"><span class='ocrx_word' id='word_1_35' title='bbox 365 491 606 544; x_wconf 76' lang='lat' dir='ltr'><strong>quadrupes:</strong></span> <span class='ocrx_word' id='word_1_36' title='bbox 635 495 730 544; x_wconf 87' lang='lat' dir='ltr'><strong>ipsis</strong></span> <span class='ocrx_word' id='word_1_37' title='bbox 745 506 838 530; x_wconf 85' lang='lat' dir='ltr'><strong>nam</strong></span> <span class='ocrx_word' id='word_1_38' title='bbox 859 493 996 531; x_wconf 87' lang='lat' dir='ltr'><strong>cecidit</strong></span> <span class='ocrx_word' id='word_1_39' title='bbox 1014 494 1267 532; x_wconf 89' lang='lat' dir='ltr'><strong>densissimus</strong></span> <span class='ocrx_word' id='word_1_40' title='bbox 1288 497 1389 532; x_wconf 80' lang='lat' dir='ltr'><strong>arvis</strong></span> 
     </span>
     <span class='ocr_line' id='line_1_7' title="bbox 363 559 1463 610; baseline 0.004 -16"><span class='ocrx_word' id='word_1_41' title='bbox 363 565 488 595; x_wconf 86' lang='lat' dir='ltr'><strong>morte</strong></span> <span class='ocrx_word' id='word_1_42' title='bbox 505 573 626 608; x_wconf 90' lang='lat' dir='ltr'><strong>nova,</strong></span> <span class='ocrx_word' id='word_1_43' title='bbox 657 573 837 610; x_wconf 86' lang='lat' dir='ltr'><strong>pressans</strong></span> <span class='ocrx_word' id='word_1_44' title='bbox 855 559 995 610; x_wconf 82' lang='lat' dir='ltr'>gelidis</span> <span class='ocrx_word' id='word_1_45' title='bbox 1019 561 1091 598; x_wconf 87' lang='lat' dir='ltr'><strong>sub</strong></span> <span class='ocrx_word' id='word_1_46' title='bbox 1114 560 1292 598; x_wconf 81' lang='lat' dir='ltr'><strong>dentibus</strong></span> <span class='ocrx_word' id='word_1_47' title='bbox 1308 559 1463 599; x_wconf 83' lang='lat' dir='ltr'><strong>herbas.</strong></span> 
     </span>
     <span class='ocr_line' id='line_1_8' title="bbox 255 625 1393 676; baseline 0.001 -12"><span class='ocrx_word' id='word_1_48' title='bbox 255 625 338 665; x_wconf 80' lang='grc'><strong>360</strong></span> <span class='ocrx_word' id='word_1_49' title='bbox 365 625 500 661; x_wconf 80' lang='lat' dir='ltr'><strong>funere</strong></span> <span class='ocrx_word' id='word_1_50' title='bbox 523 625 775 676; x_wconf 77' lang='lat' dir='ltr'><strong>cornipedum</strong></span> <span class='ocrx_word' id='word_1_51' title='bbox 793 627 913 663; x_wconf 82' lang='lat' dir='ltr'><strong>fracta</strong></span> <span class='ocrx_word' id='word_1_52' title='bbox 931 633 989 663; x_wconf 89' lang='lat' dir='ltr'><strong>est</strong></span> <span class='ocrx_word' id='word_1_53' title='bbox 1006 629 1180 664; x_wconf 81' lang='lat' dir='ltr'><strong>Romana</strong></span> <span class='ocrx_word' id='word_1_54' title='bbox 1200 628 1393 665; x_wconf 88' lang='lat' dir='ltr'><strong>iuventus.</strong></span> 
     </span>
     <span class='ocr_line' id='line_1_9' title="bbox 367 692 1322 730; baseline 0.002 -2"><span class='ocrx_word' id='word_1_55' title='bbox 367 692 534 729; x_wconf 84' lang='lat' dir='ltr'><strong>concidit</strong></span> <span class='ocrx_word' id='word_1_56' title='bbox 553 694 609 729; x_wconf 86' lang='lat' dir='ltr'><strong>ira</strong></span> <span class='ocrx_word' id='word_1_57' title='bbox 627 694 762 729; x_wconf 83' lang='lat' dir='ltr'><strong>ferox:</strong></span> <span class='ocrx_word' id='word_1_58' title='bbox 790 693 820 728; x_wconf 91' lang='lat' dir='ltr'><strong>it</strong></span> <span class='ocrx_word' id='word_1_59' title='bbox 839 693 959 730; x_wconf 87' lang='lat' dir='ltr'><strong>tristis</strong></span> <span class='ocrx_word' id='word_1_60' title='bbox 979 700 1016 730; x_wconf 90' lang='lat' dir='ltr'><strong>et</strong></span> <span class='ocrx_word' id='word_1_61' title='bbox 1037 694 1178 730; x_wconf 85' lang='lat' dir='ltr'><strong>anxius</strong></span> <span class='ocrx_word' id='word_1_62' title='bbox 1196 695 1322 730; x_wconf 88' lang='lat' dir='ltr'><strong>omnis</strong></span> 
     </span>
     <span class='ocr_line' id='line_1_10' title="bbox 365 759 1342 809; baseline 0.001 -14"><span class='ocrx_word' id='word_1_63' title='bbox 365 759 502 806; x_wconf 87' lang='lat' dir='ltr'><strong>miles,</strong></span> <span class='ocrx_word' id='word_1_64' title='bbox 533 765 571 794; x_wconf 88' lang='lat' dir='ltr'><strong>et</strong></span> <span class='ocrx_word' id='word_1_65' title='bbox 593 759 771 809; x_wconf 86' lang='lat' dir='ltr'><strong>ingentes</strong></span> <span class='ocrx_word' id='word_1_66' title='bbox 793 759 1020 795; x_wconf 76' lang='lat' dir='ltr'><strong>conturbant</strong></span> <span class='ocrx_word' id='word_1_67' title='bbox 1038 766 1193 808; x_wconf 82' lang='lat' dir='ltr'><strong>pectora</strong></span> <span class='ocrx_word' id='word_1_68' title='bbox 1214 772 1342 796; x_wconf 84' lang='lat' dir='ltr'><strong>curae.</strong></span> 
     </span>
     <span class='ocr_line' id='line_1_11' title="bbox 366 821 1215 861; baseline 0.002 -2"><span class='ocrx_word' id='word_1_69' title='bbox 366 825 509 861; x_wconf 88' lang='lat' dir='ltr'><strong>corruit</strong></span> <span class='ocrx_word' id='word_1_70' title='bbox 523 821 599 860; x_wconf 87' lang='lat' dir='ltr'><strong>hoc</strong></span> <span class='ocrx_word' id='word_1_71' title='bbox 616 836 694 861; x_wconf 89' lang='lat' dir='ltr'><strong>uno</strong></span> <span class='ocrx_word' id='word_1_72' title='bbox 714 825 882 860; x_wconf 74' lang='lat' dir='ltr'><strong>nimiiun</strong></span> <span class='ocrx_word' id='word_1_73' title='bbox 903 826 1104 861; x_wconf 88' lang='lat' dir='ltr'><strong>conterrita</strong></span> <span class='ocrx_word' id='word_1_74' title='bbox 1124 838 1215 861; x_wconf 77' lang='lat' dir='ltr'><strong>casu</strong></span> 
     </span>
     <span class='ocr_line' id='line_1_12' title="bbox 368 889 1433 940; baseline 0.004 -16"><span class='ocrx_word' id='word_1_75' title='bbox 368 889 490 926; x_wconf 79' lang='lat' dir='ltr'><strong>virtus</strong></span> <span class='ocrx_word' id='word_1_76' title='bbox 508 903 652 940; x_wconf 77' lang='lat' dir='ltr'><strong>magna</strong></span> <span class='ocrx_word' id='word_1_77' title='bbox 671 891 811 926; x_wconf 77' lang='lat' dir='ltr'><strong>viriun.</strong></span> <span class='ocrx_word' id='word_1_78' title='bbox 869 891 994 940; x_wconf 85' lang='lat' dir='ltr'><strong>primo</strong></span> <span class='ocrx_word' id='word_1_79' title='bbox 1014 897 1104 927; x_wconf 79' lang='lat' dir='ltr'><strong>tunc</strong></span> <span class='ocrx_word' id='word_1_80' title='bbox 1125 896 1247 926; x_wconf 84' lang='lat' dir='ltr'><strong>castra</strong></span> <span class='ocrx_word' id='word_1_81' title='bbox 1265 891 1433 928; x_wconf 79' lang='lat' dir='ltr'><strong>tumultu</strong></span> 
     </span>
     <span class='ocr_line' id='line_1_13' title="bbox 256 951 1361 1006; baseline 0.001 -14"><span class='ocrx_word' id='word_1_82' title='bbox 256 951 337 993; x_wconf 83' lang='lat'><strong>365</strong></span> <span class='ocrx_word' id='word_1_83' title='bbox 365 955 532 992; x_wconf 73' lang='lat' dir='ltr'><strong>turbavit</strong></span> <span class='ocrx_word' id='word_1_84' title='bbox 550 957 702 992; x_wconf 87' lang='lat' dir='ltr'><strong>fortuna</strong></span> <span class='ocrx_word' id='word_1_85' title='bbox 722 967 892 992; x_wconf 81' lang='lat' dir='ltr'><strong>nocens:</strong></span> <span class='ocrx_word' id='word_1_86' title='bbox 922 954 998 992; x_wconf 84' lang='lat' dir='ltr'><strong>hoc</strong></span> <span class='ocrx_word' id='word_1_87' title='bbox 1015 955 1186 1006; x_wconf 88' lang='lat' dir='ltr'><strong>pondere</strong></span> <span class='ocrx_word' id='word_1_88' title='bbox 1207 957 1361 1006; x_wconf 80' lang='lat' dir='ltr'><strong>pressit.</strong></span> 
     </span>
     <span class='ocr_line' id='line_1_14' title="bbox 425 1019 1354 1061; baseline 0.003 -3"><span class='ocrx_word' id='word_1_89' title='bbox 425 1020 530 1059; x_wconf 86' lang='lat' dir='ltr'><strong>Vidit</strong></span> <span class='ocrx_word' id='word_1_90' title='bbox 546 1028 589 1058; x_wconf 91' lang='lat' dir='ltr'><strong>ut</strong></span> <span class='ocrx_word' id='word_1_91' title='bbox 604 1020 668 1058; x_wconf 87' lang='lat' dir='ltr'><strong>hic</strong></span> <span class='ocrx_word' id='word_1_92' title='bbox 689 1019 824 1058; x_wconf 87' lang='lat' dir='ltr'><strong>ductor</strong></span> <span class='ocrx_word' id='word_1_93' title='bbox 839 1028 986 1058; x_wconf 85' lang='lat' dir='ltr'><strong>tantam</strong></span> <span class='ocrx_word' id='word_1_94' title='bbox 1005 1024 1178 1059; x_wconf 89' lang='lat' dir='ltr'><strong>evenisse</strong></span> <span class='ocrx_word' id='word_1_95' title='bbox 1199 1024 1354 1061; x_wconf 82' lang='lat' dir='ltr'><strong>ruinam</strong></span> 
     </span>
     <span class='ocr_line' id='line_1_15' title="bbox 371 1086 1187 1135; baseline 0.001 -12"><span class='ocrx_word' id='word_1_96' title='bbox 371 1093 410 1124; x_wconf 82' lang='lat' dir='ltr'><strong>et</strong></span> <span class='ocrx_word' id='word_1_97' title='bbox 428 1088 530 1125; x_wconf 90' lang='lat' dir='ltr'><strong>vires</strong></span> <span class='ocrx_word' id='word_1_98' title='bbox 549 1089 736 1125; x_wconf 85' lang='lat' dir='ltr'><strong>minuisse</strong></span> <span class='ocrx_word' id='word_1_99' title='bbox 757 1089 859 1135; x_wconf 83' lang='lat' dir='ltr'><strong>suis,</strong></span> <span class='ocrx_word' id='word_1_100' title='bbox 890 1086 941 1124; x_wconf 82' lang='lat' dir='ltr'><strong>ad</strong></span> <span class='ocrx_word' id='word_1_101' title='bbox 957 1088 1080 1126; x_wconf 86' lang='lat' dir='ltr'><strong>litoris</strong></span> <span class='ocrx_word' id='word_1_102' title='bbox 1101 1101 1187 1125; x_wconf 83' lang='lat' dir='ltr'><strong>oras</strong></span> 
     </span>
     <span class='ocr_line' id='line_1_16' title="bbox 371 1149 1420 1205; baseline 0.003 -16"><span class='ocrx_word' id='word_1_103' title='bbox 371 1160 493 1190; x_wconf 87' lang='lat' dir='ltr'><strong>castra</strong></span> <span class='ocrx_word' id='word_1_104' title='bbox 512 1149 841 1205; x_wconf 41' lang='lat' dir='ltr'><strong>movens&#39;pergiss</strong></span> <span class='ocrx_word' id='word_1_105' title='bbox 872 1155 1031 1203; x_wconf 79' lang='lat' dir='ltr'><strong>cupiens</strong></span> <span class='ocrx_word' id='word_1_106' title='bbox 1049 1155 1221 1191; x_wconf 82' lang='lat' dir='ltr'><strong>relevare</strong></span> <span class='ocrx_word' id='word_1_107' title='bbox 1244 1152 1420 1192; x_wconf 80' lang='lat' dir='ltr'><strong>dolentes</strong></span> 
     </span>
     <span class='ocr_line' id='line_1_17' title="bbox 373 1220 1373 1272; baseline 0.002 -17"><span class='ocrx_word' id='word_1_108' title='bbox 373 1226 411 1256; x_wconf 85' lang='lat' dir='ltr'><strong>et</strong></span> <span class='ocrx_word' id='word_1_109' title='bbox 428 1233 604 1271; x_wconf 87' lang='lat' dir='ltr'><strong>reparare</strong></span> <span class='ocrx_word' id='word_1_110' title='bbox 622 1221 738 1258; x_wconf 86' lang='lat' dir='ltr'><strong>viros.</strong></span> <span class='ocrx_word' id='word_1_111' title='bbox 795 1220 952 1258; x_wconf 83' lang='lat' dir='ltr'><strong>facilem</strong></span> <span class='ocrx_word' id='word_1_112' title='bbox 968 1222 1125 1272; x_wconf 83' lang='lat' dir='ltr'><strong>iamque</strong></span> <span class='ocrx_word' id='word_1_113' title='bbox 1148 1225 1236 1258; x_wconf 65' lang='lat' dir='ltr'><strong>aera</strong></span> <span class='ocrx_word' id='word_1_114' title='bbox 1256 1221 1373 1257; x_wconf 85' lang='lat' dir='ltr'><strong>sentit</strong></span> 
     </span>
     <span class='ocr_line' id='line_1_18' title="bbox 263 1285 1329 1337; baseline 0 -14"><span class='ocrx_word' id='word_1_115' title='bbox 263 1285 344 1324; x_wconf 84' lang='lat'><strong>370</strong></span> <span class='ocrx_word' id='word_1_116' title='bbox 372 1287 506 1334; x_wconf 85' lang='lat' dir='ltr'><strong>miles,</strong></span> <span class='ocrx_word' id='word_1_117' title='bbox 537 1293 575 1324; x_wconf 88' lang='lat' dir='ltr'><strong>et</strong></span> <span class='ocrx_word' id='word_1_118' title='bbox 599 1288 834 1337; x_wconf 82' lang='lat' dir='ltr'><strong>appropians</strong></span> <span class='ocrx_word' id='word_1_119' title='bbox 853 1287 992 1323; x_wconf 77' lang='lat' dir='ltr'><strong>vitales</strong></span> <span class='ocrx_word' id='word_1_120' title='bbox 1007 1288 1154 1323; x_wconf 83' lang='lat' dir='ltr'><strong>invenit</strong></span> <span class='ocrx_word' id='word_1_121' title='bbox 1174 1285 1329 1333; x_wconf 80' lang='lat' dir='ltr'><strong>herbas,</strong></span> 
     </span>
     <span class='ocr_line' id='line_1_19' title="bbox 376 1351 1422 1402; baseline 0.004 -17"><span class='ocrx_word' id='word_1_122' title='bbox 376 1351 536 1389; x_wconf 84' lang='lat' dir='ltr'><strong>flumina</strong></span> <span class='ocrx_word' id='word_1_123' title='bbox 555 1353 665 1389; x_wconf 88' lang='lat' dir='ltr'><strong>nulla</strong></span> <span class='ocrx_word' id='word_1_124' title='bbox 682 1359 827 1390; x_wconf 82' lang='lat' dir='ltr'><strong>tamen.</strong></span> <span class='ocrx_word' id='word_1_125' title='bbox 884 1354 995 1390; x_wconf 84' lang='lat' dir='ltr'><strong>siccis</strong></span> <span class='ocrx_word' id='word_1_126' title='bbox 1010 1359 1101 1390; x_wconf 82' lang='lat' dir='ltr'><strong>tunc</strong></span> <span class='ocrx_word' id='word_1_127' title='bbox 1120 1353 1296 1390; x_wconf 84' lang='lat' dir='ltr'><strong>saucibus</strong></span> <span class='ocrx_word' id='word_1_128' title='bbox 1317 1354 1422 1402; x_wconf 81' lang='lat' dir='ltr'><strong>ipsos</strong></span> 
     </span>
     <span class='ocr_line' id='line_1_20' title="bbox 372 1417 1366 1471; baseline 0.001 -18"><span class='ocrx_word' id='word_1_129' title='bbox 372 1417 606 1468; x_wconf 88' lang='lat' dir='ltr'><strong>impressant</strong></span> <span class='ocrx_word' id='word_1_130' title='bbox 626 1419 759 1466; x_wconf 85' lang='lat' dir='ltr'><strong>fiores,</strong></span> <span class='ocrx_word' id='word_1_131' title='bbox 789 1420 991 1471; x_wconf 82' lang='lat' dir='ltr'><strong>succisque</strong></span> <span class='ocrx_word' id='word_1_132' title='bbox 1015 1418 1189 1456; x_wconf 85' lang='lat' dir='ltr'><strong>ardentia</strong></span> <span class='ocrx_word' id='word_1_133' title='bbox 1209 1419 1366 1468; x_wconf 83' lang='lat' dir='ltr'><strong>tingunt</strong></span> 
     </span>
     <span class='ocr_line' id='line_1_21' title="bbox 376 1477 1480 1536; baseline 0.001 -17"><span class='ocrx_word' id='word_1_134' title='bbox 376 1495 443 1520; x_wconf 87' lang='lat' dir='ltr'><strong>ora</strong></span> <span class='ocrx_word' id='word_1_135' title='bbox 462 1487 593 1533; x_wconf 87' lang='lat' dir='ltr'><strong>novis,</strong></span> <span class='ocrx_word' id='word_1_136' title='bbox 632 1486 835 1536; x_wconf 87' lang='lat' dir='ltr'><strong>epulisque</strong></span> <span class='ocrx_word' id='word_1_137' title='bbox 852 1477 999 1522; x_wconf 72' lang='lat' dir='ltr'><strong>saniem</strong></span> <span class='ocrx_word' id='word_1_138' title='bbox 1017 1484 1274 1523; x_wconf 82' lang='lat' dir='ltr'><strong>viridantibus</strong></span> <span class='ocrx_word' id='word_1_139' title='bbox 1292 1484 1480 1535; x_wconf 81' lang='lat' dir='ltr'><strong>implent3</strong></span> 
     </span>
     <span class='ocr_line' id='line_1_22' title="bbox 377 1551 1359 1602; baseline 0.003 -17"><span class='ocrx_word' id='word_1_140' title='bbox 377 1562 450 1587; x_wconf 84' lang='lat' dir='ltr'><strong>nec</strong></span> <span class='ocrx_word' id='word_1_141' title='bbox 470 1552 634 1588; x_wconf 87' lang='lat' dir='ltr'><strong>tolerare</strong></span> <span class='ocrx_word' id='word_1_142' title='bbox 658 1557 818 1602; x_wconf 80' lang='lat' dir='ltr'><strong>queunt.</strong></span> <span class='ocrx_word' id='word_1_143' title='bbox 875 1558 1026 1602; x_wconf 85' lang='lat' dir='ltr'><strong>captato</strong></span> <span class='ocrx_word' id='word_1_144' title='bbox 1042 1559 1215 1601; x_wconf 86' lang='lat' dir='ltr'><strong>tempore</strong></span> <span class='ocrx_word' id='word_1_145' title='bbox 1234 1551 1359 1588; x_wconf 86' lang='lat' dir='ltr'><strong>noctis</strong></span> 
     </span>
     <span class='ocr_line' id='line_1_23' title="bbox 266 1613 1286 1668; baseline -0.001 -14"><span class='ocrx_word' id='word_1_146' title='bbox 266 1613 347 1655; x_wconf 83' lang='lat'><strong>375</strong></span> <span class='ocrx_word' id='word_1_147' title='bbox 375 1617 571 1654; x_wconf 86' lang='lat' dir='ltr'><strong>innumeri</strong></span> <span class='ocrx_word' id='word_1_148' title='bbox 592 1616 778 1654; x_wconf 84' lang='lat' dir='ltr'><strong>redeunt:</strong></span> <span class='ocrx_word' id='word_1_149' title='bbox 809 1619 877 1654; x_wconf 89' lang='lat' dir='ltr'><strong>alii</strong></span> <span class='ocrx_word' id='word_1_150' title='bbox 895 1631 1070 1668; x_wconf 81' lang='lat' dir='ltr'><strong>sparsere</strong></span> <span class='ocrx_word' id='word_1_151' title='bbox 1091 1631 1162 1668; x_wconf 86' lang='lat' dir='ltr'><strong>per</strong></span> <span class='ocrx_word' id='word_1_152' title='bbox 1181 1629 1286 1664; x_wconf 87' lang='lat' dir='ltr'><strong>arva,</strong></span> 
     </span>
     <span class='ocr_line' id='line_1_24' title="bbox 375 1683 1399 1735; baseline -0.001 -16"><span class='ocrx_word' id='word_1_153' title='bbox 375 1684 519 1733; x_wconf 86' lang='lat' dir='ltr'><strong>pabula</strong></span> <span class='ocrx_word' id='word_1_154' title='bbox 539 1683 632 1720; x_wconf 91' lang='lat' dir='ltr'><strong>dum</strong></span> <span class='ocrx_word' id='word_1_155' title='bbox 648 1691 858 1735; x_wconf 81' lang='lat' dir='ltr'><strong>quaerunt3</strong></span> <span class='ocrx_word' id='word_1_156' title='bbox 890 1685 957 1721; x_wconf 87' lang='lat' dir='ltr'><strong>alii</strong></span> <span class='ocrx_word' id='word_1_157' title='bbox 971 1697 1040 1735; x_wconf 87' lang='lat' dir='ltr'><strong>pro</strong></span> <span class='ocrx_word' id='word_1_158' title='bbox 1058 1684 1230 1721; x_wconf 89' lang='lat' dir='ltr'><strong>fontibus</strong></span> <span class='ocrx_word' id='word_1_159' title='bbox 1249 1689 1399 1731; x_wconf 79' lang='lat' dir='ltr'><strong>errant3</strong></span> 
     </span>
     <span class='ocr_line' id='line_1_25' title="bbox 377 1749 1268 1800; baseline 0.003 -16"><span class='ocrx_word' id='word_1_160' title='bbox 377 1761 494 1786; x_wconf 80' lang='lat' dir='ltr'><strong>saeva</strong></span> <span class='ocrx_word' id='word_1_161' title='bbox 514 1751 640 1787; x_wconf 89' lang='lat' dir='ltr'><strong>fames</strong></span> <span class='ocrx_word' id='word_1_162' title='bbox 658 1751 754 1787; x_wconf 90' lang='lat' dir='ltr'><strong>alios</strong></span> <span class='ocrx_word' id='word_1_163' title='bbox 779 1749 968 1787; x_wconf 78' lang='lat' dir='ltr'><strong>divertere</strong></span> <span class='ocrx_word' id='word_1_164' title='bbox 986 1757 1095 1800; x_wconf 83' lang='lat' dir='ltr'><strong>terga</strong></span> <span class='ocrx_word' id='word_1_165' title='bbox 1119 1751 1244 1799; x_wconf 60' lang='lat' dir='ltr'><strong>coegit</strong></span> <span class='ocrx_word' id='word_1_166' title='bbox 1257 1777 1268 1797; x_wconf 86' lang='lat'>,</span> 
     </span>
     <span class='ocr_line' id='line_1_26' title="bbox 380 1814 1399 1867; baseline -0.001 -16"><span class='ocrx_word' id='word_1_167' title='bbox 380 1823 595 1867; x_wconf 81' lang='lat' dir='ltr'><strong>cunctaque</strong></span> <span class='ocrx_word' id='word_1_168' title='bbox 618 1814 832 1852; x_wconf 83' lang='lat' dir='ltr'><strong>destituunt</strong></span> <span class='ocrx_word' id='word_1_169' title='bbox 849 1818 1060 1866; x_wconf 83' lang='lat' dir='ltr'><strong>contempti</strong></span> <span class='ocrx_word' id='word_1_170' title='bbox 1078 1817 1189 1866; x_wconf 85' lang='lat' dir='ltr'><strong>signa</strong></span> <span class='ocrx_word' id='word_1_171' title='bbox 1209 1814 1399 1864; x_wconf 78' lang='lat' dir='ltr'><strong>magistri.</strong></span> 
     </span>
     <span class='ocr_line' id='line_1_27' title="bbox 434 1878 1496 1919; baseline 0 -1"><span class='ocrx_word' id='word_1_172' title='bbox 434 1882 566 1919; x_wconf 85' lang='lat' dir='ltr'><strong>Castra</strong></span> <span class='ocrx_word' id='word_1_173' title='bbox 586 1882 687 1918; x_wconf 87' lang='lat' dir='ltr'><strong>locat</strong></span> <span class='ocrx_word' id='word_1_174' title='bbox 708 1879 843 1918; x_wconf 84' lang='lat' dir='ltr'><strong>ductor</strong></span> <span class='ocrx_word' id='word_1_175' title='bbox 860 1883 1062 1918; x_wconf 80' lang='lat' dir='ltr'><strong>monstrati</strong></span> <span class='ocrx_word' id='word_1_176' title='bbox 1081 1881 1130 1918; x_wconf 86' lang='lat' dir='ltr'><strong>ad</strong></span> <span class='ocrx_word' id='word_1_177' title='bbox 1147 1881 1318 1918; x_wconf 87' lang='lat' dir='ltr'><strong>fluminis</strong></span> <span class='ocrx_word' id='word_1_178' title='bbox 1337 1878 1496 1918; x_wconf 82' lang='lat' dir='ltr'><strong>undam.</strong></span> 
     </span>
     <span class='ocr_line' id='line_1_28' title="bbox 269 1947 1213 1999; baseline -0.002 -12"><span class='ocrx_word' id='word_1_179' title='bbox 269 1947 350 1987; x_wconf 79' lang='lat'><strong>380</strong></span> <span class='ocrx_word' id='word_1_180' title='bbox 378 1947 552 1985; x_wconf 78' lang='lat' dir='ltr'><strong>incubuit</strong></span> <span class='ocrx_word' id='word_1_181' title='bbox 575 1950 670 1999; x_wconf 86' lang='lat' dir='ltr'><strong>ripis</strong></span> <span class='ocrx_word' id='word_1_182' title='bbox 688 1949 823 1984; x_wconf 86' lang='lat' dir='ltr'><strong>sitiens</strong></span> <span class='ocrx_word' id='word_1_183' title='bbox 841 1949 1015 1984; x_wconf 85' lang='lat' dir='ltr'><strong>Romana</strong></span> <span class='ocrx_word' id='word_1_184' title='bbox 1033 1949 1213 1985; x_wconf 86' lang='lat' dir='ltr'><strong>iuventus</strong></span> 
     </span>
     <span class='ocr_line' id='line_1_29' title="bbox 381 2012 1360 2066; baseline 0.002 -16"><span class='ocrx_word' id='word_1_185' title='bbox 381 2019 420 2050; x_wconf 90' lang='lat' dir='ltr'><strong>et</strong></span> <span class='ocrx_word' id='word_1_186' title='bbox 435 2014 595 2066; x_wconf 88' lang='lat' dir='ltr'><strong>liquidis</strong></span> <span class='ocrx_word' id='word_1_187' title='bbox 613 2015 758 2051; x_wconf 87' lang='lat' dir='ltr'><strong>solatur</strong></span> <span class='ocrx_word' id='word_1_188' title='bbox 777 2015 903 2064; x_wconf 87' lang='lat' dir='ltr'><strong>aquis.</strong></span> <span class='ocrx_word' id='word_1_189' title='bbox 960 2012 1037 2050; x_wconf 90' lang='lat' dir='ltr'><strong>huc</strong></span> <span class='ocrx_word' id='word_1_190' title='bbox 1053 2014 1228 2066; x_wconf 88' lang='lat' dir='ltr'><strong>undique</strong></span> <span class='ocrx_word' id='word_1_191' title='bbox 1245 2015 1360 2052; x_wconf 82' lang='lat' dir='ltr'><strong>miles</strong></span> 
     </span>
     <span class='ocr_line' id='line_1_30' title="bbox 381 2079 1270 2132; baseline 0.002 -16"><span class='ocrx_word' id='word_1_192' title='bbox 381 2081 539 2118; x_wconf 89' lang='lat' dir='ltr'><strong>confluit</strong></span> <span class='ocrx_word' id='word_1_193' title='bbox 555 2079 605 2118; x_wconf 92' lang='lat' dir='ltr'><strong>ad</strong></span> <span class='ocrx_word' id='word_1_194' title='bbox 623 2082 756 2118; x_wconf 77' lang='lat' dir='ltr'><strong>latices</strong></span> <span class='ocrx_word' id='word_1_195' title='bbox 773 2086 811 2117; x_wconf 87' lang='lat' dir='ltr'><strong>et</strong></span> <span class='ocrx_word' id='word_1_196' title='bbox 827 2079 954 2117; x_wconf 88' lang='lat' dir='ltr'><strong>dulcia</strong></span> <span class='ocrx_word' id='word_1_197' title='bbox 971 2081 1129 2117; x_wconf 89' lang='lat' dir='ltr'><strong>flumina</strong></span> <span class='ocrx_word' id='word_1_198' title='bbox 1149 2088 1270 2132; x_wconf 82' lang='lat' dir='ltr'><strong>potat.</strong></span> 
     </span>
     <span class='ocr_line' id='line_1_31' title="bbox 382 2146 1354 2198; baseline -0.001 -15"><span class='ocrx_word' id='word_1_199' title='bbox 382 2149 494 2198; x_wconf 88' lang='lat' dir='ltr'><strong>panis</strong></span> <span class='ocrx_word' id='word_1_200' title='bbox 511 2149 624 2198; x_wconf 87' lang='lat' dir='ltr'><strong>inops</strong></span> <span class='ocrx_word' id='word_1_201' title='bbox 643 2146 779 2184; x_wconf 85' lang='lat' dir='ltr'><strong>tondet</strong></span> <span class='ocrx_word' id='word_1_202' title='bbox 799 2147 909 2184; x_wconf 82' lang='lat' dir='ltr'><strong>flores</strong></span> <span class='ocrx_word' id='word_1_203' title='bbox 928 2146 1145 2198; x_wconf 83' lang='lat' dir='ltr'><strong>herbasque</strong></span> <span class='ocrx_word' id='word_1_204' title='bbox 1164 2149 1354 2184; x_wconf 84' lang='lat' dir='ltr'><strong>virentes:</strong></span> 
     </span>
     <span class='ocr_line' id='line_1_32' title="bbox 383 2212 1429 2265; baseline 0 -15"><span class='ocrx_word' id='word_1_205' title='bbox 383 2213 446 2251; x_wconf 84' lang='lat' dir='ltr'><strong>his</strong></span> <span class='ocrx_word' id='word_1_206' title='bbox 467 2217 626 2265; x_wconf 88' lang='lat' dir='ltr'><strong>cupiunt</strong></span> <span class='ocrx_word' id='word_1_207' title='bbox 645 2216 784 2251; x_wconf 84' lang='lat' dir='ltr'><strong>satiare</strong></span> <span class='ocrx_word' id='word_1_208' title='bbox 804 2213 964 2251; x_wconf 79' lang='lat' dir='ltr'><strong>famem.</strong></span> <span class='ocrx_word' id='word_1_209' title='bbox 1020 2212 1203 2251; x_wconf 85' lang='lat' dir='ltr'><strong>mandata</strong></span> <span class='ocrx_word' id='word_1_210' title='bbox 1223 2226 1294 2263; x_wconf 89' lang='lat' dir='ltr'><strong>per</strong></span> <span class='ocrx_word' id='word_1_211' title='bbox 1314 2213 1429 2250; x_wconf 74' lang='lat' dir='ltr'><strong>urbes</strong></span> 
     </span>
     <span class='ocr_line' id='line_1_33' title="bbox 274 2278 1258 2330; baseline -0.003 -11"><span class='ocrx_word' id='word_1_212' title='bbox 274 2278 354 2321; x_wconf 83' lang='lat'><strong>385</strong></span> <span class='ocrx_word' id='word_1_213' title='bbox 383 2281 541 2318; x_wconf 84' lang='lat' dir='ltr'><strong>litoreas</strong></span> <span class='ocrx_word' id='word_1_214' title='bbox 563 2280 646 2317; x_wconf 86' lang='lat' dir='ltr'><strong>dux</strong></span> <span class='ocrx_word' id='word_1_215' title='bbox 663 2283 719 2318; x_wconf 87' lang='lat' dir='ltr'><strong>ire</strong></span> <span class='ocrx_word' id='word_1_216' title='bbox 742 2280 868 2327; x_wconf 89' lang='lat' dir='ltr'><strong>iubet,</strong></span> <span class='ocrx_word' id='word_1_217' title='bbox 897 2279 1087 2317; x_wconf 86' lang='lat' dir='ltr'><strong>deducere</strong></span> <span class='ocrx_word' id='word_1_218' title='bbox 1108 2292 1258 2330; x_wconf 87' lang='lat' dir='ltr'><strong>puppes</strong></span> 
     </span>
     <span class='ocr_line' id='line_1_34' title="bbox 384 2343 1272 2398; baseline -0.002 -15"><span class='ocrx_word' id='word_1_219' title='bbox 384 2354 580 2384; x_wconf 85' lang='lat' dir='ltr'><strong>vectantes</strong></span> <span class='ocrx_word' id='word_1_220' title='bbox 602 2348 786 2384; x_wconf 87' lang='lat' dir='ltr'><strong>alimenta</strong></span> <span class='ocrx_word' id='word_1_221' title='bbox 809 2348 903 2383; x_wconf 87' lang='lat' dir='ltr'><strong>suis.</strong></span> <span class='ocrx_word' id='word_1_222' title='bbox 943 2360 1014 2398; x_wconf 87' lang='lat' dir='ltr'><strong>pro</strong></span> <span class='ocrx_word' id='word_1_223' title='bbox 1028 2347 1151 2382; x_wconf 83' lang='lat' dir='ltr'><strong>tristia</strong></span> <span class='ocrx_word' id='word_1_224' title='bbox 1169 2343 1272 2382; x_wconf 81' lang='lat' dir='ltr'><strong>fata!</strong></span> 
     </span>
     <span class='ocr_line' id='line_1_35' title="bbox 385 2410 1342 2460; baseline -0.006 -9"><span class='ocrx_word' id='word_1_225' title='bbox 385 2413 567 2451; x_wconf 87' lang='lat' dir='ltr'><strong>adversos</strong></span> <span class='ocrx_word' id='word_1_226' title='bbox 591 2412 761 2451; x_wconf 87' lang='lat' dir='ltr'><strong>habuere</strong></span> <span class='ocrx_word' id='word_1_227' title='bbox 780 2415 913 2450; x_wconf 84' lang='lat' dir='ltr'><strong>Notos.</strong></span> <span class='ocrx_word' id='word_1_228' title='bbox 970 2414 1049 2449; x_wconf 86' lang='lat' dir='ltr'><strong>fors</strong></span> <span class='ocrx_word' id='word_1_229' title='bbox 1070 2411 1165 2448; x_wconf 84' lang='lat' dir='ltr'><strong>dura</strong></span> <span class='ocrx_word' id='word_1_230' title='bbox 1186 2410 1342 2460; x_wconf 83' lang='lat' dir='ltr'><strong>negavit</strong></span> 
     </span>
     <span class='ocr_line' id='line_1_36' title="bbox 386 2474 1365 2532; baseline -0.004 -16"><span class='ocrx_word' id='word_1_231' title='bbox 386 2481 580 2531; x_wconf 82' lang='lat' dir='ltr'><strong>puppibus</strong></span> <span class='ocrx_word' id='word_1_232' title='bbox 600 2492 809 2532; x_wconf 87' lang='lat' dir='ltr'><strong>aequoreas</strong></span> <span class='ocrx_word' id='word_1_233' title='bbox 829 2479 926 2516; x_wconf 83' lang='lat' dir='ltr'><strong>velis</strong></span> <span class='ocrx_word' id='word_1_234' title='bbox 947 2480 1109 2516; x_wconf 87' lang='lat' dir='ltr'><strong>transire</strong></span> <span class='ocrx_word' id='word_1_235' title='bbox 1128 2491 1198 2528; x_wconf 88' lang='lat' dir='ltr'><strong>per</strong></span> <span class='ocrx_word' id='word_1_236' title='bbox 1215 2474 1365 2513; x_wconf 86' lang='lat' dir='ltr'><strong>undas:</strong></span> 
     </span>
    </p>
   </div>
   <div class='ocr_carea' id='block_1_3' title="bbox 279 2590 1702 2734">
    <p class='ocr_par' dir='ltr' id='par_1_3' title="bbox 279 2590 1702 2734">
     <span class='ocr_line' id='line_1_37' title="bbox 279 2590 1702 2643; baseline -0.008 -9"><span class='ocrx_word' id='word_1_237' title='bbox 279 2600 346 2634; x_wconf 80' lang='lat'><strong>369</strong></span> <span class='ocrx_word' id='word_1_238' title='bbox 367 2598 431 2634; x_wconf 80' lang='lat' dir='ltr'><strong>inm</strong></span> <span class='ocrx_word' id='word_1_239' title='bbox 446 2610 542 2633; x_wconf 83' lang='lat' dir='ltr'><strong>orrea</strong></span> <span class='ocrx_word' id='word_1_240' title='bbox 558 2600 604 2640; x_wconf 84' lang='grc' dir='ltr'><strong>Τ,</strong></span> <span class='ocrx_word' id='word_1_241' title='bbox 627 2597 688 2632; x_wconf 84' lang='lat' dir='ltr'><strong>iam</strong></span> <span class='ocrx_word' id='word_1_242' title='bbox 702 2597 765 2630; x_wconf 87' lang='lat' dir='ltr'><strong>iam</strong></span> <span class='ocrx_word' id='word_1_243' title='bbox 781 2599 860 2630; x_wconf 67' lang='lat' dir='ltr'><strong>aiii-a</strong></span> <span class='ocrx_word' id='word_1_244' title='bbox 876 2598 916 2631; x_wconf 90' lang='lat' dir='ltr'><strong><em>M</em></strong></span> <span class='ocrx_word' id='word_1_245' title='bbox 1013 2597 1080 2634; x_wconf 81' lang='lat'><strong>370</strong></span> <span class='ocrx_word' id='word_1_246' title='bbox 1101 2595 1145 2629; x_wconf 81' lang='lat' dir='ltr'><strong>ad</strong></span> <span class='ocrx_word' id='word_1_247' title='bbox 1161 2594 1334 2639; x_wconf 78' lang='lat' dir='ltr'><strong>proprians</strong></span> <span class='ocrx_word' id='word_1_248' title='bbox 1354 2595 1386 2628; x_wconf 85' lang='grc' dir='ltr'><em>Τ</em></span> <span class='ocrx_word' id='word_1_249' title='bbox 1474 2593 1536 2628; x_wconf 87' lang='grc'><strong>371</strong></span> <span class='ocrx_word' id='word_1_250' title='bbox 1563 2590 1643 2636; x_wconf 78' lang='lat' dir='ltr'><strong>ipsis</strong></span> <span class='ocrx_word' id='word_1_251' title='bbox 1653 2591 1702 2643; x_wconf 35' lang='grc' dir='ltr'><strong>ΓΡ,</strong></span> 
     </span>
     <span class='ocr_line' id='line_1_38' title="bbox 280 2637 1702 2688; baseline -0.006 -11"><span class='ocrx_word' id='word_1_252' title='bbox 280 2644 343 2688; x_wconf 80' lang='lat' dir='ltr'><strong>ipsi</strong></span> <span class='ocrx_word' id='word_1_253' title='bbox 360 2645 398 2678; x_wconf 88' lang='lat' dir='ltr'><strong><em>M</em></strong></span> <span class='ocrx_word' id='word_1_254' title='bbox 501 2644 567 2679; x_wconf 82' lang='lat'><strong>375</strong></span> <span class='ocrx_word' id='word_1_255' title='bbox 592 2655 637 2677; x_wconf 77' lang='grc' dir='ltr'><strong>απ</strong></span> <span class='ocrx_word' id='word_1_256' title='bbox 653 2643 798 2685; x_wconf 60' lang='lat' dir='ltr'><strong>fugere‘ss</strong></span> <span class='ocrx_word' id='word_1_257' title='bbox 823 2641 861 2676; x_wconf 87' lang='grc' dir='ltr'><em>Μ</em></span> <span class='ocrx_word' id='word_1_258' title='bbox 964 2642 1030 2677; x_wconf 86' lang='grc'><strong>378</strong></span> <span class='ocrx_word' id='word_1_259' title='bbox 1050 2641 1224 2674; x_wconf 72' lang='lat' dir='ltr'><strong>distituunt</strong></span> <span class='ocrx_word' id='word_1_260' title='bbox 1239 2639 1383 2673; x_wconf 78' lang='lat' dir='ltr'><strong>contenti</strong></span> <span class='ocrx_word' id='word_1_261' title='bbox 1404 2639 1436 2673; x_wconf 81' lang='grc' dir='ltr'><em>Τ</em></span> <span class='ocrx_word' id='word_1_262' title='bbox 1478 2656 1480 2661; x_wconf 45' lang='grc' dir='ltr'><em>ν</em></span> <span class='ocrx_word' id='word_1_263' title='bbox 1539 2638 1606 2672; x_wconf 79' lang='lat'><strong>331</strong></span> <span class='ocrx_word' id='word_1_264' title='bbox 1631 2637 1702 2670; x_wconf 65' lang='lat' dir='ltr'><strong>huuc</strong></span> 
     </span>
     <span class='ocr_line' id='line_1_39' title="bbox 281 2688 807 2734; baseline 0.002 -12"><span class='ocrx_word' id='word_1_265' title='bbox 281 2690 429 2734; x_wconf 79' lang='lat' dir='ltr'><strong>apud.M</strong></span> <span class='ocrx_word' id='word_1_266' title='bbox 559 2689 624 2724; x_wconf 83' lang='lat'><strong>385</strong></span> <span class='ocrx_word' id='word_1_267' title='bbox 648 2690 751 2733; x_wconf 85' lang='lat' dir='ltr'><strong>pubes</strong></span> <span class='ocrx_word' id='word_1_268' title='bbox 771 2688 807 2723; x_wconf 81' lang='grc' dir='ltr'><strong>Τ.</strong></span> 
     </span>
    </p>
   </div>
  </div>
 </body>
</html>
