1702 3060
279 146 370 195 174
671 152 888 195 CORIPPI
921 153 995 195 DE
1029 155 1296 199 LAUDIBUS

269 457 350 495 290

262 787 344 830 295

261 1125 343 1165 300

251 1454 331 1495 305

247 1788 328 1827 310

245 2120 327 2163 315

238 2455 321 2495 320

379 256 632 307 plaudentem
654 260 842 310 Libyam,
874 261 1006 311 fruges
1026 263 1258 315 laurumque
1279 265 1482 306 ferentem.

380 323 530 360 addidit
552 326 752 375 antiquam
772 327 997 365 tendentem
1014 328 1173 366 brachia
1191 333 1367 380 Romam,

379 397 532 426 exserto
555 398 592 427 et
612 391 760 428 nudam
781 401 998 442 gestantem
1016 403 1170 446 pectore
1189 410 1414 447 mammam,

377 457 552 493 altricem
570 458 722 507 imperii
745 459 1009 512 libertatisque
1028 470 1244 512 parentem.

375 521 473 559 haec
492 523 580 560 ideo
599 524 682 560 fieri
701 526 819 562 vivax
836 527 1033 578 Sapientia
1050 530 1173 578 iussit,

376 597 554 627 ornatum
572 599 614 628 ut
630 594 794 642 propriis
815 594 932 631 funus
955 597 1084 646 regale
1106 594 1314 646 triumphis

374 658 593 706 Augustum
611 660 653 694 in
671 661 867 696 tumulum
886 662 1014 699 fatalis
1038 662 1194 699 duceret
1212 662 1322 700 hora.

428 725 532 760 Dum
551 725 688 762 famuli
707 727 771 776 pia
792 729 896 763 iussa
914 735 1051 778 parant
1070 737 1280 780 aptantque
1299 731 1496 777 feretrum,

372 803 450 826 vox
469 791 606 840 ingens
628 792 730 828 facta
749 800 827 840 est,
859 795 1019 843 plausus
1044 802 1082 832 et
1100 795 1242 846 gaudia
1263 804 1438 846 surgunt,

372 862 410 892 et
429 856 558 906 fragor
575 871 626 894 ex
645 859 733 896 imis
752 860 876 896 altum
892 862 990 911 petit
1010 860 1166 898 aethera
1184 864 1310 911 terris,

371 923 552 974 almaque
573 924 736 962 discreto
753 927 899 976 placuit
919 927 1124 965 concordia
1141 925 1273 978 vulgo.

370 989 473 1026 laeta
491 1004 562 1040 per
577 994 795 1042 Augustam
816 995 954 1043 pennis
971 994 1245 1044 plaudentibus
1267 995 1404 1031 urbem

367 1055 473 1092 fama
491 1059 626 1095 volans
647 1072 827 1096 somnum
844 1061 1010 1110 populos
1029 1061 1189 1109 inopina
1210 1067 1436 1109 gravantem

371 1125 566 1174 increpat,
596 1126 840 1176 impellitque
862 1127 981 1173 fores,
1013 1133 1050 1162 et
1066 1127 1202 1162 limina
1221 1127 1362 1177 pulsat,

369 1191 678 1242 multiplicatque
698 1205 786 1229 suas
808 1193 908 1229 felix
927 1195 1155 1243 praenuntia
1176 1193 1344 1242 linguas.

366 1270 525 1294 somnus
546 1271 590 1294 ea
608 1260 786 1295 veniente
806 1259 927 1309 fugit,
957 1273 1166 1310 secumque
1187 1259 1388 1296 cadentem

364 1325 483 1360 traxit
502 1326 730 1373 segnitiem,
759 1332 918 1377 totaque
937 1328 1103 1363 excessit
1124 1326 1171 1361 ab
1192 1326 1301 1362 urbe.

363 1390 542 1426 imminet
563 1391 630 1426 illa
652 1391 789 1428 favens
802 1420 812 1439 ,
843 1399 880 1428 et
901 1393 1032 1428 crebro
1052 1392 1194 1442 pollice
1216 1392 1345 1441 pulsat

360 1455 558 1493 tardantes
576 1458 742 1507 populos
754 1486 764 1505 ,
795 1463 833 1493 et
847 1453 1020 1507 “surgite
1039 1460 1184 1507 surgite
1194 1454 1213 1470 '’
1231 1459 1385 1507 clamat,

361 1523 600 1574 castigatque
620 1537 771 1572 moras,
806 1531 844 1560 et
862 1525 977 1574 plena
997 1526 1142 1575 palatia
1159 1532 1290 1562 narrat

360 1596 553 1626 conventu
573 1603 799 1640 procerum,
830 1593 923 1628 sorti
943 1593 1104 1628 senioris
1124 1590 1297 1642 adempti

361 1653 556 1692 delectum
574 1669 720 1692 numen
738 1663 928 1694 struerent
948 1670 1022 1708 quo
1041 1664 1152 1694 nocte
1169 1664 1338 1707 peracta.

358 1729 490 1771 urget,
524 1724 622 1772 agit,
652 1724 851 1771 stimulat,
877 1725 1007 1773 pulsat
1026 1725 1148 1772 latus,
1177 1725 1386 1774 imprimit,
1415 1725 1546 1763 instat.

356 1788 591 1837 accelerant,
622 1797 864 1840 vacuantque
888 1788 1044 1837 domos,
1074 1791 1258 1841 vicosque
1275 1804 1346 1840 per
1364 1804 1499 1830 omnes

354 1853 568 1903 gaudentes
590 1863 769 1904 currunt,
802 1864 839 1893 et
857 1869 1055 1892 murmura
1077 1859 1203 1906 prima
1222 1864 1429 1894 moventur

357 1919 533 1957 nondum
554 1922 655 1958 clara
675 1930 803 1970 nsetu3
835 1924 1036 1973 civemque
1055 1924 1267 1972 interrogat
1286 1936 1443 1960 omnem

356 2000 559 2025 occurrens
584 1990 699 2036 civis,
731 2003 939 2040 rumorque
961 2003 1031 2039 per
1053 1991 1208 2039 agmina
1231 1991 1364 2040 serpit.

411 2055 514 2092 Solis
534 2053 680 2092 honore
704 2058 795 2093 novi
815 2058 914 2106 grati
930 2057 1149 2106 spectacula
1167 2057 1258 2092 circi

356 2123 506 2173 antiqui
527 2134 693 2158 sanxere
709 2130 838 2172 patres
851 2152 861 2171 ,
892 2125 959 2174 qni
979 2130 1159 2174 quattuor
1181 2135 1265 2158 esse

356 2189 448 2225 solis
468 2201 587 2239 equos
612 2188 782 2239 quadam
802 2203 931 2226 rerum
950 2191 1098 2226 ratione
1119 2189 1319 2239 putabant,

354 2261 529 2304 tempora
552 2257 725 2292 continui
746 2258 943 2306 signantes
964 2263 1144 2307 quattuor
1167 2257 1271 2302 anni,

351 2321 392 2356 in
415 2334 579 2371 quorum
595 2324 766 2372 speciem
788 2324 909 2373 signis
926 2325 1175 2373 numerisque
1195 2321 1401 2374 modisque

353 2389 506 2436 aurigas
526 2387 709 2437 totidem,
739 2389 904 2426 totidem
918 2402 1082 2440 posuere
1103 2390 1268 2426 colores:

348 2467 441 2490 nam
461 2453 595 2490 viridis
617 2457 748 2503 verni,
779 2469 936 2506 campus
957 2470 1027 2492 ceu
1046 2457 1225 2493 concolor
1242 2454 1386 2503 herbis,

348 2522 506 2570 pinguis
528 2521 630 2557 oliva
651 2524 792 2569 comis,
822 2523 922 2559 luxu
937 2535 1075 2559 nemus
1094 2535 1207 2559 omne
1222 2523 1398 2570 virescit3

349 2600 504 2624 russeus
525 2588 679 2624 aestatis
692 2617 701 2634 ,
732 2589 846 2624 rubra
868 2590 923 2625 sic
946 2596 1052 2625 veste
1073 2589 1268 2638 refulgens

348 2660 391 2690 ut
408 2654 596 2690 nonnulla
615 2654 754 2690 rubent
772 2653 923 2690 ardenti
942 2667 1059 2704 poma
1077 2655 1226 2702 colore,

349 2721 525 2756 autumni
545 2727 730 2770 venetus,
760 2721 955 2771 ferrugine
980 2720 1088 2758 dives
1110 2728 1148 2758 et
1169 2728 1284 2769 ostro,

1678 0 1702 94 {w
