1702 3060
284 137 378 184 106
881 135 1098 182 CORIPPI

332 245 361 288 5
387 246 524 285 militis
542 243 721 285 indomiti
740 243 872 283 nullus
892 252 981 296 post
997 246 1145 297 proelia
1163 247 1348 287 membris

389 319 519 363 torpor
535 314 656 350 inest:
685 324 846 364 quassos
863 312 983 350 reficit
1003 314 1162 351 victoria
1181 327 1336 362 nervos,

390 380 649 429 virtutemque
668 385 786 415 novat
807 385 939 429 captae
959 392 1047 430 spes
1067 379 1198 417 addita
1213 379 1396 430 praedae,

391 450 429 480 et
449 444 622 481 relevant
639 445 788 482 animos
806 443 874 481 fidi
891 447 1080 496 promissa
1096 447 1286 496 magistri.

442 511 667 547 Maurorum
686 511 855 559 interea,
888 514 1012 550 noctis
1033 512 1192 550 defensa
1210 513 1391 562 tenebris,

313 578 362 618 10
389 578 545 626 agmina
563 577 766 614 currebant
784 579 930 615 cunctis
948 592 1018 629 per
1037 578 1148 616 devia
1166 581 1291 627 terris,

390 656 524 693 sparsa
541 650 663 680 metu.
717 657 800 681 nox
818 644 903 694 ipsa
921 645 1047 692 iuvat,
1075 658 1157 682 nox
1172 647 1257 696 ipsa
1276 646 1430 697 fatigat.

392 709 533 759 eripuit
549 708 688 746 mediis
708 717 863 747 cunctos
880 709 928 747 de
945 711 1120 749 faucibus
1138 714 1226 751 Orci

392 775 588 813 occultans
607 776 768 813 obscura
784 777 909 814 viros:
935 777 1006 814 sed
1022 792 1151 816 rursus
1173 778 1331 817 easdem

391 842 573 879 sollicitat
594 841 732 880 dubias
751 844 896 880 incerto
915 845 1038 881 Marte
1060 851 1246 883 catervas.

310 908 362 949 15
390 907 580 958 effugiunt
595 908 751 959 pavidi,
779 909 888 946 nullo
905 916 992 960 post
1009 917 1118 960 terga
1136 916 1336 961 sequente,

389 973 486 1011 dum
500 974 716 1024 trepidant,
747 976 1007 1027 strepitusque
1027 990 1117 1014 suos
1134 978 1358 1028 sonitusque
1377 989 1534 1014 suorum

389 1055 474 1078 esse
489 1048 626 1091 putant
643 1040 771 1078 hostes
783 1070 793 1089 ,
821 1042 1041 1093 turbatique
1060 1042 1179 1080 ardua
1196 1050 1381 1094 quassant

388 1108 456 1145 ilia
477 1106 741 1158 cornipedum.
797 1108 938 1145 crebris
958 1115 1140 1146 montana
1158 1110 1323 1160 ssagelh's

391 1181 503 1212 nocte
522 1175 660 1211 silente
678 1180 847 1224 crepant.
903 1175 1052 1211 socium
1073 1177 1279 1214 terroribus
1297 1189 1439 1226 agmen

308 1244 362 1283 20
390 1242 562 1291 exagitat
582 1240 750 1279 solidum
768 1241 944 1292 quatiens
960 1241 1057 1278 levis
1073 1243 1220 1292 ungula
1238 1255 1434 1294 campum.

446 1310 579 1346 Altera
597 1306 802 1345 Phoebeos
820 1307 981 1357 cogebat
998 1321 1148 1344 currere
1168 1322 1301 1346 cursus

389 1377 544 1414 Oceano
563 1380 731 1412 reserata
749 1371 847 1410 dies.
902 1373 1077 1410 turbatur
1092 1372 1244 1413 anhelis

389 1454 536 1493 aequor
555 1447 594 1477 et
612 1438 721 1477 ardet
740 1440 874 1490 equis3
907 1439 1126 1477 fervescunt
1145 1447 1282 1490 stagna
1299 1439 1495 1492 profundi,

388 1514 539 1546 aestuat
557 1506 662 1544 unda
680 1513 856 1552 tumens,
889 1512 927 1542 et
947 1519 1073 1544 sacros
1097 1509 1260 1557 parturit
1279 1509 1406 1558 ignes.

303 1576 358 1619 25
387 1587 621 1624 consurgens
640 1573 754 1611 solita
769 1573 938 1624 primum
954 1573 1096 1623 pietate
1113 1575 1298 1624 magister

384 1644 509 1680 laetus
530 1642 610 1691 agit
630 1645 777 1690 grates,
809 1637 1012 1675 dominum
1031 1640 1183 1677 virtutis
1203 1639 1369 1678 adorans

385 1716 424 1746 et
443 1710 600 1745 meritas
621 1704 786 1743 reddens
806 1705 876 1741 tali
893 1718 963 1755 pro
982 1718 1142 1743 munere
1161 1705 1314 1745 laudes.

386 1782 478 1813 tunc
496 1775 589 1811 laeti
608 1785 749 1809 venere
769 1770 887 1808 duces
905 1772 1102 1823 fortesque
1117 1773 1262 1810 tribuni

386 1849 425 1879 et
444 1841 560 1892 primi
577 1849 803 1889 procerumt,
833 1837 986 1876 medius
1005 1852 1101 1890 quos
1122 1841 1204 1889 ipse
1220 1837 1407 1888 magister

303 1913 358 1952 30
385 1910 441 1946 sic
460 1908 566 1958 prior
583 1905 805 1956 alloquitur.
855 1898 981 1955 “quae
1001 1918 1097 1954 gens
1116 1904 1322 1941 durissima
1341 1911 1487 1943 vestros

386 1975 528 2012 corruit
550 1979 638 2009 ante
659 1970 778 2021 pedes
791 1999 801 2018 ,
831 1968 948 2007 socii!
1005 1973 1062 2008 sic
1078 1972 1212 2008 mortis
1232 1972 1411 2020 amicam,

388 2042 444 2080 sic
461 2040 615 2090 iugulos
634 2039 776 2075 inferre
793 2038 898 2085 neci,
928 2038 983 2074 sic
1003 2051 1153 2074 currere
1173 2039 1214 2074 in
1232 2036 1364 2075 hostes

389 2121 469 2146 non
491 2106 602 2143 Albis
622 2104 809 2155 populos,
838 2116 952 2141 saeva
969 2117 1049 2140 non
1070 2103 1228 2141 Perside
1246 2103 1350 2140 vidi:

388 2187 481 2210 nam
501 2173 679 2223 quotiens
699 2171 820 2207 victos
841 2168 971 2208 hostes
995 2169 1085 2207 dare
1110 2178 1219 2219 terga
1239 2170 1391 2220 subegi,

304 2240 357 2283 35
384 2237 576 2289 intrepido
598 2238 736 2274 totiens
757 2237 868 2272 vultu
883 2235 1031 2272 rediere
1047 2237 1192 2274 minaci

386 2318 475 2342 cum
496 2305 655 2341 fremitu
673 2304 850 2354 saltuque
870 2303 966 2339 fero.
1021 2309 1154 2339 tamen
1176 2301 1311 2340 ordine
1330 2314 1484 2342 summo

386 2378 425 2408 et
443 2371 564 2408 nostri
582 2371 722 2406 virtute
742 2368 806 2405 dei
825 2369 1016 2405 confracta
1037 2370 1207 2406 recessit.

383 2450 488 2475 nunc
503 2437 670 2487 Libycos
690 2435 786 2472 fines
805 2436 918 2472 solito
941 2434 1097 2472 custode
1117 2436 1217 2472 tueri

386 2504 600 2542 accelerare
621 2502 770 2552 placet,
799 2501 929 2538 felicia
949 2514 1070 2552 regna
1088 2502 1245 2538 referre.

300 2572 353 2614 40
380 2572 486 2609 ocius
507 2571 548 2607 in
567 2569 741 2620 proprias
761 2580 1019 2619 numerosque
1038 2566 1207 2604 reducite
1227 2564 1339 2604 sedes

272 2672 296 2706 9
319 2679 481 2704 murorum
498 2668 530 2702 Τ
632 2667 675 2703 21
700 2665 846 2700 currus?
948 2665 993 2698 30
1014 2676 1110 2710 quem
1128 2665 1160 2697 Τ
1251 2663 1294 2697 31
1320 2661 1464 2698 Martis?
1551 2663 1598 2699 33
1618 2673 1692 2697 sae-

274 2727 348 2751 vam
363 2726 427 2750 uon
441 2712 607 2749 Persida?
743 2710 787 2747 35
809 2709 991 2756 intrepidi?
1125 2709 1208 2744 ibid.
1229 2708 1379 2755 quotiens
1396 2709 1437 2744 T.
