1702 3060
432 118 508 160 DE
539 118 815 164 LAUDIBUS
847 118 1070 165 IUSTINI.
1376 120 1473 168 399

40 231 261 280 uquantur,
286 226 362 266 hoe
379 228 560 278 primum
587 235 719 267 tamen
745 242 858 267 omen
888 236 986 268 erata
1015 230 1180 268 EAM-11.
1237 227 1343 282 apud
1371 231 1472 270 Rui-

34 283 136 330 -dnm
169 283 278 321 enim
315 282 526 337 (quamvis
550 285 713 323 meliora
736 283 996 337 sequantur).
1066 286 1205 338 prius]
1244 286 1334 339 lege
1358 289 1467 339 pius.

40 354 41 358 ¹
91 351 188 378 ποις.

45 338 93 400 ΓΡ
139 394 235 436 406.
292 408 450 433 carmen
466 393 543 433 hoc
562 397 616 433 ita
636 403 854 434 correctmn
871 408 893 434 a
910 397 1024 435 nobis
1046 403 1124 446 est,
1156 411 1247 436 cum
1264 398 1308 436 in
1329 411 1473 438 manu-

39 451 172 503 .oeipto
188 459 367 502 corrupte
386 450 602 490 admodum
617 453 834 503 legeretur:
864 452 1080 504 Augustas·
1105 467 1311 506 nunquam
1333 457 1475 494 cecinit

42 507 167 551 ‘bekae
177 508 325 558 priore.
384 509 508 546 Rmz.

136 561 191 600 ib.
251 563 503 607 Casaubonus
523 562 574 601 ad
589 563 824 602 Suetonium
842 566 945 616 Aug.
968 578 1002 603 c.
1020 567 1074 607 32
1089 567 1240 604 notavit
1258 564 1366 604 hunc
1382 580 1474 606 ver-

20 631 116 662 'mm
141 619 399 658 falsissimum
425 633 510 657 esse
532 621 609 657 nisi
630 620 790 658 mollius
810 621 1013 659 commoda
1033 622 1348 673 interpretatione
1367 625 1473 661 acci-

20 691 44 727 ·.
91 682 178 723 tur3
208 674 316 728 quod
341 674 502 727 quidem
533 683 682 714 constat
711 690 763 714 ex
781 677 968 716 Suetonio
988 679 1063 716 loc.
1084 680 1147 718 cit.
1161 707 1172 727 ‚
1203 691 1256 716 ex
1270 679 1398 717 Dione
1419 679 1473 720 58

31 744 68 782 ᾳ.
82 729 184 779 497,
222 744 274 768 ex
295 732 451 783 legibus
479 730 699 770 Theodosii
720 734 986 771 Valentiniani
1005 734 1164 772 Arcadii
1185 741 1223 772 et
1242 736 1407 773 Honorii
1428 736 1473 772 in

17 785 114 828 wod.
130 785 334 826 Theodos.
353 788 508 837 relatis,
540 801 593 825 ex
611 789 819 840 Spartiano
839 791 881 827 in
900 789 1101 828 Hadriano
1113 820 1124 839 ,
1159 804 1212 828 ex
1234 789 1472 842 Vopisco'de

25 843 262 892 mireliano,
297 850 336 881 et
365 857 418 882 ex
446 843 618 882 secundo
647 846 813 883 Ausonii
840 848 1035 897 Panegyr.
1059 846 1110 884 ad
1132 846 1379 888 Gratianum.
1437 848 1471 885 si

17 904 115 950 ἤγετο
145 899 444 938 Constantinum
468 902 692 939 Manassem
718 901 878 951 audias,
909 903 1104 954 suggessit
1124 901 1229 940 hanc
1249 904 1399 942 Iustino
1416 902 1470 941 li·-

14 954 268 998 ‘oeralitatem
288 968 391 993 uxor
411 954 574 1007 Sophia.
631 957 763 994 Foco.

131 1009 230 1052 409.
285 1012 461 1049 imitatus
494 1018 553 1049 est
581 1011 785 1049 Claudian.
813 1011 862 1049 de
890 1014 915 1052 3
939 1014 1044 1050 Hon.
1072 1014 1299 1051 consulatu:
1329 1015 1472 1064 quanti

13 1072 108 1104 rcum
126 1067 302 1113 iuvenes,
331 1074 504 1118 quantae
521 1080 696 1117 sprevere
703 1068 916 1118 pudorem,
933 1069 1140 1118 spectandi
1159 1070 1288 1107 studio
1308 1076 1465 1106 matres.

13 1122 206 1175 ᾤκισε-ι’.
263 1135 408 1174 gnome
433 1124 615 1174 elegans,
646 1124 787 1162 similis
812 1124 898 1161 illi:
929 1131 1099 1162 extrema
1114 1124 1302 1175 pericula
1321 1138 1472 1176 semper

13 1177 121 1221 dant
139 1179 296 1216 veniam
315 1178 469 1230 culpae.
528 1181 694 1217 Bima.

126 1233 181 1272 ib.
240 1236 364 1273 nescit
389 1248 543 1273 servare
562 1235 780 1287 pudorem]
816 1236 872 1273 sic
902 1241 940 1272 et
967 1235 1114 1272 nimiae
1135 1235 1309 1273 laetitiae
1324 1237 1472 1275 decoris·

0 1296 112 1344 *aaut
137 1297 174 1327 et
195 1291 411 1342 gravitatis·
434 1292 693 1338 immemores,
721 1298 765 1328 ut
796 1292 851 1329 ait
878 1291 1137 1329 Mamertinus
1164 1293 1409 1344 Panegyrico
1428 1294 1472 1330 in

0 1344 216 1390 'milianum
234 1348 288 1387 29
309 1359 350 1384 n.
367 1349 410 1387 2.
465 1348 591 1384 Rrrr.

39 1443 43 1447 ,
129 1401 227 1443 410.
283 1402 463 1454 afflictae
498 1415 561 1440 res
591 1402 784 1450 miserae,
825 1399 1034 1449 adversae,
1074 1408 1119 1439 ut
1150 1414 1269 1453 supra
1299 1415 1339 1441 v.
1370 1405 1467 1445 377.

8 1456 272 1508 {calpurnium
311 1458 512 1510 legemque
534 1459 710 1508 priorem
733 1456 885 1503 reddet,
925 1464 963 1493 et
983 1457 1187 1508 afflictum
1210 1458 1348 1496 melior
1370 1459 1468 1497 deus

5 1513 171 1566 miseret
183 1526 339 1551 aevum.
399 1515 564 1551 Bima.

31 1599 36 1604 -
125 1568 227 1614 413.ὲ
281 1583 380 1607 cara
399 1582 559 1618 nomen,
590 1582 668 1621 quo
687 1582 782 1608 usus
803 1566 879 1606 hoc
898 1567 978 1606 loci
995 1569 1186 1620 Corippus
1206 1575 1277 1618 est,
1307 1582 1466 1622 quoque

6 1637 90 1665 mos
107 1626 287 1677 Hispani,
316 1632 361 1663 ut
378 1632 416 1662 et
430 1626 521 1662 Itali
540 1632 578 1663 et
596 1625 714 1673 Galli,
745 1637 881 1662 omnes
897 1625 1126 1675 vulgaribus
1141 1626 1285 1663 nostris
1303 1626 1465 1676 linguis,

6 1672 88 1734 {liro
106 1682 415 1733 uniuscuiusque
431 1680 619 1719 idiomate
637 1694 718 1718 non
735 1694 815 1718 uno
832 1679 952 1717 modo
963 1709 974 1729 ,
1000 1678 1122 1718 hodie
1139 1683 1288 1718 utimur
1299 1710 1310 1730 ‚
1342 1683 1469 1719 Grae-

2 1748 108 1787 ‹oum
125 1738 264 1789 procul
285 1736 404 1774 dubio
425 1743 506 1785 est,
537 1733 640 1789 κάρη
665 1737 814 1774 scilicet
833 1736 1044 1784 Aeolibus,
1074 1733 1179 1788 κάρα
1198 1744 1330 1775 autem
1345 1738 1465 1775 Dori-

4 1784 104 1844 lljus.
161 1791 270 1845 quod
288 1794 361 1831 etsi
377 1794 534 1844 proprie
554 1793 712 1830 Graecis
729 1799 850 1842 caput
867 1792 1071 1842 significet,
1102 1793 1311 1844 aliquoties
1332 1800 1465 1831 autem

3 1858 87 1901 'pro
126 1854 210 1886 tota
250 1850 338 1900 ipsa
370 1849 473 1886 facie
506 1849 703 1900 plenoque
742 1849 821 1886 oris
849 1849 963 1885 vultu
991 1855 1223 1899 usurpatum
1249 1850 1463 1898 invenitur,

1 1899 354 1962 «quemadmodum
372 1905 420 1942 ab
442 1906 493 1942 H.
514 1903 715 1956 Stephano
735 1903 842 1955 apud
858 1902 1093 1955 Euripidem
1115 1911 1174 1942 est
1197 1904 1464 1943 observatum.

2 1970 148 2013 meque
167 1973 262 1999 vero
287 1973 435 1999 nomen
455 1958 532 1998 hoc
552 1961 601 1998 ab
625 1961 725 2008 alio,
755 1961 825 2012 qui
847 1961 986 1997 Latine
1009 1961 1229 2011 scripserit,
1261 1973 1381 2012 quam
1395 1959 1464 1998 hic

2 2025 44 2066 «ᾳ
71 2016 263 2068 Corippo,
315 2017 577 2068 graecissante
601 2017 812 2064 nimirum,
850 2017 906 2053 ita
936 2014 1085 2053 dictum
1112 2016 1286 2054 invenio.
1341 2018 1467 2054 Rmz.

3 2082 102 2114 'nos
141 2073 372 2111 Latinorum
403 2074 638 2124 scriptorum
670 2072 860 2110 dictiones
895 2084 1056 2122 graecas
1091 2072 1134 2108 in
1168 2084 1286 2109 suum
1314 2070 1466 2110 idioma

3 2124 227 2182 transferre
247 2129 478 2180 Latinisque
507 2129 712 2166 elementis
741 2128 923 2166 scribere.
982 2140 1035 2164 ex
1051 2128 1183 2165 Plinio
1201 2133 1312 2165 notat
1328 2129 1466 2166 Mure-

0 2181 80 2223 hs
98 2182 291 2234 probata,
319 2190 360 2222 et
391 2197 446 2222 ex
475 2184 661 2223 Cicerone
690 2190 729 2221 et
753 2184 916 2234 Virgilio
941 2189 1051 2228 acta,
1080 2184 1104 2223 1
1135 2185 1176 2223 3.
1225 2196 1278 2220 ex
1294 2180 1372 2220 hoc
1391 2196 1466 2234 ge·—

13 2223 110 2302 §ere
130 2246 190 2278 est
206 2251 317 2277 cara:
347 2252 442 2277 nam
459 2236 562 2293 κάρα
581 2239 688 2292 apud
702 2241 826 2277 Dores
841 2245 900 2277 est
918 2246 1046 2290 caput,
1075 2245 1119 2276 ut
1137 2234 1241 2290 κάρη
1258 2239 1464 2288 Aedibus,

31 2299 33 2302 ⁴
106 2301 190 2334 toto
213 2295 328 2334 vultu
355 2302 602 2347 usurpatum.
630 2298 817 2334 Dssmrsr.
878 2308 975 2331 cara
1003 2301 1136 2346 caput,
1166 2295 1314 2333 vultus.
1372 2296 1468 2348 quia

7 2303 242 2405 &Graecia
264 2352 460 2390 scribebat
481 2353 692 2404 Corippus,
722 2352 870 2389 Graeco
888 2350 1080 2388 vocabulo
1103 2351 1244 2388 maluit
1263 2352 1343 2400 uti,
1374 2363 1467 2389 cum

11 2403 129 2470 §ullo
155 2408 316 2446 omnino
343 2409 503 2459 negotio
532 2409 700 2447 scribere
725 2409 917 2459 potuisset
932 2407 1145 2445 verendum
1161 2413 1296 2458 caput.
1357 2413 1466 2459 patet

16 2466 151 2502 tutem
181 2461 277 2502 hinc
310 2465 511 2502 communi
541 2478 616 2503 usu
645 2465 895 2516 loquentium
926 2464 1205 2502 etiamearam
1221 2470 1464 2515 usurpatam,

16 2518 33 2527 ‘'
56 2560 58 2562 v
83 2524 183 2556 testa
199 2517 321 2557 hodie
338 2519 445 2572 apud
464 2521 598 2559 Gallos
618 2527 656 2558 et
673 2521 793 2559 Italos
812 2519 921 2558 idem
938 2526 1070 2569 notat,
1103 2520 1196 2572 quia
1213 2526 1315 2558 testa
1334 2531 1357 2556 a
1375 2531 1465 2556 me-

48 2572 118 2613 'ds
147 2580 187 2612 et
211 2577 340 2627 poetis
366 2575 515 2615 dictum
542 2590 683 2615 cavum
709 2589 1007 2630 convexumque
1037 2589 1103 2625 os,
1145 2588 1223 2628 quo
1259 2575 1464 2612 cerebrum

3 2647 22 2681 j„
94 2630 262 2680 tinetur,
291 2638 331 2670 et
347 2633 403 2671 ita
422 2632 660 2672 Prudentius
681 2634 724 2671 in
745 2634 946 2671 Romano:
977 2645 1130 2670 comam
1152 2638 1355 2682 cutemque
1374 2642 1463 2667 ver-

8 2682 14 2698 ⁵
45 2684 65 2733 ⁸.
82 2686 91 2695 ⁸
123 2687 342 2726 revulserat
357 2702 385 2726 α
390 2689 530 2740 fronte
547 2697 684 2736 tortor,
714 2689 826 2728 nuda
844 2696 941 2727 testa
958 2696 1003 2727 ut
1018 2689 1187 2740 tegmine
1203 2687 1391 2724 cervicem
1407 2683 1467 2721 ad

43 2754 143 2794 que
159 2742 429 2783 dehonestaret
442 2754 576 2800 canza.
622 2746 679 2786 sic
695 2744 911 2798 legendum
928 2743 1035 2797 apud
1053 2743 1312 2782 Guilielmum
1330 2741 1462 2780 Brito-

0 2793 43 2884 ξ’
81 2811 213 2849 Merob.
241 2819 275 2851 et
302 2814 382 2850 Gor.
638 2862 642 2867 .
1137 2810 1191 2850 30

11 2970 17 2983 k
