1702 3060
355 129 415 174 IN
449 129 806 174 IOHANNIDOS
837 130 903 174 IV
937 130 1138 174 NOTAE.
1379 131 1477 176 257

55 244 57 246 ’
105 238 226 282 295.
282 240 618 292 praepositionem
643 239 826 291 supplevi
851 253 904 278 ex
926 241 1037 292 Virg.
1055 240 1162 278 Aen.
1187 239 1214 283 5
1242 242 1336 283 378·
1394 242 1476 280 scio

38 293 203 334 thizium
230 294 382 335 dixisse
412 296 627 349 aliquando
652 310 676 334 a
697 298 869 349 Corippo
896 298 1014 335 vitari
1037 297 1245 335 elisionem
1262 298 1476 347 vocalimn‚

35 351 130 398 &de
148 352 260 391 laud.
282 351 309 394 4
341 355 418 403 28,
456 354 527 391 ubi
550 355 638 405 ipse
665 351 790 390 edidit
819 367 925 390 more
950 368 1091 404 apum:
1118 353 1190 392 sed
1218 368 1310 392 eum
1339 354 1478 393 redar-

34 409 103 454 filit
118 410 378 462 Dempsterus
389 439 401 459 ,
433 417 472 448 et
490 423 596 447 more
611 410 751 460 apium
768 409 969 447 contendit
990 424 1076 448 esse
1093 410 1245 448 ibidem
1265 425 1402 450 veram
1416 413 1479 450 le-

29 466 204 504 ?tionem.
261 473 323 504 ter
350 465 458 518 apud
484 467 594 517 Virg.
619 466 766 516 legitur
791 467 954 517 agmine
981 467 1120 512 denso,
1148 480 1294 519 nempe
1318 468 1426 507 Aen.
1451 471 1479 512 2

36 521 122 572 :50,
150 525 177 564 9
207 524 289 565 788
319 529 359 560 et
391 525 443 564 12
472 520 580 570 4423
615 529 653 559 et
671 524 789 559 Lucr.
812 523 835 562 1
867 522 974 565 586:
998 524 1161 574 agmine
1181 525 1388 562 condenso.

127 581 224 620 296.
281 579 454 630 stipante
472 585 631 616 caterva
651 580 761 629 Virg.
780 578 890 616 Aen.
919 581 939 619 1
969 578 1048 620 501
1081 586 1120 617 et
1149 579 1176 620 4
1208 583 1300 623 136.

130 636 227 676 298.
282 648 354 686 pro
383 635 558 685 efficiunt
587 636 631 673 in
664 634 800 672 codice
831 642 891 673 est
917 635 1115 687 ffgiunt,
1148 642 1193 673 ut
1216 644 1256 674 et
1273 646 1479 685 secantur,

33 688 127 744 {nod
140 697 385 743 postremum
404 691 571 740 retinui,
601 693 676 729 etsi
698 693 821 729 critIci
837 691 879 729 id
896 692 1142 742 improbent,
1171 699 1216 730 ut
1239 695 1293 732 ait
1317 696 1478 734 Forcel-

25 750 123 785 *inus
150 747 270 785 verbo
297 761 450 799 sequor.
524 749 635 800 Virg.
661 748 770 785 Aen.
797 751 824 790 7
856 750 909 788 66
955 747 1004 785 de
1039 750 1179 800 apibus
1217 752 1366 801 pariter
1400 754 1478 790 ait:

33 802 183 842 ›edibus
200 818 276 855 per
301 811 443 842 mutua
467 805 577 842 nexis
586 833 602 852 ,
636 818 799 842 examen
824 803 1000 842 subitam
1030 819 1142 842 ramo
1159 806 1380 856 frondente
1403 822 1479 859 pe-

32 859 166 900 mendic&

128 919 225 960 302.
284 917 415 955 densis
434 919 624 955 exercitus
642 918 722 955 alis
739 918 848 968 Virg.
875 918 1019 969 Georg.
1047 921 1065 959 1
1104 920 1199 960 382.

125 974 223 1016 304.
281 974 330 1011 de
346 973 544 1011 montibzw
560 974 657 1011 altis
674 975 783 1025 Virg.
809 974 955 1025 Georg.
971 973 998 1014 4
1025 976 1105 1016 112
1126 983 1164 1012 et
1179 973 1287 1012 Aen.
1306 977 1358 1017 10
1384 978 1481 1019 707.

127 1030 225 1072 305.
284 1043 370 1067 ecce
387 1029 500 1068 volat
513 1031 622 1081 Virg.
639 1029 748 1068 Aen.
771 1029 797 1071 5
830 1029 926 1071 324.

128 1088 225 1127 306.
281 1088 391 1136 Virg.
408 1085 517 1123 Aen.
539 1089 565 1126 8
592 1085 696 1128 604:
723 1086 902 1137 celsoque
918 1087 1049 1124 omnis
1067 1087 1116 1124 de
1135 1086 1235 1124 colle
1252 1087 1392 1125 videri.

128 1143 224 1184 308.
281 1143 390 1192 Virg.
410 1139 518 1177 Aen.
544 1143 572 1182 7
598 1142 699 1182 808:
734 1156 812 1192 per
834 1156 992 1179 summa
1021 1143 1174 1180 volaret
1192 1146 1403 1196 gramina,
1443 1152 1482 1182 et

21 1198 45 1241 5
72 1199 175 1240 8333
211 1197 377 1235 densum
393 1197 620 1234 Palinurus
638 1197 788 1249 agebat
801 1211 960 1248 agmen.

127 1255 224 1295 310.
282 1267 334 1292 an
351 1255 475 1304 flexit
503 1255 678 1305 equum?
706 1261 751 1292 ut
775 1253 882 1305 apud
898 1255 1109 1291 caesarem
1127 1255 1175 1292 de
1195 1254 1297 1292 bello
1321 1257 1434 1293 Gall.
1455 1256 1483 1298 4

14 1311 94 1352 433:
123 1323 240 1362 equo-5
257 1312 449 1349 sustinere
469 1317 507 1346 et
525 1311 634 1347 brevi
652 1311 852 1348 moderari
870 1311 1101 1360 zze-flectere.
1162 1318 1203 1348 at
1230 1310 1296 1348 hic
1324 1311 1483 1350 videtur

8 1365 127 1404 »ulem
154 1381 240 1406 esse
270 1381 316 1404 ac
348 1380 446 1418 equo
468 1366 669 1404 descendit
695 1368 762 1404 vel
786 1366 838 1403 ab
858 1380 954 1417 equo
974 1367 1151 1412 desiluit,
1181 1374 1224 1404 ut
1246 1367 1354 1419 apud
1370 1370 1481 1420 Virg.

24 1423 125 1461 Aen.
152 1425 200 1464 11
232 1423 339 1464 4993
371 1437 494 1474 quam
512 1430 594 1460 tota
612 1423 749 1460 cohors
765 1424 922 1459 imitata
943 1423 1089 1459 relictis
1107 1423 1166 1460 ad
1184 1431 1330 1461 terram
1351 1424 1482 1476 deslu-

14 1481 78 1516 frit
94 1481 216 1531 equis.
275 1480 357 1516 imo
375 1480 553 1530 suspicor
570 1493 641 1531 pro
648 1480 770 1530 flexit
786 1492 872 1517 esse
889 1478 1107 1530 legendum
1111 1480 1255 1530 fluxit.
1318 1479 1367 1519 de
1384 1495 1482 1520 voce

18 1549 123 1573 more
139 1535 232 1573 vide
255 1548 375 1587 supra
397 1535 450 1572 ad
466 1549 505 1573 v.
524 1538 621 1577 293.

0 1636 1 1644 ἵ
129 1593 228 1634 311·
285 1590 402 1630 Ovid.
421 1593 525 1629 Her.
550 1595 578 1632 2
604 1590 681 1633 943
715 1592 854 1629 oscula
874 1605 952 1642 per
979 1592 1123 1643 longas
1152 1593 1315 1644 iungere
1339 1606 1481 1644 pressa

0 1646 168 1694 Ξ’γιον-εις,
198 1655 238 1686 et
257 1647 306 1686 de
322 1648 435 1686 laud.
459 1649 559 1686 Just.
581 1650 756 1689 noster1
785 1650 863 1691 158
891 1650 999 1700 Virg.
1018 1649 1126 1686 Aen.
1149 1651 1174 1689 9
1200 1651 1306 1690 801:
1337 1664 1484 1688 manus

21 1718 40 1741 e
65 1706 206 1742 cas-his
215 1718 394 1770 propere
421 1706 499 1742 coit
521 1707 649 1742 omnis
667 1707 711 1743 in
731 1718 875 1751 unum,
906 1713 946 1742 et
967 1708 1019 1747 10
1047 1705 1155 1747 4103
1183 1707 1334 1743 socium
1355 1708 1483 1744 virtus

20 1761 97 1798 coit
113 1762 241 1799 omni-s·
255 1762 300 1798 in
317 1775 455 1799 unum.

129 1818 226 1860 312.
282 1819 390 1870 Virg.
425 1818 571 1870 Georg·
602 1821 629 1859 2
656 1817 761 1860 490:
784 1817 895 1868 filix
923 1818 996 1868 qui
1015 1820 1149 1868 potuit
1173 1831 1306 1856 rerum
1332 1833 1480 1871 cogno·

10 1886 122 1911 meere
142 1886 300 1912 causae.

130 1930 228 1972 814.
284 1925 395 1983 Virg.
413 1930 521 1969 Aen.
551 1933 602 1972 10
626 1933 704 1974 803
726 1944 872 1982 pacem
905 1943 1035 1977 orare,
1079 1933 1124 1971 11
1158 1932 1262 1972 110:
1285 1944 1482 1982 pacemne

7 1985 169 2025 orati-⁹?
196 1994 236 2026 et
258 1985 366 2029 414:
389 2001 542 2025 oremus
552 2001 712 2038 pacem.

34 2067 37 2088 3
130 2043 228 2085 315.
285 2043 414 2082 adieci
442 2045 499 2081 sic
526 2045 668 2095 coepit,
698 2045 791 2096 quia
814 2056 980 2081 mancus
1011 2049 1071 2080 est
1099 2041 1166 2079 hic
1187 2056 1324 2081 versus
1344 2044 1387 2080 in
1408 2057 1478 2081 co-

10 2098 126 2148 dice,
154 2098 337 2152 illudque
367 2102 551 2139 arcessivi
579 2114 632 2138 ex
658 2101 728 2138 lib.
747 2105 772 2142 3
796 2101 844 2138 de
863 2100 975 2137 laad.
1005 2112 1043 2136 v.
1065 2101 1162 2140 270.
1221 2101 1320 2136 item
1341 2102 1370 2139 2
1399 2102 1477 2139 10:

11 2155 186 2207 ·wpplex
201 2156 380 2194 lacrimis
394 2157 452 2194 ita
472 2159 598 2207 coepit
616 2156 776 2194 obortis.
838 2158 920 2193 imo
938 2156 1048 2206 Virg.
1065 2155 1173 2191 Aen.
1203 2157 1221 2195 1
1251 2155 1357 2197 5253
1387 2168 1478 2192 ma-

7 2213 150 2251 ximus
170 2213 345 2250 Ilioneus
356 2213 523 2264 placido
540 2215 598 2251 sic
607 2221 764 2264 pectore
784 2214 923 2263 coepit.

132 2270 229 2310 317.
284 2270 392 2321 Virg.
406 2269 514 2306 Aen.
529 2273 557 2312 2
580 2270 683 2312 5123
712 2268 878 2307 aedibus
893 2270 937 2304 in
956 2267 1113 2312 mediis,
1141 2273 1182 2303 et
1202 2270 1253 2309 10
1270 2269 1352 2309 682
1365 2289 1414 2295 —-
1427 2271 1450 2309 3

6 2326 187 2363 ιοαέεννίε
205 2327 371 2364 vertitur
390 2327 435 2363 in
455 2325 608 2363 mediis.
666 2327 766 2364 item
794 2328 820 2367 9
849 2326 956 2368 312:
985 2323 1114 2361 multa
1137 2325 1250 2374 patri
1272 2325 1477 2375 portanda

6 2380 147 2420 ‹dabat
161 2381 369 2421 mandata.

103 2446 106 2449 ’
135 2439 231 2481 320.
288 2432 416 2477 becole
431 2439 541 2489 Virg.
562 2437 670 2476 Aen.
690 2441 716 2480 6
744 2437 846 2478 165:
876 2450 965 2474 aere
988 2437 1087 2474 ciere
1110 2438 1230 2484 viros,-
1259 2437 1339 2474 nisi
1359 2437 1476 2473 malis

22 2493 179 2544 legere:
206 2509 300 2534 voce
320 2497 444 2542 ciens,
472 2502 516 2533 ut
537 2495 646 2532 Aen.
672 2497 697 2536 3
729 2496 803 2536 683
832 2507 925 2531 voce
946 2494 1105 2531 olemus.
1166 2493 1221 2530 ib.
1248 2496 1274 2534 7
1302 2495 1384 2535 676
1411 2494 1477 2530 iu-

24 2550 298 2590 venies'etiam
319 2566 437 2590 cursu
454 2551 609 2603 rapido.

30 2627 34 2631 ’
138 2608 235 2648 322.
291 2615 338 2646 ut
358 2608 560 2660 quondam
589 2608 747 2659 Ditem]
777 2605 853 2644 hac
880 2604 928 2644 de
951 2619 992 2643 re
1014 2604 1104 2644 vide
1122 2603 1262 2643 Claud.
1286 2604 1335 2642 de
1355 2610 1476 2653 raptu

26 2663 212 2713 Pmserp.
243 2665 263 2704 1
287 2666 342 2705 32
363 2671 402 2702 et
415 2678 526 2718 seqq.

141 2717 235 2760 325.
290 2720 399 2771 Virg.
423 2721 532 2758 Aen.
563 2724 590 2763 6
619 2718 702 2762 304
739 2720 868 2757 senior
903 2725 1066 2757 vocatur
1098 2715 1277 2765 Charon,
1319 2721 1358 2752 et
1391 2715 1476 2751 eius

24 2773 169 2827 'cymba
189 2782 429 2814 memoratur
446 2777 500 2815 ib.
519 2779 600 2819 303
621 2783 661 2814 et
679 2774 776 2817 413.
