1702 3060
280 131 382 179 '404
689 136 872 178 NOTAE
904 135 963 179 IN
995 137 1206 181 LIBRUM
1238 140 1299 182 111

286 255 416 279 nemo.
442 243 599 278 vacx.
658 241 923 280 Graecismum
946 246 1116 292 restitui,
1148 258 1224 297 quo
1249 246 1436 298 Corippus
1454 250 1573 287 utitur
1591 251 1674 288 etim

290 301 309 337 1
342 300 394 337 30
423 302 461 332 et
490 295 583 335 224.
639 297 771 348 itaque
790 300 899 335 nulla
920 301 961 335 in
982 313 1026 337 eo
1048 301 1267 350 barbaries,
1297 301 1367 338 sed
1389 305 1592 342 manifesta
1615 307 1672 342 im

287 353 382 388 tatio
403 351 551 387 Lucani
575 351 626 390 10
655 352 721 391 56.
777 355 905 391 Foco.

403 407 467 444 19.
525 405 748 458 cernebant]
783 408 886 459 apud
906 410 1124 459 Fogginum
1147 410 1359 447 certabant.
1405 410 1602 463 fulgura]
1637 412 1674 451 d(

288 461 438 509 signat,
469 466 511 496 ut
540 467 654 510 puto,
685 466 894 500 ceraunion
923 477 1208 516 gemmamque.
1266 466 1413 516 species
1447 472 1506 503 est
1531 467 1672 518 Iaspidi

287 516 390 551 Plin.
423 517 475 554 37
505 517 552 554 9:
581 516 803 567 fulgorem,
831 521 978 570 inquit,
1009 521 1177 557 siderum
1199 522 1372 570 rapiens,
1399 521 1498 557 bene
1528 521 1578 558 ad
1607 521 1673 560 hur

288 571 432 607 locum.
490 572 545 606 sic
571 570 691 618 dicta,
731 573 834 624 quod
860 587 948 610 cum
971 575 1199 612 fulminibus
1229 575 1359 623 cadat,
1395 583 1438 612 ut
1466 583 1504 612 et
1527 579 1674 615 Bromie

287 626 422 674 fulgur
450 627 555 661 enim
588 634 644 662 est
672 628 844 676 fulmen,
882 629 1022 667 Suidas
1049 632 1089 666 in
1119 628 1318 680 κεραυνός.
1377 630 1545 668 Isidorus
1580 635 1628 672 16
1657 635 1673 673 1

289 679 366 716 duo
404 682 514 730 ponit
552 684 819 720 cerauniorum
852 697 1017 733 genera,
1057 699 1180 722 unum
1203 698 1321 736 quem
1351 686 1553 723 Carmania
1580 687 1674 725 mitti

291 736 505 784 crystallini
533 737 723 774 similem:
754 741 786 775 si
815 740 884 775 sub
905 738 967 776 dio
987 747 1171 789 ponatur,
1200 741 1394 790 fulgorem
1422 741 1640 792 (Plinium,
1666 756 1674 775 τ

290 790 408 837 solet,
437 791 683 842 transcribit)
714 794 813 843 rapit
846 793 1054 831 sidereum.
1113 796 1278 832 alterum
1296 797 1502 846 Hispania:
1534 798 1576 832 in
1595 798 1672 834 Lus
1696 816 1698 820 v

288 845 390 881 tanis
426 846 620 883 littoribus
657 849 778 898 gigni.
836 848 926 885 inde
963 850 1035 886 lux
1072 849 1284 886 Claudiano
1316 849 1363 886 de
1393 849 1498 887 laud.
1530 852 1673 888 Serena
1701 894 1702 903 ἵ

291 913 410 951 quem
438 901 582 937 librum
611 914 672 938 ms
697 916 808 940 meus
836 903 993 942 Giraldo
1020 903 1174 940 cuidam
1202 905 1395 940 attribuit:
1431 906 1674 956 Pyrenaeis-qi
1697 905 1702 944 A

291 954 363 991 sub
386 957 510 991 antris
531 958 866 1007 igneaficlminec's
885 959 1007 1009 legere
1025 961 1209 995 ceraunia
1236 958 1441 1008 nymphae.
1498 960 1599 996 infra
1619 964 1674 1002 25v
1696 957 1702 996 ἰ

292 1011 476 1046 DEMPST.
521 1011 700 1061 fulgura
729 1020 819 1049 sunt
850 1015 948 1050 ictus
977 1015 1085 1050 velut
1106 1013 1266 1064 quidam
1284 1021 1321 1050 et
1341 1013 1440 1050 radii
1457 1026 1674 1063 gemmarur
1696 1013 1702 1051 i

292 1063 550 1102 Claudianus:
580 1067 817 1116 amelhystus
841 1069 955 1113 inest,
985 1075 1020 1104 et
1040 1069 1184 1119 fulgor
1207 1068 1342 1105 Iberus
1361 1076 1546 1118 temperat
1559 1083 1675 1106 arcan
1695 1083 1702 1100 2

291 1119 498 1169 hyacinthi
518 1121 674 1157 caerula
684 1124 879 1171 flammis.
940 1123 1010 1160 sed
1027 1123 1120 1174 quid
1140 1125 1214 1160 sibi
1234 1124 1318 1160 vult
1337 1123 1436 1160 illud
1453 1123 1656 1160 cernebant
1693 1143 1702 1166 -ς

293 1173 489 1224 ΟοτίΡΡοῖ
549 1177 615 1225 qui
644 1189 707 1213 me
738 1177 887 1226 audiet,
918 1178 1116 1214 certabant
1139 1186 1310 1228 reponet.
1367 1180 1421 1214 ita
1444 1191 1535 1215 sane
1555 1179 1702 1229 elegam

292 1231 441 1266 tissime
474 1228 637 1277 dixerit,
667 1238 710 1267 ut
739 1233 869 1282 fulgor
900 1246 1142 1282 gemmarum
1169 1234 1338 1270 invicem
1359 1233 1465 1269 velut
1485 1247 1674 1283 pugnavei
1698 1235 1702 1268 ἱ

293 1285 371 1320 alio
400 1285 522 1320 alium
549 1289 795 1335 supervenire
813 1287 1079 1325 contendente.
1136 1289 1284 1337 poetice
1308 1300 1398 1324 saue
1416 1294 1453 1324 et
1470 1295 1674 1338 pervenust
1696 1303 1702 1320 ε

292 1340 455 1375 memini
484 1342 746 1389 superioribus
775 1345 1061 1380 commentariis
1088 1342 1137 1378 ad
1161 1344 1404 1392 Propertium
1428 1342 1619 1393 quaedam
1642 1357 1675 1379 n·
1698 1360 1702 1374 ι

296 1401 378 1430 tare
407 1396 510 1444 paris
541 1396 769 1446 elegantiae.
828 1398 967 1448 quodsi
988 1399 1143 1434 omnino
1163 1396 1264 1433 nihil
1282 1397 1512 1433 mutandum
1530 1398 1674 1434 censebj
1688 1414 1702 1431 4

296 1451 354 1485 uti
383 1456 420 1485 et
445 1463 485 1485 re
511 1452 595 1500 ipsa
619 1450 719 1488 nihil
749 1455 905 1489 omnino
938 1459 1049 1503 puto,
1083 1451 1288 1488 cernebant
1313 1451 1499 1502 frigidum
1521 1454 1613 1499 erit,
1641 1456 1674 1488 n}
1698 1466 1702 1489 ι

297 1503 435 1541 eadem
455 1503 571 1542 huius
590 1506 791 1543 certabant
806 1514 993 1557 potestate
1011 1506 1054 1543 id
1075 1506 1274 1544 exaudies.
1331 1519 1485 1544 cernere
1506 1509 1609 1543 enim
1628 1520 1674 1544 en
1698 1522 1702 1544 ι

298 1559 378 1596 dito
408 1561 583 1598 Romano
611 1575 685 1598 usu
709 1561 817 1599 idem
841 1569 898 1600 est
924 1561 1030 1614 quod
1059 1569 1226 1610 certare,
1257 1575 1279 1599 a
1299 1575 1375 1614 quo
1395 1568 1433 1599 et
1452 1560 1526 1599 hoc
1546 1561 1675 1599 ductm
1694 1575 1702 1592 >2

296 1615 458 1652 BAnTn.

407 1674 474 1711 20.
533 1670 581 1708 de
614 1673 701 1709 luce
727 1673 889 1710 feriente
917 1675 1115 1725 laquearia
1141 1673 1306 1710 imitatio
1336 1679 1393 1710 est
1419 1673 1602 1710 Maronis.
1657 1671 1675 1709 l*
1699 1675 1702 1709 i

299 1732 431 1762 autem
458 1727 634 1764 versibus
664 1730 783 1766 inseri
812 1742 891 1766 non
916 1728 1161 1766 incommode
1181 1734 1330 1779 poterat
1351 1729 1418 1779 qui
1438 1741 1553 1778 supra
1570 1741 1592 1764 a
1608 1728 1674 1765 nol
1698 1729 1702 1763 i

300 1782 487 1831 explosus
510 1789 589 1829 est,
626 1786 686 1822 11·
744 1786 890 1820 scribe:
919 1792 1008 1821 tura
1037 1783 1192 1822 Sabaea
1214 1805 1270 1811 —-
1292 1797 1418 1820 succo.
1478 1785 1581 1819 triste
1606 1783 1674 1819 mit
1698 1797 1702 1819 ι

301 1837 459 1871 sterium
481 1836 626 1872 laetam
631 1838 809 1886 feriebat
829 1841 870 1875 in
890 1840 1039 1876 aulam.
1100 1847 1252 1875 centum
1281 1838 1385 1874 aliae
1417 1845 1486 1874 etc.
1545 1839 1659 1875 ferire
1696 1852 1702 1875 ι

302 1891 433 1926 aulam
459 1891 719 1929 barbarismus
749 1900 826 1940 est,
857 1907 944 1930 cum
971 1894 1168 1931 idiotismo
1186 1895 1302 1930 etiam
1321 1893 1547 1930 Germanico
1569 1905 1675 1942 egreg
1697 1892 1702 1929 A

304 1958 532 1982 consonans.
576 1949 892 1997 transpositiones
909 1955 1039 1985 autem
1055 1947 1170 1985 huius
1188 1949 1340 1998 generis
1357 1949 1398 1983 in
1419 1949 1633 1997 priscorum
1651 1960 1671 1983 a
1696 1957 1702 2002 ¹.

304 2007 453 2036 ctorum
473 2001 582 2038 libris
604 2015 625 2038 a
644 2003 756 2039 nobis
778 2005 935 2053 reperiri
959 2004 1165 2040 mirifictun
1185 2016 1263 2039 non
1286 2009 1366 2039 est:
1397 2015 1485 2038 cum
1514 2004 1618 2039 enim
1644 2015 1670 2038 n
1694 2013 1702 2049 A

304 2068 390 2092 raro
413 2055 566 2092 codices
586 2058 661 2107 ipsi
679 2071 759 2094 non
777 2059 818 2094 in
839 2059 997 2108 longas,
1027 2066 1068 2095 ut
1088 2057 1204 2094 hodie
1224 2058 1366 2109 ubique
1385 2070 1469 2094 mos
1490 2064 1566 2104 est,
1597 2056 1666 2094 sed
1696 2053 1702 2103 1

304 2109 517 2147 admodum
553 2112 690 2150 breves
729 2114 996 2160 membranas,
1045 2115 1252 2150 latissimas
1281 2125 1392 2159 vero,
1440 2119 1478 2148 et
1505 2125 1619 2162 saepe
1646 2123 1702 2147 111

303 2167 484 2203 omnibus
523 2167 618 2204 locis
654 2169 739 2218 pari
772 2170 937 2218 puritate
977 2170 1285 2205 exscriberentur
1314 2168 1502 2214 carmina,
1540 2167 1702 2206 facilliiA

304 2222 418 2257 unius
445 2223 610 2271 paginae
642 2224 815 2273 inceptor
847 2237 980 2261 versus
1009 2225 1134 2273 potuit
1165 2226 1206 2260 in
1237 2224 1392 2259 alterius
1422 2223 1523 2258 latus
1548 2221 1702 2280 transiJA

306 2281 372 2310 aut
389 2277 524 2312 notula
546 2276 716 2327 quadam
741 2279 947 2327 insignitus
969 2279 1099 2315 locum
1119 2291 1232 2315 suum
1253 2277 1513 2314 demonstrare
1533 2288 1612 2311 non
1631 2288 1674 2325 pc
1695 2285 1702 2318 q

305 2328 452 2366 sidere:
481 2333 626 2369 notulis
660 2340 790 2369 autem
810 2334 888 2370 illis
913 2335 1030 2370 erasis
1053 2341 1118 2370 aut
1139 2334 1254 2383 longo
1279 2339 1451 2381 tempore
1474 2336 1675 2379 consumpt
1697 2335 1702 2367 A

305 2385 346 2419 in
367 2385 539 2421 alienum
559 2388 851 2424 contubernium
870 2389 984 2424 facile
1007 2401 1083 2424 una
1101 2389 1203 2424 linea
1225 2387 1438 2436 correpsit..
1476 2397 1548 2420 nec
1568 2396 1638 2434 ego
1663 2386 1675 2419 1
1697 2394 1702 2419 ι

307 2439 380 2474 cile
409 2442 526 2476 etiam
553 2444 895 2492 castigatissimum
922 2444 1040 2492 vulgo
1078 2441 1254 2479 habitum
1283 2447 1478 2477 auctorem
1503 2440 1674 2490 quempit
1697 2449 1702 2475 ι

307 2495 468 2543 reperiri
500 2497 701 2544 existimo,
747 2499 815 2548 qui
845 2511 1000 2548 prorsus
1027 2496 1100 2534 hac
1129 2497 1216 2533 labe
1249 2501 1396 2542 careat3
1445 2496 1486 2531 in
1519 2495 1605 2530 aliis
1635 2501 1702 2529 vet

307 2549 480 2599 integrae
515 2551 667 2600 periodi
708 2551 844 2588 eadem
882 2551 955 2589 hac
997 2553 1194 2588 occasione
1234 2556 1432 2600 corruptae
1467 2547 1702 2586 offenduntu1

308 2605 469 2641 ΒΑΚ-ΓΗ.

418 2662 484 2700 22.
542 2667 631 2696 tura
665 2659 819 2697 Sabaea
847 2661 1038 2709 cremant]
1090 2666 1127 2696 et
1153 2672 1250 2696 mox
1277 2673 1316 2696 v.
1342 2660 1419 2700 25:
1455 2668 1608 2694 sacrum
1646 2667 1702 2692 εει

310 2716 446 2751 ναηίία
477 2728 627 2765 corpus.
688 2717 743 2753 sic
762 2715 995 2752 Prudentius
1017 2713 1266 2751 cathemerin.
1286 2715 1338 2756 10
1366 2713 1447 2761 51:
1472 2712 1676 2762 adspersaq
1699 2722 1702 2746 A
