1702 3060
255 142 351 186 222
753 139 1194 184 MAZZUCCHELLII

254 250 413 288 storiam
430 250 515 286 fuse
534 254 663 284 narrat
681 247 839 284 debello
861 248 990 286 Vand.
1017 252 1037 289 1
1067 251 1092 289 9
1105 252 1193 291 -2
1216 251 1254 298 9,
1275 250 1420 288 Graece
1439 248 1686 291 eius'nomen

254 307 386 343 scribit
406 308 442 343 Γ
438 306 576 354 ελίμερ.
635 302 740 353 apud
758 305 926 354 Paulum
954 304 1162 341 diaconum
1190 313 1348 344 vocatur
1377 307 1609 353 Gilimeres,
1645 315 1684 346 et

260 361 470 397 Gelimeres
500 360 647 408 passim
684 358 789 409 apud
829 361 924 397 alios
963 362 1189 410 scriptores3
1233 361 1304 398 sed
1341 362 1527 399 Geilimer
1557 370 1614 400 est
1642 365 1682 401 in

258 416 446 452 Chronico
467 415 631 451 Victoris
651 415 902 452 Tunonensis
931 415 981 451 ad
1009 429 1155 452 annum
1179 416 1274 457 534.
1329 419 1371 454 in
1394 425 1526 455 nostro
1553 426 1684 456 autem

251 470 386 506 codice
407 482 562 519 semper
583 477 641 506 est
665 470 860 507 Geilamir
869 499 885 516 ‚
916 469 1020 522 quod
1039 474 1179 508 rectius
1199 478 1318 522 puto:
1345 485 1440 510 nam
1462 475 1579 510 etiam
1601 476 1684 512 eius

252 539 396 562 munus
427 533 633 574 argenteus
662 528 774 575 parvi
799 526 948 563 moduli
979 527 1221 577 (quinariiun
1248 527 1404 579 vocant)
1440 535 1567 566 exstat
1595 543 1685 567 cum

252 579 465 631 epigraphe
491 581 548 617 D.
573 581 630 616 N.
655 582 709 617 R.
741 582 803 618 vel
830 583 918 618 Rex
947 582 1141 619 Geilamir
1163 585 1262 620 circa
1291 585 1374 621 eius
1405 591 1519 635 caput
1547 584 1684 621 diade-

248 644 352 673 mate
380 639 548 673 cinctum
561 665 571 683 ‚
602 649 691 672 cum
708 636 984 686 paludamento
1004 637 1054 674 ad
1071 645 1219 688 peCmS.
1266 639 1357 676 vide
1375 641 1549 676 Mionuet
1567 654 1684 691 opere

250 693 400 729 Gallice
421 693 609 742 inscripto
634 692 698 727 De
718 692 758 727 la
775 694 902 729 rat-ete'
917 700 953 728 et
971 694 1026 730 da
1034 695 1130 742 prix
1148 694 1214 730 des
1231 695 1433 732 me'dailles
1451 696 1683 741 Romaines,

249 760 290 796 p.
309 747 404 788 499.
464 746 511 783 de
541 746 680 783 eodem
697 749 885 784 Geilamir
914 747 1003 784 vide
1034 751 1151 785 etiam
1175 749 1276 786 infra
1295 752 1319 789 3
1344 751 1408 790 17.
1464 751 1498 787 is
1515 763 1585 800 per
1602 754 1684 791 vim

252 815 418 852 regumn
437 801 696 840 Vandalicum
719 804 759 839 in
781 804 912 839 Africa
933 806 1135 854 occupavit
1158 812 1406 842 exauctorato
1425 805 1621 842 Hilderico
1646 813 1685 845 et

252 859 294 894 in
319 857 536 895 custodiam
554 857 694 894 tradito
716 872 817 894 anno
842 860 944 905 530,
988 872 1031 895 ac
1057 859 1308 908 postmodum
1331 863 1410 898 vita
1429 861 1562 898 orbato
1580 874 1682 898 anno

254 913 356 961 533,
389 927 478 950 cum
494 915 705 950 Belisarius
721 916 761 950 in
781 912 976 951 Vandalos
994 915 1142 950 bellum
1161 923 1311 964 gereret
1324 945 1334 962 ,
1377 928 1399 952 a
1426 928 1502 967 quo
1522 916 1683 954 tandem

255 977 458 1019 superatus
479 976 516 1005 et
539 971 713 1018 captivus
733 968 869 1006 ductus
888 970 963 1005 suit
981 971 1132 1019 Cpolim
1153 983 1253 1006 anno
1273 969 1367 1011 534.

366 1027 460 1066 383.
517 1023 630 1062 Ovid.
647 1026 747 1061 silet.
773 1025 794 1063 1
820 1026 892 1064 13:
926 1038 995 1061 nec:
1016 1025 1178 1062 brachia
1194 1025 1310 1076 longo
1326 1026 1504 1076 margine
1512 1029 1685 1076 porrexit

252 1079 508 1130 Amphitrite.
569 1081 668 1116 Stat.
698 1079 815 1118 Theb.
843 1083 868 1120 3
889 1078 992 1119 407:
1021 1080 1192 1117 solverat
1211 1082 1398 1131 Hesperii
1417 1081 1557 1119 devexo
1575 1097 1685 1119 mar-

249 1137 345 1185 gine
360 1137 485 1186 ponti.
547 1135 596 1171 cf.
615 1137 776 1184 Procop.
799 1135 846 1171 de
867 1134 966 1171 bello
991 1136 1122 1172 chd.
1146 1140 1164 1176 1
1187 1135 1251 1176 15.

362 1193 456 1230 390.
512 1191 709 1227 Ammian.
733 1191 906 1227 Marcell.
928 1190 980 1230 25
1002 1195 1026 1231 3
1053 1190 1122 1242 (al.
1148 1191 1242 1240 11):
1272 1191 1509 1229 Anatolium
1529 1194 1685 1242 quae-si·-

251 1247 309 1284 vit
333 1246 555 1296 ‹ffstciorum
581 1247 837 1295 magistrum;
878 1259 991 1296 quem
1021 1260 1110 1282 cnm
1139 1246 1294 1283 beatum
1308 1248 1442 1298 sitis-ee
1469 1248 1683 1285 Sallustius

251 1301 531 1351 respondisset,
553 1301 782 1351 praefectus
803 1301 991 1337 intellexit
1011 1303 1192 1338 occisam.
1225 1301 1290 1339 hic
1311 1315 1517 1352 germanus
1537 1303 1684 1340 Iohan-

249 1359 311 1394 nis
329 1364 490 1394 vocatur
507 1358 664 1407 Pappus
686 1369 707 1392 a
724 1358 935 1407 Procopio,
981 1359 1048 1407 qui
1069 1356 1245 1394 eiusdem
1264 1360 1443 1395 meminit
1459 1372 1539 1396 non
1560 1359 1683 1396 semel

250 1414 291 1449 in
312 1413 421 1449 libris
444 1412 491 1448 de
513 1411 612 1448 bello
637 1412 769 1450 Vaml.
785 1441 799 1457 ,
829 1425 970 1461 nempe
990 1413 1012 1451 1
1039 1414 1108 1459 11,
1151 1415 1176 1452 2
1207 1416 1232 1452 3
1261 1419 1300 1449 et
1328 1415 1379 1453 17
1407 1419 1445 1450 et
1466 1416 1532 1454 28.
1589 1413 1682 1451 hino

251 1475 402 1504 constat
421 1466 637 1504 Iohannem
655 1469 781 1517 pappi
810 1468 971 1503 fratrem
991 1466 1158 1504 eundem
1179 1481 1262 1504 esse
1283 1481 1328 1504 ac
1345 1467 1560 1505 Iohannem
1577 1471 1682 1520 Dyr-

248 1522 475 1571 rachinum,
516 1530 633 1574 atque
657 1525 786 1559 virum
811 1524 981 1560 Iustinae
1012 1523 1114 1560 filiae
1132 1524 1340 1572 Germani,
1382 1531 1424 1561 ut
1443 1525 1555 1562 innui
1573 1525 1624 1562 ad
1641 1538 1682 1564 v.

242 1582 323 1621 203
345 1578 505 1616 huiusce
527 1580 632 1615 libri.

356 1637 451 1675 399.
504 1635 695 1685 genitoris
711 1635 842 1684 imago
860 1635 967 1683 Virg.
986 1633 1093 1670 Aen.
1115 1636 1142 1674 2
1159 1633 1254 1674 560.

358 1689 453 1731 400.
510 1703 570 1727 ms
589 1691 773 1739 lampas,
802 1688 907 1726 unde
925 1691 1001 1726 feci
1020 1690 1200 1739 Pampus
1208 1717 1224 1734 ,
1254 1695 1297 1724 ut
1314 1689 1439 1738 magis
1457 1688 1681 1727 accederem

246 1742 299 1781 ad
316 1747 552 1796 Procopium
566 1775 575 1790 ‚
607 1749 674 1796 qui
694 1758 785 1782 enm
802 1755 913 1782 vocat
934 1747 1134 1794 Pappum.
1168 1747 1208 1781 in
1231 1742 1479 1794 expeditione
1496 1746 1679 1782 Africana

247 1802 429 1841 Belisarii
450 1803 523 1837 suit
545 1803 613 1837 ille
634 1804 811 1850 pappus,
846 1800 1029 1838 Iohannis
1051 1801 1319 1847 nostri'frater‚
1349 1813 1449 1837 unus
1471 1814 1523 1837 ex
1542 1800 1680 1837 ducto-

250 1857 356 1893 ribus
379 1858 556 1907 eqnitum
572 1859 849 1903 Romanorum,
883 1863 926 1892 ut
946 1863 1093 1892 constat
1115 1869 1166 1892 ex
1190 1856 1285 1892 loeis
1307 1856 1437 1893 relatis
1457 1857 1499 1892 in
1517 1863 1609 1893 nota
1628 1855 1678 1893 ad

249 1925 288 1949 v.
310 1915 411 1958 3903
443 1912 510 1948 ubi
530 1919 661 1947 tamen
688 1911 735 1947 de
759 1918 935 1947 extremo
954 1912 1035 1946 eius
1052 1912 1131 1946 sato
1150 1909 1251 1946 nihil
1271 1912 1409 1959 reperi.

358 1967 452 2007 401.
509 1969 615 2017 Virg.
635 1967 740 2003 Aen.
760 1969 785 2006 7
805 1969 908 2007 77ῧέ
943 1966 1103 2015 Stygias
1121 1965 1283 2001 detrusit
1295 1966 1352 2001 ad
1368 1965 1510 2002 undas.

357 2024 453 2063 406.
511 2036 548 2060 v.
572 2035 687 2073 supra
711 2021 761 2058 ad
779 2036 817 2059 v.
838 2022 936 2070 153,
975 2022 1043 2057 ubi
1066 2022 1177 2058 innui
1201 2021 1498 2071 prosperitatem
1525 2022 1627 2059 sumi
1655 2034 1679 2058 a

244 2085 375 2116 nostro
397 2082 511 2128 poeta
531 2092 600 2128 pro
610 2079 769 2129 fiat-ore.
796 2100 798 2102 >

354 2133 450 2174 412.
507 2136 613 2184 Virg.
631 2134 737 2170 Aen.
763 2132 789 2173 4
809 2131 910 2174 525:
940 2138 1040 2168 tacet
1060 2132 1185 2168 omnis
1203 2144 1311 2181 ager.

356 2189 450 2229 415.
519 2191 652 2239 Tyrio-s*
669 2202 800 2226 muros
810 2216 826 2233 ,
865 2200 1006 2237 nempe
1025 2187 1269 2236 Carthaginis
1282 2216 1291 2233 ,
1331 2193 1375 2223 ut
1392 2186 1500 2235 Virg.
1516 2185 1623 2222 Aen.
1653 2187 1675 2225 1

242 2243 298 2285 24
330 2246 468 2294 Tyrias
486 2259 595 2281 arces
618 2252 655 2282 et
671 2243 751 2284 344
769 2246 847 2284 393
871 2250 909 2279 et
928 2244 1008 2283 572
1041 2244 1199 2292 Tyrimn
1224 2242 1358 2279 urbem
1383 2240 1484 2278 dixit
1512 2239 1677 2278 Cartha-

242 2302 389 2351 ginem.
447 2302 526 2336 imo
548 2299 573 2340 4
596 2299 676 2341 224
697 2306 828 2350 aperte
847 2299 990 2348 legitur
1015 2301 1134 2348 'lfyria
1152 2298 1404 2348 Carthagine.

353 2355 448 2395 4⁶20.
506 2356 646 2391 inc-ilat
660 2356 762 2391 iram,
778 2356 884 2404 Virg.
897 2355 941 2390 A
944 2367 1002 2390 en.
1029 2358 1074 2394 11
1097 2355 1192 2395 728.

351 2410 446 2452 422.
505 2412 628 2446 excita
649 2412 830 2446 iuventus
850 2412 996 2446 Lucan.
1020 2410 1042 2448 1
1062 2411 1156 2449 239.

351 2465 447 2506 424.
502 2467 608 2515 Virg.
627 2466 732 2502 Aen.
754 2468 779 2505 7
798 2466 900 2505 513:
927 2477 1124 2514 cornuque
1143 2474 1315 2500 recurvo-

349 2519 446 2561 425.
501 2522 704 2557 Lucretius
723 2523 748 2560 2
770 2523 871 2560 623:
902 2521 1180 2569 raucisonoque
1198 2519 1401 2554 minantur
1413 2529 1559 2553 cornua
1577 2529 1676 2553 ean-

242 2583 285 2614 ιιι
294 2603 311 2622 ,
341 2583 380 2613 et
398 2576 423 2616 5
442 2575 567 2616 1084:
601 2577 824 2612 raucisonos
849 2582 1001 2610 occutus.

352 2631 448 2673 426·
506 2638 714 2681 erumpunt
724 2631 851 2679 portis
871 2631 976 2679 Virg.
1005 2629 1147 2677 Geor-g.
1170 2626 1196 2668 4
1216 2629 1283 2669 78.

353 2686 449 2728 429.
506 2687 614 2723 mille
632 2688 706 2723 viis
723 2687 830 2734 Virg.
852 2685 958 2720 Aen.
986 2684 1010 2725 5
1029 2684 1122 2723 590.

352 2741 406 2779 ih.
466 2755 526 2781 ms
544 2755 735 2794 cursuque
747 2768 762 2787 ,
792 2739 898 2793 quod
915 2753 992 2777 non
1012 2739 1188 2788 congruit
1206 2750 1295 2774 cum
1323 2737 1371 2776 iis
1398 2749 1498 2790 quae
1517 2740 1608 2774 sunt
1632 2734 1674 2771 in
