1702 3060
276 152 371 204 148
804 120 806 123 ⁸
877 143 1098 198 comem

274 263 354 308 145
383 271 422 303 et
441 263 586 315 pudeat
605 263 775 300 voluisse
790 262 919 300 nefas.
976 263 1037 300 sin
1057 263 1155 300 forte
1176 263 1320 314 paratis

383 342 518 380 aspera
537 330 642 366 bella
664 330 775 381 sequi
790 336 1042 381 mentemque
1061 330 1225 380 implere
1242 330 1470 380 malignam,

386 394 516 432 dicite.
572 410 803 447 cognoscam
827 410 1020 449 quaenam
1043 409 1224 447 suprema
1245 397 1424 433 voluntas

383 468 511 498 vestra
537 469 682 500 manet.
740 465 865 501 socios
884 464 1054 510 salvem,
1083 461 1296 514 perdamne
1318 456 1539 498 rebelles‘2”

384 539 458 563 nec
478 529 629 578 minus,
659 536 702 566 ut
724 530 865 566 Caesar
884 529 1015 566 medio
1039 528 1289 580 impendente
1308 527 1479 565 tumultu

276 591 356 633 150
383 594 580 632 Romanos
598 597 725 645 potuit
742 596 871 633 verbis
891 603 1033 633 terrere
1052 595 1242 646 superbis,

387 661 541 698 erubuit
559 663 775 712 stupefacta
793 661 990 713 phalanx,
1018 662 1258 712 humilisque
1275 660 1506 710 magistrum

385 728 441 763 sic
461 729 525 779 pia
545 741 639 764 voce
658 735 782 778 rogat.
833 724 1003 780 “paucos
1023 731 1130 766 furor
1148 729 1292 778 impius
1311 727 1391 776 egit

386 791 463 830 hoc
485 794 641 831 sceleris
658 801 808 831 tentare
826 808 972 845 genus3
1003 808 1099 847 quos
1116 797 1215 832 iusta
1236 799 1419 830 nocentes

385 860 482 899 ultio
501 863 574 897 rite
590 868 735 898 manet.
793 870 922 898 sontes
942 874 1011 898 sua
1027 874 1152 912 poena
1173 867 1380 912 sequatur:

278 925 358 967 155
386 940 458 964 nos
477 926 646 966 humiles
669 927 839 965 ductoris
857 927 943 965 heri
960 935 1165 979 praecepta
1187 921 1437 977 sequemur.'’

385 991 459 1030 has
478 996 581 1032 inter
598 1009 713 1033 voces
733 1001 906 1032 auctores
930 995 1102 1030 criminis
1121 994 1255 1029 insons

386 1061 499 1097 turba
520 1060 660 1108 trahit,
694 1063 922 1111 vinctosque
943 1058 1032 1096 duci
1046 1071 1116 1109 pro
1143 1060 1304 1095 crimine
1322 1065 1430 1097 tanto

388 1126 567 1176 tradidit,
599 1135 636 1166 et
653 1129 809 1178 culpam
827 1125 965 1163 devota
982 1131 1112 1162 mente
1129 1127 1264 1175 piavit.

388 1194 491 1231 facta
513 1196 623 1245 quies
641 1195 818 1246 populis:
848 1193 1005 1230 sceleris
1022 1190 1193 1228 vindicta
1212 1190 1375 1229 nefandi

278 1260 359 1300 160
388 1263 606 1311 composuit
626 1267 792 1298 mentes.
850 1257 1019 1296 ductoris
1037 1259 1219 1295 maioniu
1239 1272 1375 1297 omnes

387 1326 431 1362 fit
451 1335 587 1377 gentes
604 1335 726 1365 terror
738 1356 748 1375 ,
778 1325 934 1379 quando
953 1339 1041 1362 cum
1059 1325 1183 1362 milite
1201 1326 1326 1363 laetus

388 1393 606 1443 ingreditur
621 1395 760 1432 fossas.
818 1392 957 1431 devota
973 1398 1104 1428 mente
1121 1391 1292 1429 fatentur

389 1472 494 1498 nunc
512 1461 657 1498 hilares
673 1462 769 1498 socii
787 1459 900 1497 dictis
918 1472 1054 1510 parere
1075 1459 1260 1495 iubentis.

445 1529 556 1565 Ilicet
576 1527 668 1566 inde
691 1528 799 1564 iubet
816 1540 929 1564 rauco
948 1525 1150 1563 stridentia
1168 1531 1284 1562 cantu

282 1591 361 1633 165
391 1605 479 1630 aera
498 1597 599 1632 ciere
618 1596 733 1632 acies.
792 1594 995 1631 commotis
1014 1593 1128 1628 litora
1151 1593 1272 1642 signis

392 1657 556 1709 deserit,
587 1668 624 1698 et
646 1661 793 1711 campis
809 1662 938 1711 posuit
956 1673 1026 1696 sua
1046 1665 1168 1695 castra
1188 1659 1359 1695 Catonis.

391 1725 567 1776 Syrticus
587 1734 626 1765 at
643 1735 774 1778 raptor
795 1728 955 1764 munitis
973 1732 1055 1762 tuta
1073 1726 1230 1762 tenebat

391 1801 515 1831 castra
536 1796 647 1831 locis.
708 1793 778 1831 sed
800 1793 895 1830 dura
914 1794 1038 1830 fames
1057 1794 1137 1828 iam
1157 1798 1334 1842 coeperat
1355 1804 1471 1828 mnne

390 1860 672 1897 Marmaridum
693 1861 848 1897 turbare
867 1872 1006 1909 genus.
1062 1860 1242 1909 pecuaria
1262 1865 1415 1895 tantum

284 1926 361 1967 170
389 1934 480 1964 sunt
499 1929 645 1977 epulis:
678 1940 772 1963 nam
789 1927 899 1962 nulla
919 1927 1048 1963 Ceres.
1107 1926 1286 1974 cognovit
1306 1932 1348 1962 ut
1366 1926 1504 1975 ingens

389 1993 559 2030 Romani
582 1992 718 2030 ductor
735 1994 891 2044 populi,
922 1991 1150 2030 concludere
1174 1998 1309 2041 gentes

392 2059 594 2098 obsidione
615 2073 757 2111 parans
771 2089 781 2107 ,
812 2061 924 2097 certis
944 2067 1036 2096 tunc
1054 2061 1165 2109 signa
1188 2058 1324 2096 diebus

392 2127 579 2164 abstinuit
603 2127 790 2178 silvisque
809 2129 911 2163 acies
933 2127 1100 2163 exclusit
1116 2127 1277 2176 iniquis.

386 2193 546 2246 iamque
567 2193 649 2231 dies
667 2194 842 2246 alterque
867 2192 950 2230 dies
968 2192 1110 2229 dilatus
1131 2192 1178 2228 ab
1203 2193 1319 2229 armis

287 2259 364 2300 175
393 2267 473 2297 arte
496 2260 619 2298 ducis.
676 2267 812 2310 gentes
833 2259 969 2296 dubias
988 2273 1029 2296 se
1051 2258 1206 2295 credere
1229 2259 1375 2309 campis

393 2327 511 2363 efficit
529 2329 613 2377 ipsa
633 2328 757 2377 quies.
815 2333 963 2363 certum
980 2333 1090 2376 putat
1108 2339 1192 2363 esse
1208 2313 1392 2376 pavorem

391 2393 534 2429 infelix
556 2395 774 2430 Nasamon:
803 2395 845 2429 in
862 2394 992 2443 planis
1011 2405 1154 2443 ponere
1174 2394 1285 2428 terris

395 2466 518 2496 castra
534 2459 660 2495 soluta
678 2459 799 2495 iubet.
855 2461 1023 2496 nimium
1040 2461 1120 2495 iam
1140 2466 1264 2495 morte
1282 2459 1500 2510 propinqua

395 2524 562 2562 audaces
582 2526 733 2562 animos
755 2532 793 2562 et
810 2538 944 2563 saevas
961 2531 1178 2576 sumpserat
1197 2525 1288 2560 iras.

288 2592 365 2632 180
450 2592 662 2638 Convocat,
692 2605 712 2627 e
737 2591 878 2630 mediis
902 2591 1097 2629 deducens
1119 2591 1275 2641 agmina
1297 2591 1424 2640 fossis,

289 2735 351 2769 161
377 2733 418 2768 he
431 2735 548 2777 gentes
562 2736 672 2766 terror
687 2731 746 2766 sed
761 2741 846 2766 acon
861 2732 966 2768 milite
983 2733 1013 2767 Τ
1148 2734 1213 2768 164
1235 2731 1398 2766 stridente
1415 2732 1456 2766 T.
