1702 3060
32 472 34 475 ·
42 447 126 500 450

477 68 829 120 IOHANNIDOS,
863 69 968 120 LIB,
999 70 1078 119 IV,

157 178 368 223 vallantur,
428 179 572 221 virtute
593 181 702 226 salus,
724 179 938 235 gladioque
957 181 1130 235 petenda
1147 190 1218 230 est,

159 249 386 286 coniunctos
403 248 520 286 lateri
538 256 672 288 nostro
691 263 789 303 quos
810 250 936 290 credis
955 241 1102 291 amicos

156 323 394 370 pacatosque
410 323 547 370 putas,
578 331 671 362 casu
689 319 943 370 speculantur
959 322 1002 356 in
1020 323 1116 358 isto:

156 385 190 421 si
205 386 328 423 victor
346 387 547 427 Romanus
568 388 660 435 erit,
690 387 954 434 famulantur,
983 387 1172 438 adorant3

155 459 194 489 et
213 454 297 490 sola
319 452 392 492 hos
416 455 536 498 faciet
551 456 696 499 victrix
716 455 874 492 fortuna
893 454 1031 494 fideles

122 519 125 528 ‘
156 528 444 576 conceptusque
464 524 596 567 timor,
654 535 760 560 nunc
777 535 884 559 nunc
904 523 1118 574 insurgite,
1148 525 1276 574 cives3

41 793 122 841 455

35 1136 118 1178 460

32 1473 114 1517 465

30 1813 112 1861 470

29 2153 110 2204 475.

32 2491 114 2546 480

154 586 254 626 haec
275 596 333 627 est
353 604 454 642 quae
473 593 653 642 geminas
670 592 827 641 franget
847 593 1007 628 victoria
1026 599 1171 644 partes,

153 654 198 694 hi
218 654 351 708 gladio
371 666 536 709 pereant
549 690 560 709 ,
588 658 663 696 hos
685 660 808 696 virtus
829 666 972 696 terreat
992 658 1140 698 hostes.

154 724 228 774 ite,
263 715 403 785 duces,
433 740 700 779 numerosque
721 728 818 764 locis
840 730 1063 778 componite
1085 730 1226 767 vestris

153 795 320 847 quisque
343 807 448 833 suos.
506 796 676 846 propriis
695 793 884 832 incedant
904 797 1017 847 sigua
1035 798 1246 848 maniplis3

152 869 190 906 et
210 862 312 899 bene
334 865 570 914 compositas
590 865 694 900 acies
715 865 757 900 in
783 864 935 914 proelia
957 860 1102 901 ferte.”

206 932 394 978 Dixerat,
430 919 468 968 et
485 932 589 968 saltu
605 944 692 968 sese
711 945 830 982 super
847 931 969 968 ardua
989 938 1100 982 terga

151 1000 370 1050 composuit
388 999 566 1036 sublatus
587 999 694 1050 equi.¹
753 1010 919 1035 sonuere
940 998 1105 1035 verendi

149 1080 258 1106 anna
276 1067 369 1116 viri,
402 1067 600 1117 cassisque
621 1079 724 1104 novo
744 1065 955 1117 splendore
978 1080 1186 1106 coruscans

146 1136 230 1174 sole
249 1146 477 1185 repercusso
497 1132 628 1171 radios
647 1135 690 1171 in
706 1135 862 1172 lumina
880 1136 1002 1184 misit,

147 1204 372 1255 loricaeque
389 1202 504 1239 iubar
523 1203 686 1239 rutilum
706 1216 779 1254 per
799 1210 924 1241 castra
948 1205 1131 1241 cucurrit.

146 1284 227 1315 non
250 1270 364 1308 aliter
382 1270 509 1308 nubes
529 1283 705 1309 convexo
721 1274 902 1320 margine
921 1273 1032 1318 caeli,

144 1351 349 1377 murmure
366 1345 475 1375 mota
497 1350 601 1375 novo
615 1367 625 1386 ,
656 1336 837 1374 medium
859 1337 956 1375 dum
978 1339 1106 1388 tangit
1129 1337 1273 1388 Olymp

145 1407 299 1446 intonat
316 1413 355 1443 et
369 1407 500 1443 subito
521 1406 702 1443 flammas
722 1419 793 1456 per
810 1405 947 1442 nubila
966 1406 1107 1442 vibrat.

143 1481 237 1518 tunc
259 1487 396 1512 omues
417 1474 570 1511 saluere
592 1472 711 1510 duces
731 1486 948 1525 omnesque
965 1474 1127 1510 tribuni.

143 1549 235 1596 post
257 1542 411 1580 imitata
430 1539 569 1579 cohors
590 1540 742 1578 validas
761 1541 954 1579 incumbit
972 1542 1013 1577 in
1032 1540 1166 1578 hastas

144 1597 502 1664 quadrupedesque
521 1611 689 1660 premit3
718 1610 863 1646 saliens
883 1622 975 1660 pars
993 1608 1115 1646 ardua
1135 1610 1226 1646 celsi

145 1680 247 1721 colla
264 1684 433 1716 retentat
449 1679 556 1730 equi,
615 1679 774 1727 sonipes
793 1677 897 1713 celer
916 1690 1088 1729 aequore
1109 1684 1191 1714 toto

143 1753 346 1798 oppugnat
363 1747 511 1796 frenis,
543 1744 684 1782 dextra
701 1744 894 1796 laevaque
912 1758 984 1795 per
1003 1743 1148 1782 herbas

142 1815 377 1867 subsiliens-3
411 1814 591 1867 colloque
610 1825 751 1849 manus
774 1810 871 1849 dum
887 1814 1006 1849 sentit
1027 1811 1188 1862 heriles,

144 1881 312 1934 gaudet,
344 1890 382 1921 et
400 1885 443 1920 in
459 1883 562 1929 latos
579 1882 751 1919 luctatur
771 1895 925 1919 currere
947 1895 1123 1933 campos.

198 1952 389 1995 Direxere
413 1952 531 1994 acies,
591 1949 731 1987 dextro
751 1952 853 2001 regit
871 1952 1033 2001 agmina
1053 1964 1171 1987 cornu

142 2021 329 2068 Gentius„
361 2019 495 2056 electis
514 2016 760 2055 circumdans
780 2020 894 2069 signa
914 2020 1117 2070 maniplis.

139 2091 226 2140 ipse
243 2088 433 2138 magister
451 2099 593 2138 ovans,
625 2087 781 2124 rutilato
802 2089 949 2124 vertice
967 2088 1140 2137 fulgens,

141 2157 266 2197 fertur
285 2168 409 2207 equo3
442 2156 646 2206 cristisque
668 2153 813 2192 decens
834 2168 1009 2207 auroque
1031 2167 1216 2192 coruscus

140 2237 213 2276 per
232 2222 384 2261 medias
403 2224 574 2260 volitans
593 2220 795 2259 succendit
811 2224 961 2273 proelia
980 2230 1144 2279 turmas,

142 2294 419 2344 componitque
439 2293 542 2328 acies
562 2290 681 2340 digna
698 2291 936 2328 fortissimus
960 2299 1056 2336 arte„

139 2363 416 2412 magnanimus
437 2362 551 2398 iuxta
570 2361 760 2397 iuvenum
782 2361 1031 2398 Putzintulus
1046 2362 1190 2411 ingens

141 2440 250 2469 arma
266 2435 421 2477 movet,
453 2427 675 2478 densasque
694 2425 814 2464 trahit
831 2435 922 2478 post
941 2431 1053 2480 signa
1073 2427 1266 2470 cohortes,

140 2494 307 2547 belliger
327 2498 412 2548 ipse
435 2498 710 2547 supercristata
731 2495 881 2534 casside
902 2498 1029 2542 celsus

30 2614 98 2653 447
123 2615 291 2663 coniuncti
307 2618 349 2654 M
505 2618 574 2657 452
595 2621 712 2664 partas
733 2620 765 2653 Τ
915 2619 984 2655 454
1005 2619 1072 2652 1οοί
1091 2619 1124 2652 Τ

31 2660 127 2705 apud
144 2661 186 2695 M
317 2663 386 2698 466
407 2665 527 2704 ualidis
544 2671 577 2700 et
593 2665 697 2699 hastis
714 2666 788 2699 ΜΤ
909 2667 975 2701 471
999 2666 1146 2699 laetatur
1163 2665 1202 2697 M

33 2707 108 2742 nius
123 2707 179 2746 vel
194 2707 319 2752 gemina
338 2710 371 2747 Τ
499 2711 566 2750 475
588 2710 762 2756 tristisque
779 2713 814 2750 Τ
944 2711 1011 2747 478
1034 2710 1256 2759 putrunculus

1441 73 1506 120 85

1279 1351 1357 1385 um,

1273 2616 1340 2651 465
1365 2616 1487 2650 siluere

1273 2663 1382 2742 Τ473
1402 2674 1486 2706 gen-
