1702 3060
283 149 345 194 28
881 152 1096 197 CORIPPI

307 257 360 298 25
388 257 587 308 ingenium
604 258 671 295 lati
692 258 858 297 volitans
874 273 944 311 per
962 259 1074 298 devia
1091 260 1242 299 mundi.

387 326 611 361 summatim
627 325 694 361 illa
714 338 871 363 canam:
901 330 1062 365 summis
1082 327 1179 365 haec
1197 327 1376 367 laudibus
1393 336 1498 381 apta.

441 390 571 426 Africa
591 390 660 426 sub
678 404 821 440 magno
839 395 999 431 nutabat
1017 395 1119 431 fessa
1136 395 1302 444 periclo:

387 466 479 490 nam
496 455 579 491 fera
597 456 806 494 barbaricis
826 460 949 497 rabies
970 467 1165 497 exarserat
1183 461 1312 507 armis,

387 520 538 558 insidiis
551 551 560 569 ‚
590 522 713 571 ferro,
741 524 906 563 flammis
926 528 1156 577 populisque
1175 527 1352 576 superba,

308 588 360 626 30
388 588 517 623 omnia
535 587 770 627 succendens
790 589 959 642 direptae
974 594 1128 630 moenia
1145 598 1281 639 terrae,

389 655 635 705 captivosque
654 654 810 693 trahens
830 659 975 694 cunctis
994 672 1014 694 e
1032 658 1204 708 partibus
1223 658 1352 695 Afros.

387 719 466 755 iam
485 721 638 757 nullum
656 720 862 759 discrimen
883 730 984 760 erat:
1016 737 1095 761 non
1111 725 1262 761 vatibus
1277 725 1369 762 ullis

386 796 562 833 parcere,
591 799 664 822 nec
683 788 840 825 senibus
859 790 983 839 potuit
1004 790 1210 828 concedere
1231 792 1344 828 fessis

386 852 560 901 quisquis
582 850 704 889 honos
718 853 836 891 busti.
891 855 1010 891 iacuit
1026 862 1119 892 tunc
1137 871 1251 894 mnne
1273 857 1435 895 cadaver

305 914 356 957 35
386 917 606 954 confossum
624 917 780 967 gladiis.
835 922 936 957 natis
954 921 1014 957 fas
1031 933 1109 958 non
1128 921 1203 958 fuit
1221 923 1313 960 ullis

387 996 545 1033 corpora
564 996 673 1022 caesa
689 991 844 1034 patrum
863 993 1068 1036 congestae
1089 987 1254 1024 subdere
1271 995 1409 1036 terrae,

386 1049 548 1086 vulnera
563 1062 635 1086 nec
652 1050 823 1088 lacrimis
838 1053 1073 1102 permissum
1089 1053 1294 1091 infundere
1309 1055 1437 1092 iustis.

387 1113 482 1151 dum
498 1121 608 1164 pater
623 1117 872 1166 opprimitur,
900 1119 983 1155 nati
1002 1120 1224 1170 coniuxque
1240 1118 1456 1169 trahuntur,

387 1180 620 1231 diripiuntur
641 1195 748 1233 opes.
804 1184 925 1221 virtus
940 1186 1084 1235 premit
1098 1186 1274 1235 improba
1290 1187 1438 1236 Martis,

304 1246 358 1289 40
385 1253 424 1283 et
442 1249 508 1297 pia
526 1246 698 1285 desertae
716 1249 947 1301 linquuntur
959 1251 1097 1288 funera
1115 1259 1255 1290 terrae.

382 1314 524 1350 nobilis
544 1321 582 1351 et
601 1327 751 1364 pauper
767 1328 859 1353 casu
877 1317 1079 1366 rapiuntur
1094 1319 1135 1354 in
1151 1330 1245 1356 uno.

382 1380 509 1417 luctus
530 1379 675 1430 ubique
699 1387 829 1428 sonat,
857 1387 980 1419 terror
1000 1383 1196 1434 tristisque
1214 1397 1286 1434 per
1309 1394 1444 1423 omnes

384 1448 416 1484 it
437 1453 565 1483 metus
577 1474 587 1492 ,
618 1451 656 1481 et
676 1443 781 1482 duris
799 1447 1003 1484 turbantur
1019 1456 1155 1485 cuncta
1171 1451 1341 1499 periclis.

382 1515 468 1565 quis
487 1512 687 1558 lacrimas,
713 1510 863 1560 clades,
891 1511 1056 1563 praedas
1068 1542 1078 1561 ,
1105 1514 1306 1564 incendia,
1333 1524 1491 1567 mortes,

299 1579 352 1622 45
380 1578 543 1617 insidias
556 1607 566 1626 ,
595 1579 764 1627 gemitus
777 1606 788 1626 ‚
817 1585 1055 1616 tormentum
1067 1608 1077 1627 ,
1106 1581 1282 1629 vincula,
1311 1589 1444 1632 raptus

381 1647 551 1696 explicet
561 1673 571 1692 ‚
606 1650 672 1680 aut
690 1645 854 1681 miseros
870 1646 994 1694 possit
1009 1658 1213 1682 numerare
1232 1645 1383 1685 dolores
1393 1647 1414 1686 ’ἔ

381 1714 494 1750 tertia
510 1723 599 1761 pars
616 1709 755 1747 mundi
772 1711 928 1748 fumans
946 1713 1048 1761 perit
1063 1712 1195 1748 Africa
1211 1713 1394 1751 fiammis.

434 1781 595 1828 Iamque
614 1778 702 1826 pius
719 1778 899 1827 princeps
915 1778 1095 1814 volvebat
1111 1784 1266 1828 pectore
1284 1791 1394 1817 curas

381 1857 570 1895 pensans,
601 1850 638 1880 et
657 1849 807 1880 nostras
826 1843 1020 1880 meditans
1040 1856 1158 1894 quem
1173 1845 1292 1882 vellet
1311 1847 1353 1882 in
1371 1858 1458 1883 oras

303 1912 356 1953 50
386 1910 584 1947 ductorem
600 1908 787 1947 mandare
805 1909 948 1958 ducum
964 1923 1237 1961 summumque
1253 1913 1482 1963 magistrum

385 1978 570 2024 militiae,
600 1982 748 2012 tantam
766 1977 923 2026 cupiens
943 1977 1079 2012 fulcire
1097 1978 1264 2014 ruinam.

387 2050 523 2080 cuncta
542 2042 755 2078 revolventi
779 2043 883 2079 solus
903 2044 1043 2079 virtute
1059 2041 1252 2080 Iohannes

387 2110 624 2159 consilioque
646 2109 804 2158 placens
823 2108 1186 2159 fortis-sapiensque
1205 2107 1373 2148 videtur.

384 2176 563 2226 gentibus
579 2175 662 2224 ipse
678 2174 771 2210 feris
788 2186 1010 2210 concurrere
1025 2186 1139 2224 posse
1156 2182 1314 2225 putatur

303 2240 355 2284 55
384 2242 490 2279 solus
502 2269 512 2289 ‚
542 2247 580 2276 et
594 2240 755 2276 infestas
773 2252 861 2276 acer
876 2246 1116 2290 prosternere
1135 2248 1296 2278 turmas.

381 2309 525 2360 quippe
543 2307 618 2346 viri
638 2306 756 2344 decus
775 2313 813 2344 et
827 2307 1016 2357 praeclari
1036 2308 1148 2357 signa
1165 2307 1309 2345 laboris

266 2448 312 2484 26
333 2447 440 2491 haec]
463 2450 499 2481 et.
513 2446 554 2480 M
684 2447 728 2481 28
750 2446 912 2480 barban-iis
931 2446 963 2481 Τ
1085 2446 1132 2482 30
1153 2447 1272 2481 diretta
1291 2445 1325 2480 '1'
1443 2446 1491 2482 36
1511 2454 1648 2490 surgere
1664 2444 1698 2480 Τ

266 2495 312 2528 37
334 2494 471 2527 fundere
488 2493 529 2534 Τ,
546 2491 693 2525 correxit
707 2492 944 2526 Lachmannus
965 2492 1034 2536 (L)
1167 2492 1211 2526 43
1233 2492 1284 2536 it]
1307 2494 1343 2525 et
1358 2490 1390 2524 Τ
1451 2533 1460 2544 ⁴
1521 2491 1567 2526 44
1581 2492 1691 2544 (ει-453

268 2539 315 2574 cf.
331 2540 354 2573 2
368 2538 428 2579 75,
452 2538 474 2572 4
489 2538 554 2572 223
569 2541 604 2570 et
619 2537 685 2571 586
700 2542 733 2570 et
749 2538 835 2578 592,
859 2537 901 2571 de
915 2537 1001 2571 laud.
1017 2537 1100 2571 lust.
1113 2537 1136 2571 ὃ
1151 2537 1215 2578 74,
1237 2538 1260 2571 4
1273 2535 1327 2572 44.
1372 2534 1524 2579 quahbus
1539 2537 1693 2570 versibus

270 2594 343 2617 cum
362 2583 415 2616 alii
436 2583 505 2616 eius
519 2581 637 2615 aetatis
651 2586 772 2626 poetae
787 2582 994 2616 delectantur
1009 2587 1077 2615 tum
1091 2581 1315 2614 incredibilem
1331 2580 1365 2613 in
1380 2581 1508 2614 modum
1524 2581 1692 2623 Sidonius,

271 2629 364 2661 cuius
388 2639 422 2661 v,
446 2637 544 2661 carm.
563 2629 581 2662 1
611 2629 672 2668 103
698 2627 722 2660 2
744 2626 1044 2667 201et414-53
1074 2626 1095 2660 5
1115 2626 1193 2670 208,
1209 2624 1475 2667 3³6,475-7;
1503 2627 1525 2660 7
1549 2626 1691 2667 80-2,

269 2673 349 2715 249,
376 2673 454 2717 257,
475 2673 560 2716 323;
599 2670 642 2706 15
670 2671 837 2712 141-3;
874 2672 917 2706 16
940 2671 984 2705 49
1010 2676 1044 2704 et
1066 2671 1121 2707 82.
1253 2670 1299 2706 49
1320 2670 1481 2706 meditans
1495 2670 1527 2706 Ia
1536 2695 1548 2716 ,
1578 2669 1693 2706 mode·

271 2727 350 2753 rans
364 2719 437 2754 ΜΤ
564 2715 610 2754 55
631 2716 770 2754 infensas
796 2717 837 2760 Τ,
858 2715 1004 2751 infensas
1018 2716 1069 2752 Μ.

1674 184 1677 186 ,
1674 163 1677 170 «.
1662 98 1677 138 μοι-ιιἸ
