1702 3060
1667 0 1702 207 1

283 168 420 199 xxvm
771 159 1212 202 MAZZUCCHELLII
1687 192 1699 220 ἑ,

1683 235 1699 257 τε

282 265 382 301 festo
410 272 517 315 patet
542 279 621 303 11011
648 266 744 303 alias
771 281 854 304 esse
876 279 994 318 quam
1010 269 1112 318 ipsas
1130 267 1360 307 petrarchae
1375 270 1573 322 Eclogas,
1601 262 1702 348 quoi

284 330 442 368 evidens
465 339 522 368 est
539 334 604 369 vel
624 346 675 369 ex
695 333 777 369 solo
797 335 924 384 primo
943 348 1058 371 versu
1075 336 1244 385 Eclogae
1263 337 1434 386 primae:
1681 357 1699 414 ξ

445 399 627 443 Monice,
657 400 895 450 tranquillo,
924 401 1028 437 solcas
1051 401 1123 438 tibi
1140 403 1316 438 conditas
1331 410 1457 440 antro.

276 462 320 499 in
350 471 545 513 postrema
569 473 700 502 autem
729 466 872 505 codicis
892 470 1035 519 pagina
1058 476 1147 506 suut
1167 470 1219 509 36
1239 470 1388 518 priores
1410 483 1543 508 versus
1567 470 1657 507 libri

275 533 467 580 poematis
488 533 609 582 ipsius
628 531 859 570 Petrarchae
871 563 881 581 ‚
913 534 1017 584 quod
1036 535 1183 585 Africa
1202 536 1434 574 inscribitur.
1698 523 1699 526 Ἴ

386 597 466 635 Sed
501 606 710 651 antequam
742 599 967 650 progrediar
1002 601 1052 637 ad
1088 601 1323 639 recensenda
1352 610 1479 640 cetera
1506 603 1700 654 poematia>⁴

273 661 387 700 istius
415 663 464 700 de
489 667 629 714 Bonis,
660 666 945 703 observandum
968 675 1025 705 est
1054 667 1145 705 huic
1173 673 1310 719 poetae
1336 677 1490 720 praeter
1514 663 1700 712 Iohannis

272 740 436 778 nomen,
475 745 551 782 quo
578 747 654 770 11110
680 747 770 769 eum
799 735 998 783 appellant
1023 734 1212 780 Quadrius
1240 737 1384 788 aliique
1406 735 1618 783 Quadrium
1636 743 1698 790 5θῆ

272 799 376 843 cuti,
407 797 516 833 aliud
544 799 703 847 insuper
728 799 848 835 fuisse
880 812 1046 847 nomen,
1079 804 1194 839 unica
1220 805 1350 840 littera
1374 803 1414 839 L
1438 802 1698 852 designatum*-

269 863 408 897 Utrum
443 876 534 899 vero
563 864 732 900 Leonem
763 865 827 900 vel
855 866 1107 902 Leonardum
1136 881 1186 904 an
1210 869 1459 906 Ludovicum
1482 867 1628 905 indicet
1650 869 1697 915 L,

267 926 397 964 adhuc
418 927 517 964 mihi
537 937 595 964 est
614 931 895 977 incompertiun
909 959 919 974 ‚
946 945 1036 968 cum
1059 945 1255 984 nusquam
1274 935 1491 976 invenerim
1506 933 1606 970 illud
1623 946 1698 970 no-

268 1007 360 1030 men
389 996 596 1044 scriptum,
627 993 696 1030 sed
719 994 864 1044 ubique
882 1001 1033 1032 tantum
1048 997 1162 1032 unica
1179 999 1247 1033 illa
1266 1001 1395 1037 littera
1412 1007 1696 1050 praenotatum,

266 1073 498 1111 semperque
535 1067 624 1111 post
659 1059 847 1096 lohanms·
879 1074 1024 1097 nomen
1052 1063 1116 1098 vel
1142 1064 1292 1113 integre
1319 1068 1383 1100 vel
1411 1065 1697 1116 compendiarie

266 1129 454 1177 scriptum
476 1127 725 1178 subsequitur
743 1126 844 1163 illud
861 1127 917 1172 L,
952 1127 1059 1178 quod
1075 1131 1207 1166 nes010
1227 1142 1303 1180 qua
1324 1130 1373 1166 de
1395 1143 1510 1167 causa
1529 1132 1572 1167 id
1592 1135 1697 1178 Qua-

266 1191 373 1230 drius
399 1195 654 1243 praeterierit.
711 1200 881 1229 attamen
910 1194 1159 1231 Lmlovloum
1184 1197 1304 1234 fuisse
1323 1199 1406 1234 eius
1424 1210 1569 1234 nomen
1587 1205 1694 1248 puto,

262 1266 396 1310 utpote
416 1259 524 1310 quod
540 1260 709 1296 crebrius
730 1260 798 1296 illo
816 1261 969 1297 saecuto
990 1269 1218 1311 usurpatum
1238 1271 1424 1301 occurrat.

371 1328 451 1362 Nec
476 1325 552 1363 duo
573 1333 727 1362 tantum
750 1325 902 1363 codices
925 1330 1052 1363 musei
1076 1329 1284 1378 Trivultii,
1309 1329 1380 1366 sed
1398 1337 1580 1382 quattuor
1598 1343 1692 1368 con-

258 1392 385 1428 tinent
409 1395 580 1429 carmina
600 1391 685 1428 1011.
705 1394 751 1429 L.
775 1391 824 1429 de
842 1395 980 1441 Bonis,
1013 1396 1162 1443 omnia,
1191 1397 1226 1432 si
1253 1399 1403 1446 superis
1430 1398 1582 1447 placet,
1610 1404 1692 1434 tam

254 1458 459 1508 imperite,
488 1465 571 1494 tam
597 1459 783 1505 barbare,
815 1460 897 1494 sive
927 1471 1026 1509 quae
1053 1462 1192 1498 Latine
1216 1464 1299 1499 sive
1321 1477 1420 1514 quae
1440 1466 1573 1500 Italice
1593 1466 1692 1501 scri—

252 1526 351 1574 psit,
379 1526 592 1575 composita
607 1554 616 1571 ‚
650 1531 694 1561 ut
719 1526 869 1562 nemini
889 1527 1033 1562 mirum
1050 1535 1255 1578 propterea
1273 1529 1399 1566 videri
1422 1528 1562 1566 debeat
1584 1528 1691 1581 quod

251 1597 335 1627 tam
361 1593 465 1627 male
494 1593 745 1641 exscripserit
766 1594 885 1628 etiam
904 1593 1063 1642 Corippi
1081 1598 1237 1643 poema.
1295 1596 1403 1632 lubet
1422 1603 1555 1633 tamen
1571 1598 1689 1633 etiam

251 1654 301 1692 de
323 1658 485 1708 reliquis
504 1658 628 1694 tribus
645 1657 843 1695 codicibus
873 1657 987 1709 (011111
1013 1662 1106 1696 satis
1132 1661 1212 1696 iam
1234 1659 1483 1712 descripsisse
1507 1661 1606 1699 mihi
1625 1665 1687 1699 vi-

251 1721 348 1759 dear
363 1725 534 1774 priorem
552 1726 667 1762 illum
686 1726 727 1761 111
745 1738 821 1776 quo
840 1732 897 1761 est
916 1727 1039 1762 nostri
1060 1727 1218 1776 Corippi
1234 1727 1402 1777 poema)
1424 1727 1566 1765 addere
1583 1742 1687 1766 non-

249 1791 383 1838 nulla,
411 1797 455 1827 ut
478 1793 607 1841 magis
634 1805 679 1828 ac
706 1792 833 1841 magis
859 1799 1043 1842 appareat
1069 1792 1258 1843 quidnam
1285 1792 1455 1831 hominis
1479 1795 1618 1842 fuerit,
1649 1803 1688 1833 et

251 1868 333 1907 qua
362 1864 510 1905 aetate,
542 1870 619 1909 quo
646 1859 731 1895 loco
753 1859 896 1895 vixerit
920 1863 1036 1908 poeta
1057 1856 1122 1894 hic
1141 1873 1194 1896 ex
1211 1862 1368 1909 Aretio,
1397 1863 1527 1909 ouius,
1554 1867 1598 1897 ut
1622 1863 1684 1898 vi-

252 1921 408 1971 dimus,
441 1931 499 1961 tot
524 1926 647 1961 nostri
677 1926 881 1975 scriptores
908 1927 1192 1974 meminerunt,
1222 1940 1376 1979 imaque
1399 1933 1547 1965 constet
1565 1940 1683 1978 quam

248 1996 457 2041 'perperam
482 1992 597 2028 illum
625 1991 741 2029 huius
770 1991 909 2028 inediti
927 1994 1118 2042 poematis
1137 1994 1300 2030 fecerint
1321 2001 1539 2041 auctorem,
1572 1996 1682 2031 cuius

250 2063 404 2094 tantiun
433 2058 508 2094 fuit
537 2060 772 2109 exscriptor,
806 2066 844 2095 et
864 2058 972 2110 quod
994 2061 1121 2109 magis
1151 2058 1277 2108 dolet,
1306 2062 1523 2110 exscriptor
1540 2060 1574 2096 si
1593 2061 1679 2110 quis

245 2125 348 2161 alius
368 2126 695 2174 imperitissimus.
744 2126 792 2162 ab
813 2126 882 2162 illo
902 2127 1087 2176 incipiam
1105 2125 1237 2163 codice
1254 2139 1373 2178 quem
1391 2125 1582 2173 Quadrius
1597 2133 1685 2162 tra-·

245 2193 385 2239 ctavit,
414 2191 592 2243 dixitque
613 2205 697 2229 esse
715 2193 1055 2229 membranaceum
1074 2194 1114 2228 in
1136 2201 1292 2244 quarm,
1319 2201 1361 2230 ut
1381 2195 1510 2241 aiunt,
1538 2205 1678 2244 quem-

243 2269 321 2308 que
351 2271 423 2308 ego
452 2261 494 2295 in
522 2257 746 2295 adornando
771 2259 881 2295 brevi
906 2258 1079 2296 indiculo
1105 2273 1186 2296 mss
1207 2259 1386 2296 codicum
1406 2261 1678 2297 Trivultiano-

239 2337 348 2372 rum,
378 2338 545 2376 quorum
567 2338 753 2362 numerus
781 2326 904 2363 ferme
925 2325 976 2362 ad
994 2329 1102 2367 2000
1123 2325 1320 2374 aseendit,
1351 2328 1504 2377 signavi
1524 2328 1560 2363 A
1580 2328 1676 2367 273.

237 2390 272 2428 is
302 2393 474 2427 continet
499 2392 620 2441 priori
648 2393 689 2427 in
718 2392 804 2429 loco
837 2393 993 2442 eclogas
1027 2400 1129 2440 tres,
1171 2405 1335 2444 quarum
1367 2395 1495 2443 prima
1533 2391 1675 2429 dicitur

234 2456 383 2494 Ianua.
444 2470 578 2495 versus
601 2464 731 2494 autem
754 2459 832 2499 100
852 2459 1001 2496 ibidem
1022 2467 1080 2496 est
1097 2458 1346 2496 huiusmodi:

401 2523 605 2560 Antonius
626 2525 778 2560 lamule
797 2524 878 2560 dux
900 2525 1059 2564 inolitus
1077 2525 1184 2562 urbis
1202 2525 1410 2562 Aclurnus.

235 2602 325 2625 cum
352 2601 444 2628 vero
472 2588 537 2627 hic
565 2590 648 2627 dux
675 2592 925 2627 Ianuensium
954 2591 1070 2628 fuerit
1091 2593 1262 2641 primum
1281 2605 1317 2628 a.
1343 2593 1469 2639 1383,
1501 2600 1538 2629 et
1559 2599 1669 2643 post—

236 2655 397 2694 modum
422 2657 543 2693 tribus
570 2658 658 2694 aliis
680 2658 829 2694 vicibus
854 2665 1009 2695 evectus
1032 2656 1083 2694 ad
1102 2657 1266 2695 eandem
1290 2671 1513 2708 supremam
1536 2659 1667 2709 digni-

235 2727 357 2758 tatem
390 2724 538 2774 patriae
570 2737 663 2763 suae
686 2735 810 2775 usque
835 2723 887 2762 ad
911 2738 1058 2762 annum
1088 2727 1210 2774 1396,
1237 2726 1338 2763 intra
1359 2725 1462 2764 illud
1480 2728 1666 2777 temporIs
