1702 3060
292 109 392 156 366
707 108 891 153 NOTAE
922 109 981 153 IN
1013 109 1226 155 LIBRUM
1258 110 1300 155 Π

292 218 524 256 sententiam
551 215 809 265 affinxerunt,
840 217 954 269 quasi
981 216 1129 256 diceret
1152 220 1372 258 Romanum
1389 221 1607 274 principem
1621 234 1686 266 con

291 275 464 311 suevisse
485 271 638 309 calcare
655 271 833 310 cruribus
850 272 1042 311 edomitos
1066 281 1266 326 tyrannos.
1322 283 1455 314 contra
1483 290 1599 326 vero,
1626 290 1685 321 vu

290 329 396 366 sibus
414 329 456 364 in
478 340 548 365 suo
570 325 703 364 ordine
722 329 907 366 restitutis
919 357 929 377 ‚
962 330 1160 380 eleganter
1181 331 1369 382 Corippus
1387 331 1484 370 dicit
1496 334 1685 376 Romamn

288 384 505 433 principem
541 384 785 420 consuevisse
818 385 965 421 calcare
998 384 1164 435 pedibus
1195 392 1402 438 tyrannos,
1443 394 1488 425 ut
1523 389 1642 426 etiam
1662 390 1684 434 ’ἰ

287 439 442 487 Fragm.
464 451 503 475 v.
524 441 569 485 2,
599 444 637 475 et
666 441 685 478 1
716 441 768 479 63
798 445 836 476 et
862 441 956 480 286.
1011 442 1140 478 Foco.
1672 476 1674 478 .

401 494 492 533 108.
542 506 619 542 pro
648 494 770 530 sacris
795 494 967 546 plantis]
1003 496 1276 547 imperatorio,
1313 503 1357 535 ut
1381 496 1489 546 dixi,
1527 497 1684 545 calceati

287 548 442 585 Nicetas
478 546 685 585 choniates
717 550 759 585 in
790 547 964 587 Iohanne
995 552 1214 589 Comneno:
1254 547 1386 604 ἀμέλει
1413 568 1475 593 τοι
1498 552 1565 592 καὶ
1594 549 1691 602 αὐτὸ

287 602 488 654 ἐπικρίνας
508 603 758 653 καταλείψειν
780 606 850 655 τῆς
870 606 1067 656 βασιλείας
1092 603 1278 659 διάδοχον
1298 607 1476 673 ἐρυθροῦ
1491 606 1532 648 τὲ
1546 609 1588 648 οἱ
1602 608 1685 650 πεδί

287 661 359 698 λου
388 655 637 708 μετεδεδιόκει
662 658 729 697 καὶ
753 658 912 709 βασιλέα
939 658 1122 702 ἐδεδώκει
1144 658 1468 715 οἷναγορευεσθαι.
1526 664 1683 714 Georgi

288 711 486 750 cedrenus
515 715 557 749 in
581 712 774 751 Michaele
798 716 1002 753 Rancabo:
1030 714 1130 768 πρὸς
1148 714 1219 757 τὸν
1247 718 1400 759 Λέοντα
1423 720 1496 770 τῆς
1519 719 1684 770 βασιλείι

285 763 530 819 ἐπαγόμενον
547 767 741 819 ἐξέπεμψε
759 765 956 821 σύμβολα,
984 768 1027 812 τὰ
1042 767 1233 824 διάδημα,
1261 771 1335 825 τήν
1355 771 1568 826 ἁλουργίδα
1585 773 1653 814 καὶ
1665 788 1683 814 τ

285 825 522 875 κοκκοβαφῆ
539 823 691 863 πέδιλα.
747 825 911 862 ΒΑΜἭ.
1498 857 1501 861 ,

402 881 491 919 109.
548 880 644 929 qaia
679 878 871 916 contraxit
907 878 1148 932 antiquitatis
1188 882 1354 932 purioris
1385 882 1626 930 imitatione,
1669 897 1702 921 1.

285 934 440 983 saepius
474 934 786 982 elegantissimus
814 935 997 983 scriptor,
1031 937 1139 972 cuius
1166 937 1370 985 ingenium
1398 943 1437 975 et
1470 939 1684 989 eloquentia

283 991 387 1025 nitor
415 989 456 1024 in
486 1002 527 1024 re
560 987 711 1024 difficili
738 987 988 1025 admirabiles
1021 996 1126 1027 sunt.
1182 992 1444 1030 Terentianus
1475 994 1634 1030 Maurus
1669 994 1682 1029 i

282 1043 452 1080 praefat.
478 1044 534 1079 sio
562 1049 736 1079 nostrum
764 1044 915 1080 senium
941 1057 1117 1094 qaoque,
1159 1047 1254 1096 quia
1281 1048 1363 1083 iam
1390 1047 1516 1084 dicere
1539 1048 1683 1098 grands

283 1106 484 1135 maturum
497 1098 700 1148 ingenium
715 1105 849 1148 negat.
909 1106 947 1135 et
966 1100 1008 1135 in
1027 1100 1151 1137 libro:
1181 1114 1260 1138 non
1279 1114 1428 1152 semper
1443 1103 1578 1140 videas·
1595 1116 1682 1152 spon

282 1153 399 1190 deum
428 1166 543 1202 posse
579 1154 728 1197 creari,
775 1155 871 1203 qnia
904 1161 1034 1190 mutas
1060 1156 1117 1192 ita
1147 1158 1334 1206 coniungi
1364 1164 1512 1194 natura
1541 1171 1681 1195 νεοιιεα

282 1207 411 1245 idem:
454 1208 550 1258 quia
573 1209 696 1244 variis
715 1207 886 1257 pedibu-s·
915 1209 1112 1260 loquimur
1147 1224 1319 1248 sermone
1350 1212 1488 1249 wluto.
1546 1214 1682 1250 iterum

282 1276 354 1300 neo
376 1263 487 1299 modo
507 1263 602 1313 quia
616 1262 730 1299 verbo
737 1263 867 1310 finem
871 1264 1000 1314 facit,
1031 1265 1133 1302 unde
1145 1273 1304 1316 putata.
1364 1266 1514 1305 denuo:
1543 1280 1681 1305 con-son

281 1319 377 1369 quia
393 1319 455 1355 vis
474 1325 530 1354 est
547 1317 629 1354 illis
645 1331 751 1354 nanc
770 1318 907 1356 libera.
966 1326 1076 1370 post:
1106 1323 1202 1371 quia
1221 1334 1343 1358 sermo
1366 1323 1448 1371 ipse
1471 1330 1604 1359 manet
1619 1336 1681 1360 ηιι.
1700 1343 1702 1345 -

278 1374 394 1424 loque
419 1380 476 1409 est
492 1373 583 1420 fine
609 1374 767 1410 recisus.
828 1381 867 1411 et
898 1374 974 1411 alio
997 1375 1107 1412 loco:
1139 1378 1234 1427 qaia
1250 1390 1320 1413 neo
1332 1376 1530 1426 producta
1545 1385 1616 1422 est,
1639 1390 1681 1428 gv

278 1430 406 1465 minat
429 1441 500 1465 neo
529 1441 696 1465 consona
718 1430 832 1465 vires.
894 1436 934 1470 et
954 1427 1030 1466 hoc
1045 1442 1125 1467 non
1145 1430 1279 1469 dubito
1297 1433 1393 1483 quin
1409 1431 1615 1470 offenderit
1634 1434 1681 1472 A}
1694 1437 1702 1440 ”

276 1485 450 1534 sagrius,
482 1496 572 1520 cum
599 1496 734 1521 versus
761 1485 1054 1534 perversissime
1082 1487 1244 1537 scriptos
1274 1499 1298 1524 a
1324 1499 1366 1524 se
1387 1488 1430 1524 in
1448 1485 1647 1536 ordinem,
1676 1504 1680 1523 ι

277 1538 352 1576 diis
369 1540 517 1589 placet,
546 1537 722 1576 redactos
740 1540 869 1576 iactat.
926 1541 1089 1578 Bima.

387 1593 442 1630 ib.
501 1594 591 1644 lege
611 1595 698 1644 quis
713 1594 824 1639 solet,
852 1593 895 1630 id
912 1602 970 1631 est
990 1595 1144 1646 quibus.
1205 1595 1360 1633 firmant
1377 1609 1479 1647 quae
1498 1603 1680 1648 sequuntt

274 1660 316 1686 v.
338 1651 431 1690 110.
488 1648 559 1686 sed
588 1656 627 1685 et
659 1650 714 1686 sic
734 1649 937 1699 legebatur
958 1651 1001 1686 in
1020 1662 1081 1689 ms
1100 1651 1175 1689 viri
1194 1649 1319 1700 docti,
1349 1663 1469 1703 quem
1487 1651 1681 1691 laudabam
1699 1669 1702 1686 i

274 1711 319 1741 ut
338 1702 440 1741 nihil
463 1703 562 1741 adeo
583 1703 855 1742 dubitandum.
911 1706 1070 1743 Voncx.

389 1760 481 1799 110.
540 1758 638 1795 eollo
659 1759 783 1797 fastus
805 1760 932 1797 omnis
953 1761 1208 1810 significatur,
1239 1770 1329 1798 cum
1347 1774 1388 1798 re
1405 1774 1498 1800 vera
1513 1761 1615 1800 illud
1630 1763 1679 1800 ca'

267 1820 411 1850 'carent
444 1814 627 1851 victores.
698 1814 812 1850 alibi:
845 1823 1109 1866 properatque
1139 1815 1348 1866 superbum
1374 1817 1566 1854 inclinare
1592 1830 1679 1867 capt

276 1868 526 1918 subiectaque
540 1881 683 1918 ponere
703 1869 819 1905 colla.
879 1871 1043 1907 BAn‘rn.

393 1926 486 1964 111.
544 1924 766 1974 principum
807 1924 926 1961 calcei
963 1923 1301 1975 distinguebantur
1326 1927 1375 1962 ab
1403 1927 1490 1963 aliis
1519 1927 1645 1976 pretio
1673 1942 1702 1960 ι·

277 1979 430 2026 colore,
467 1980 628 2015 nomine
656 1986 694 2015 et
726 1980 826 2016 forte
857 1981 1041 2017 materia:
1079 1993 1173 2017 nam
1200 1979 1266 2017 hic
1287 1981 1517 2018 mollissima
1539 1988 1678 2032 tergon

277 2033 327 2070 de
344 2035 470 2084 pretio
489 2041 659 2070 certum:
688 2046 782 2071 nam
800 2035 843 2071 in
860 2035 1069 2072 Caesarum
1086 2037 1202 2073 soleis
1222 2048 1399 2086 gemmae
1417 2037 1590 2087 sculptae
1607 2044 1678 2088 opt
1697 2043 1702 2048 “

277 2101 435 2126 morum
467 2089 658 2126 artificum
687 2090 882 2127 manibus.
941 2089 989 2127 de
1017 2092 1156 2128 Carino
1182 2098 1291 2129 notat
1317 2092 1378 2128 ΕΙ.
1407 2092 1616 2142 Vopiscus,
1660 2091 1702 2129 d<

276 2144 536 2194 Heliogabalo
554 2145 629 2182 Iul.
652 2145 914 2195 Capitolinus,
946 2142 995 2183 de
1009 2147 1252 2184 Diocletiano
1270 2147 1500 2197 Eutropius,
1531 2146 1580 2183 de
1604 2145 1678 2184 Calj

277 2199 392 2249 gula,
423 2201 491 2250 qui
514 2201 685 2250 primus,
714 2207 757 2237 ut
788 2208 903 2251 puto,
931 2200 975 2238 id
999 2203 1225 2252 gestaminis
1253 2203 1354 2240 inter
1375 2203 1572 2239 Romanos
1594 2214 1678 2239 usu]
1699 2222 1702 2229 ⁴

274 2256 396 2304 pavit,
430 2255 582 2292 Plinius
602 2262 641 2292 et
658 2256 868 2294 Suetonius
885 2257 1111 2308 loquuntur.
1170 2257 1276 2295 color
1288 2255 1538 2295 muliebrium
1556 2257 1678 2295 calcet
1698 2279 1702 2284 ⁴

271 2321 360 2345 rum
385 2309 516 2357 albus,
545 2311 666 2360 Apul.
693 2311 821 2349 Miles.
852 2315 899 2360 7,
939 2319 984 2349 ut
1015 2319 1052 2350 et
1081 2313 1281 2350 venalium
1311 2324 1533 2360 servorum,
1561 2312 1702 2349 Plini·-

271 2364 481 2411 Iuvenale,
513 2365 627 2414 aliis3
656 2374 880 2404 senatorum
912 2369 1039 2418 nigri,
1070 2370 1206 2405 Horat.
1237 2380 1373 2418 supra,
1401 2369 1538 2404 Iuven.
1568 2373 1638 2406 sat.
1656 2371 1678 2409 7

270 2421 495 2470 appositam
526 2422 664 2471 nigrae
696 2422 836 2458 lanam
866 2422 1033 2459 subtexit
1059 2423 1204 2460 alutae.
1263 2425 1529 2472 Augustorum
1555 2423 1678 2459 calcea
1700 2444 1702 2447 ·

268 2481 402 2511 menta
423 2476 606 2525 Byzantii
628 2489 823 2526 purpurea
844 2479 999 2528 proprie
1023 2479 1209 2528 campagi
1228 2474 1468 2515 dicebantur.
1525 2479 1602 2514 Iul.
1629 2478 1677 2514 Cu
1699 2499 1702 2502 ·

267 2530 380 2580 pitol.
398 2531 565 2567 Maxim.
582 2533 669 2568 Iun.
688 2532 993 2569 calceamentum
1011 2535 1108 2577 eizw,
1140 2533 1187 2570 id
1201 2539 1259 2569 est
1276 2546 1516 2584 campagum
1534 2534 1677 2584 regium

269 2585 431 2636 quidam
444 2593 670 2636 posuerunt.
731 2588 906 2624 Trebell.
927 2588 1055 2626 Pollio
1073 2588 1287 2626 Gallienis:
1317 2587 1470 2639 ealigne
1485 2594 1676 2639 gemmato
1699 2602 1702 2615 ⁴

269 2642 473 2687 annexuit,
502 2655 590 2678 eum
612 2655 825 2692 campagos
844 2643 1026 2680 reticulos
1046 2643 1275 2693 appellaret.
1335 2643 1443 2682 idem
1460 2644 1590 2681 valent
1608 2655 1676 2679 zan
1699 2663 1702 2668 ·

271 2708 339 2734 cae
363 2710 433 2735 seu
461 2704 645 2742 tzancae,
674 2703 717 2735 ut
745 2709 796 2735 ex
826 2697 911 2736 cod.
943 2697 1145 2738 Theodos.
1173 2705 1282 2738 notat
1310 2701 1390 2738 Iac.
1412 2699 1543 2737 Ouiae.
1566 2700 1617 2738 21
1649 2699 1673 2738 2
1697 2697 1702 2734 4
