1702 3060
247 133 343 180 450
649 132 832 175 NOTAE
863 132 920 174 IN
952 131 1163 174 LIBRUM
1185 131 1249 174 IV

247 255 293 279 ea
318 241 366 279 de
394 254 434 278 re
458 238 587 276 locum
608 251 659 274 ex
676 239 775 275 libro
799 241 848 278 12
867 237 1122 275 bibliothecae
1138 236 1297 275 Diodori
1317 237 1446 276 Siculi·
1460 235 1649 285 evolvere,

246 298 313 334 ubi
340 298 468 345 legem
494 292 689 344 quandam
718 292 965 340 Chai-,cudae
995 306 1111 343 quam
1136 295 1169 329 is
1195 293 1242 329 de
1273 294 1487 329 litterarum
1515 293 1650 330 studiis

250 353 354 397 tulit,
385 349 549 398 egregiis
567 347 822 414 depraedicat
854 354 891 384 et
916 349 1066 384 extollit
1094 346 1458 398 v·e1b1s.}'qupev
1485 361 1560 386 ουν
1585 346 1651 386 καὶ

248 405 378 455 ἕτερον
403 401 524 467 νόμον
553 398 627 442 ἆπὸ
654 403 796 443 τούτου
812 403 1008 454 κρείττονα
1028 429 1128 438 ......
1152 401 1218 441 καὶ
1239 403 1426 451 δημοσίας
1439 401 1652 452 ἐπιμελείας

246 474 286 497 τε
306 457 371 497 καὶ
389 453 568 506 δαπανης
583 453 733 507 ἠ’ξίωσε.
791 457 898 493 addit
929 456 1088 503 deinde,
1119 470 1205 493 cum
1225 457 1432 493 anteriores
1451 456 1652 505 legislato-

246 526 306 549 ies
333 512 493 549 medicis
523 525 724 562 corporum
753 511 942 561 stipendia
973 525 1023 547 ex
1053 512 1205 561 publico
1236 512 1518 558 constituerint,
1548 509 1652 546 cha-

247 567 407 603 rondam
431 574 537 603 tanto
564 567 744 602 meliori’
734 580 815 603 lure
837 566 933 602 haec
957 566 1169 603 decrevisse
1187 567 1401 602 litterarum
1421 565 1650 612 doctoribus,

246 619 325 688 ὅσῳ
354 623 436 672 (sio
453 623 562 670 lego,
590 634 668 657 non
686 627 728 656 ut
748 622 863 670 vulgo
881 617 985 659 ωσθ·’
996 622 1012 670 )
1043 621 1083 660 οἷ
1100 619 1169 670 μὲν
1189 636 1234 659 τα
1262 617 1421 670 σώματα
1439 620 1652 670 θεραπείας

243 672 436 726 ἠξίωσαν,
465 691 485 715 ο
493 649 562 713 ὃδὲ
584 673 653 722 τὰς
672 673 802 725 ’ψυχάς
818 672 886 721 τὰς
902 672 975 714 ὑπ’
997 671 1250 720 ἀπαιδευσίας
1271 673 1550 725 ἐνοχλουμένας
1563 674 1651 714 ἐθε-

246 727 432 779 ράπευσε·
473 726 665 769 κάκείνων
695 727 766 780 μὲν
796 744 876 768 των
904 730 1047 780 ἰατρων
1079 726 1273 780 ευχόμεθα
1298 729 1490 780 μηδέποτε
1521 729 1650 792 χρείαν

245 785 366 835 ἔχειν,
396 788 478 830 τοῖς
496 783 538 822 δὲ
558 785 734 830 παιδείας
753 781 999 831 διδασκάλοις
1021 784 1289 835 ἐπιθυμοῦμεν
1308 781 1461 824 ἅπαντα
1477 781 1543 824 τὸν
1559 779 1651 835 χρό-

243 855 316 879 νον
337 839 632 890 συνδιατρίβειν.
686 840 807 875 Βιττ.

356 906 445 944 186.
503 905 657 953 officiis]
687 904 853 941 ministri
877 904 988 940 aulae
1019 903 1241 954 Cpolitanae
1270 904 1324 942 sio
1353 910 1561 954 vocantur,
1601 901 1649 939 de

243 958 383 1009 quibus
416 965 472 995 est
500 959 598 994 liber
629 960 783 1007 Georgii
813 957 972 1006 codini,
1002 971 1118 1009 quem
1139 960 1205 995 alii
1227 959 1486 1009 curopalatem
1515 958 1651 995 volunt

243 1012 334 1048 dici.
390 1025 503 1062 supra
528 1017 551 1052 3
582 1015 657 1052 211
690 1019 728 1048 et
730 987 780 1052 e³4
810 1012 888 1051 104
917 1020 954 1048 et
978 1013 1070 1049 alibi
1099 1026 1227 1076 saepe.
1282 1015 1402 1051 Rutu.
1426 1016 1515 1050 ltin.
1541 1016 1582 1059 1,
1612 1018 1650 1048 et

242 1069 308 1103 alii
325 1069 490 1116 passim:
520 1080 548 1101 θ’
570 1069 655 1102 ισιίζς
670 1080 837 1117 regerem
857 1081 945 1103 eam
963 1069 1074 1117 regia
1091 1069 1178 1104 iura
1195 1069 1377 1104 minister.
1436 1070 1619 1104 Dsmsr.

353 1132 445 1172 188.
494 1145 569 1180 pet·
595 1130 766 1180 scholas]
805 1132 1007 1181 aliquoties
1042 1130 1138 1169 haec
1172 1132 1287 1170 dictio
1311 1132 1415 1183 apud
1441 1134 1649 1182 Col-ippum

242 1192 439 1234 corrupta,
469 1187 549 1222 sive
574 1187 723 1221 inscitia
741 1187 896 1234 linguae
916 1188 1104 1234 Graecae,
1133 1201 1202 1224 seu
1219 1189 1371 1224 licentia
1389 1188 1514 1238 poetis
1535 1200 1649 1224 usur-

238 1247 352 1289 pata,
395 1242 475 1276 sive
505 1239 672 1290 denique
699 1253 903 1290 operarum
927 1242 1088 1277 incuria.
1145 1249 1184 1278 at
1207 1242 1320 1278 facile
1350 1241 1412 1279 hic
1437 1249 1567 1293 posset
1594 1243 1649 1279 sic

240 1295 339 1343 legi:
379 1308 523 1344 perque
549 1294 703 1330 scholas
730 1301 952 1344 turmasque
979 1309 1133 1331 vocans.
1193 1309 1307 1346 supra
1338 1300 1361 1337 3
1393 1297 1491 1337 158:
1533 1297 1651 1332 acciti

235 1362 411 1397 proceres·
435 1362 580 1393 omnes,
616 1348 823 1398 scholaque
841 1350 976 1398 palati
1001 1356 1066 1386 est.
1124 1356 1190 1397 tu,
1226 1353 1258 1387 si
1283 1349 1454 1398 videtur,
1493 1363 1648 1400 repone,

241 1411 277 1439 et
297 1405 352 1439 sic
370 1404 477 1453 lege:
513 1405 629 1439 acciti
636 1417 813 1452 proceres
830 1417 976 1448 omnes,
1003 1404 1210 1454 scholaqzce
1227 1405 1311 1441 alta
1323 1406 1467 1454 palati.
1502 1406 1648 1442 Auson.

238 1459 401 1507 profess.
422 1471 538 1494 carm.
563 1460 612 1498 17
634 1464 671 1493 et
691 1460 761 1505 19,
789 1465 972 1508 protrept.
989 1458 1042 1494 ad
1059 1461 1247 1508 Nepotem
1264 1459 1396 1511 eidyll.
1417 1463 1492 1501 32:
1528 1459 1650 1496 Graio

240 1512 374 1548 schola
399 1514 552 1550 nomine
577 1512 682 1548 dicta
711 1520 777 1549 est.
836 1514 1002 1549 Martial.
1033 1517 1050 1552 l
1081 1516 1152 1560 36,
1193 1517 1218 1554 2
1246 1514 1318 1562 64,
1355 1518 1381 1555 3
1409 1517 1483 1560 20,
1514 1521 1552 1550 et
1583 1514 1650 1550 alii

238 1569 396 1616 passim.
452 1566 542 1603 vide
567 1573 698 1603 notata
725 1566 776 1603 ad
804 1569 828 1606 3
860 1569 957 1615 158,
987 1574 1025 1603 et
1054 1567 1153 1605 adde
1180 1569 1308 1605 locum
1333 1568 1535 1606 Claudiani
1557 1566 1604 1604 de
1625 1570 1650 1608 6

239 1624 384 1658 Honor.
403 1623 625 1658 consulatu:
652 1621 715 1658 hic
734 1628 771 1657 et
788 1620 987 1672 bellcjgeros
1005 1624 1169 1659 exercuit
1183 1637 1276 1660 area
1294 1624 1416 1661 lusus.
1466 1624 1650 1660 DEMPST.

352 1688 443 1727 190.
493 1701 568 1735 Ριο
590 1688 799 1737 repositum
818 1694 876 1724 est
899 1688 982 1724 loco
994 1701 1110 1737 prae;
1139 1695 1182 1724 ut
1201 1689 1332 1738 paullo
1352 1690 1470 1726 etiam
1488 1689 1650 1725 inferius

239 1741 407 1776 heJhosie
430 1742 544 1790 patit
571 1742 613 1776 in
639 1755 664 1776 a
661 1743 747 1791 gris
773 1755 841 1792 pro
865 1742 1040 1779 herbosos
1062 1744 1180 1791 pavit
1196 1745 1238 1780 ιἰι
1256 1756 1387 1793 agros,
1416 1742 1519 1796 quod
1536 1745 1591 1779 ita
1606 1744 1649 1780 in

237 1802 388 1832 vetusto
411 1795 539 1832 codice
560 1796 745 1832 mendose
765 1797 978 1845 legebatur.
1033 1799 1152 1834 Rmz.

350 1860 444 1902 204.
495 1861 733 1911 pulsantque
761 1860 978 1912 balatibus]
1011 1874 1113 1898 error
1131 1861 1310 1910 indubie,
1338 1864 1484 1900 librarii
1502 1876 1551 1899 an
1572 1863 1648 1899 Co·—

241 1914 373 1965 rippi?
413 1913 483 1951 sed
510 1916 635 1951 facilis
661 1916 870 1951 restitutio:
908 1918 962 1952 sic
991 1918 1095 1953 enim
1119 1917 1226 1965 lege:
1253 1918 1421 1967 pulsant
1453 1916 1648 1954 balatibus

238 1984 369 2006 ‹zm-as.
401 1971 583 2007 DEMPST.
639 1969 681 2006 id
705 1971 820 2006 etiam
840 1971 870 2006 F
873 1971 1034 2022 oggiuus
1053 1971 1235 2009 malebat.
1291 1978 1335 2008 tu
1354 1972 1484 2008 confer
1502 1970 1647 2009 Iohan-

236 2024 319 2061 nid.
341 2026 363 2063 1
395 2023 487 2064 174.

348 2091 443 2130 208.
505 2089 665 2140 Syrie-a]
704 2091 757 2127 sic
787 2091 997 2141 legebatur.
1054 2092 1256 2141 Assagrius
1286 2093 1431 2129 censuit
1455 2104 1648 2142 reponen-

241 2143 335 2180 dum
363 2146 502 2189 serica,
531 2143 636 2194 quod
663 2145 759 2182 mihi
783 2159 862 2183 non
888 2147 1034 2196 placet3
1061 2147 1191 2197 itaque
1212 2148 1350 2184 retinui
1369 2148 1567 2198 antiquam
1586 2147 1647 2183 le-

240 2201 420 2235 ctionem.
475 2199 583 2235 locus
615 2206 671 2236 est
699 2201 855 2250 elegans
875 2200 977 2250 apud
994 2201 1217 2237 Salvianum
1236 2202 1382 2238 Massil.
1402 2200 1450 2238 de
1467 2200 1587 2238 Iudic.
1608 2207 1646 2237 et

238 2253 453 2302 provident.
477 2252 525 2292 4:
554 2260 599 2289 ut
621 2254 667 2289 de
693 2255 771 2291 alio
791 2255 990 2292 hominum
1006 2269 1144 2305 genere
1165 2269 1242 2292 non
1260 2257 1406 2300 dicam,
1434 2255 1646 2292 considere-

239 2321 325 2343 mus
351 2307 454 2343 solas
474 2309 752 2356 negotiatorum
774 2317 808 2345 et
830 2311 1050 2358 Syricorum
1067 2312 1237 2346 omnium
1257 2310 1406 2354 turbas,
1434 2311 1503 2360 qui
1522 2310 1647 2346 maio-

238 2375 318 2397 rem
324 2363 455 2411 ferme
474 2363 673 2398 civitatum
689 2366 956 2406 univensarmn
963 2372 1118 2413 partem
1136 2370 1430 2414 occupaverunt.
1475 2365 1528 2400 ita
1549 2377 1645 2415 quos

237 2418 367 2452 Latini
390 2417 523 2465 Syros,
551 2420 739 2465 posterius
760 2430 899 2456 aevum
922 2420 1073 2469 Syricos·
1090 2418 1201 2467 dixit,
1229 2418 1396 2470 indeque
1421 2419 1557 2468 Syrien
1574 2430 1644 2468 pro

244 2471 418 2519 Syriaca.
478 2470 661 2507 Demrs'r.

344 2527 440 2566 212.
486 2524 758 2576 pendantque]
789 2528 988 2576 legebatur
998 2527 1251 2577 pendentque.
1309 2527 1431 2563 Rrrr.

343 2578 438 2620 214.
486 2579 692 2628 procedere
708 2583 862 2630 proprie
883 2581 1105 2619 dicebantur
1118 2582 1361 2630 magistratus
1374 2609 1384 2628 ,
1413 2587 1451 2618 et
1466 2593 1642 2630 praeser-

235 2636 305 2671 tim
325 2634 515 2673 consules.
550 2632 642 2671 hinc
662 2648 843 2673 nummus
864 2649 1000 2674 aureus
1020 2637 1235 2674 rarissimus
1254 2636 1492 2674 Callstantini
1509 2635 1642 2685 Magni

1674 0 1690 42 ,ιη
