1702 3060
462 101 812 147 IOHANNIDOS
846 100 951 144 LIB.
982 100 1060 144 lv.
1423 100 1490 147 89

141 215 256 256 corde
278 214 464 265 humilis,
496 214 603 268 quod
626 212 806 252 Christus
828 219 958 262 amat,
988 213 1135 266 pietate
1157 211 1368 264 benignus,

141 291 180 323 et
200 286 270 338 qui
291 283 434 336 dignus
455 291 537 322 erat
557 284 628 321 tali
646 294 857 334 properare
875 283 1064 333 magiStro
1077 293 1090 320 :

29 353 111 399 590
140 361 300 406 corpo're
318 367 412 390 nam
431 354 612 404 geminos
632 351 763 388 anima
784 350 950 387 iunxere
967 350 1040 387 sub
1062 363 1156 399 una,

136 434 218 459 non
233 429 374 459 natura
393 434 558 474 parens,
592 419 740 458 summi
765 416 836 455 sed
857 418 972 468 signa
993 418 1156 467 favoris,

139 495 268 527 castus
291 502 422 538 amor,
455 491 603 541 pieta8‚
633 487 812 535 bonitas,
843 487 1059 538 sapientia,
1091 488 1231 525 virtus.

140 571 232 610 ergo
250 559 354 596 inter
370 556 520 596 medias
541 558 645 594 acies
663 556 887 608 praeclarus
909 562 948 592 et
969 556 1088 593 armis

137 627 220 664 ibat
241 639 359 679 equo,
387 633 426 663 et
445 624 602 677 placido
622 626 749 663 socios
767 637 949 662 sermone
964 624 1166 663 movebat.

27 693 108 738 595
191 697 282 746 Ipso
306 694 498 746 dispositu
518 694 649 731 felicia
668 694 781 744 signa
801 699 1018 744 regentem,

114 773 119 778 “
136 763 280 801 fortem
298 764 440 800 mirata
460 769 519 800 est
538 763 642 799 acies
661 763 823 798 inimica
842 759 1076 799 Iohannem.

135 833 366 870 Mauronun
384 838 424 869 at
439 833 623 882 princeps
640 837 832 867 nocturno
851 838 1031 882 tempore
1053 833 1181 879 lerna,

137 901 327 938 sollicitus
347 901 448 937 curiS
462 929 472 948 ‚
501 913 636 937 muros
657 913 728 950 per
749 906 874 936 castra
897 901 1060 938 camelis

138 970 348 1018 construit,
379 975 520 1006 octono
543 966 792 1005 circumdans
813 966 950 1004 ordine
970 981 1172 1019 campum.

23 1036 106 1078 600
133 1035 227 1074 inde
248 1037 368 1074 boves
384 1038 534 1086 iungit,
563 1036 624 1073 bis
647 1042 759 1072 terno
782 1047 926 1072 cornua
948 1048 1045 1087 gyro

136 1104 319 1142 cornibus
337 1110 420 1141 arte
440 1104 591 1154 ligans3
621 1109 661 1140 et
677 1104 803 1140 multo
824 1103 990 1142 callidus
1006 1111 1094 1142 astu

134 1173 347 1223 implicitas
366 1184 496 1208 errore
515 1179 629 1222 parat
646 1185 718 1224 per
737 1171 853 1210 devia
872 1171 1048 1221 fraudes,

132 1246 248 1277 notus
274 1246 318 1277 ut
340 1238 433 1277 inde
457 1240 596 1278 volans
619 1247 749 1278 currat
767 1254 840 1292 per
861 1241 1013 1292 proelia
1035 1242 1211 1290 Maurus,

132 1308 398 1360 ignarumque
417 1316 574 1360 premat
595 1309 801 1346 subeuntis
821 1313 948 1344 castra
968 1319 1042 1358 per
1058 1310 1166 1358 ipsas

22 1375 103 1420 605
130 1375 300 1414 insidiae
323 1377 471 1415 formas
495 1377 644 1413 infensi
659 1376 799 1412 militis
818 1387 979 1425 agmen.

131 1458 212 1483 non
228 1443 510 1496 Labyfintheis
529 1445 679 1481 Minoia
698 1456 791 1480 cura
809 1443 971 1480 latebris

133 1514 298 1551 flexerat
318 1514 509 1564 ancipites
527 1513 649 1550 tantis
668 1511 910 1549 anfractibus
932 1510 1059 1558 orbes,

134 1579 382 1634 distorquens
405 1595 533 1619 errore
551 1582 659 1629 via33
691 1593 791 1632 quas
815 1578 983 1617 callidus
1004 1583 1090 1615 arte

131 1649 306 1697 invenit,
337 1657 446 1687 tento
467 1663 656 1688 revocans
678 1650 848 1700 vestigia
868 1647 949 1696 filo,

20 1707 102 1748 610
129 1705 302 1756 Aegides
325 1708 514 1744 monitus.
571 1714 710 1758 pectus
732 1714 828 1744 tunc
847 1707 934 1755 ipse
953 1703 1125 1741 biforme

133 1787 227 1812 ense
249 1775 342 1812 ferit
362 1775 474 1812 misti
494 1776 670 1825 generis:
701 1774 828 1811 vomit
845 1773 916 1810 ille
934 1783 1127 1819 cruorem,

133 1848 172 1879 et
189 1843 267 1879 ruit
287 1843 476 1881 obscurae
499 1843 753 1894 confringens
773 1854 921 1879 cornua
939 1847 1084 1877 terrae.

130 1911 244 1947 tertia
266 1912 466 1948 constricti
483 1911 660 1949 formans
681 1898 906 1948 munimina
924 1907 1022 1945 valli

133 1977 370 2028 circumdat,
408 1981 637 2032 spargitque
657 1991 779 2030 pecus
798 1978 1000 2027 vincitque
1018 1974 1231 2023 minutum,

20 2045 101 2090 615
129 2046 374 2098 ἱΠιΡεάἰειιετ
407 2047 562 2086 medios
585 2047 719 2085 densis
738 2046 920 2095 astringit
941 2043 1074 2080 asellis

132 2121 214 2152 arte
233 2115 363 2164 locos,
393 2116 589 2168 funesque
609 2117 739 2166 ligans
762 2112 942 2152 extendit
961 2113 1143 2162 iniquos;

133 2188 172 2219 et
190 2183 356 2222 tribulos
376 2198 448 2236 per
465 2192 591 2222 castra
612 2183 717 2221 locat
736 2183 946 2233 furcasque
967 2180 1163 2227 bicornes,

133 2252 369 2304 exacuitque
390 2252 508 2290 sudes
533 2259 579 2290 et·
591 2264 757 2302 magnas
777 2251 887 2288 obice
910 2255 1059 2287 cautes.

187 2320 354 2358 Antalas
370 2323 518 2372 pariter
534 2333 690 2372 pugnas
712 2318 949 2358 determinat
968 2323 1065 2365 arte,

22 2388 104 2430 620
132 2387 410 2441 egrediturque
432 2391 514 2427 suis
533 2389 703 2427 vallatus
725 2388 922 2426 cornibus.
980 2383 1095 2422 ardet

133 2456 178 2494 in
196 2456 394 2507 medium,
427 2458 595 2496 confisus
616 2470 740 2511 equo;
771 2468 1007 2509 pugnaeque
1018 2452 1200 2506 =pedestri

26 2566 94 2602 589
117 2567 276 2614 propiare
290 2569 332 2603 M
337 2582 347 2604 ε
375 2569 421 2605 cf.
436 2570 458 2605 6
480 2570 549 2606 202
686 2569 750 2604 591
775 2571 895 2603 natura
910 2568 968 2612 M,
992 2571 1110 2602 nostra
1130 2567 1164 2602 Τ
1282 2563 1351 2601 595
1373 2564 1487 2609 dispo-

25 2612 93 2646 δῖῑῑῑ
119 2613 170 2653 Β,
193 2613 354 2660 disposito
378 2617 454 2651 MT
586 2616 654 2651 596
687 2615 809 2650 fortem
841 2619 1006 2650 maturata
1041 2616 1089 2657 T,
1124 2611 1267 2648 forsitan
1298 2610 1418 2645 intuita
1448 2609 1491 2643 Μ

25 2658 94 2693 597
116 2657 279 2694 bellorum
296 2662 329 2695 Τ
449 2663 519 2698 603
541 2666 576 2697 et
590 2661 670 2696 inde
685 2661 804 2695 volans
821 2661 926 2695 currit
941 2660 1036 2706 apud
1050 2661 1090 2694 Μ
1222 2658 1289 2693 604
1310 2656 1432 2702 premit
1447 2655 1490 2690 Μ

26 2703 96 2738 613
117 2705 304 2740 constructi
316 2706 359 2740 M
452 2709 521 2743 614
543 2708 692 2754 uicitque
708 2708 741 2741 T
831 2708 898 2742 616
921 2707 1075 2751 finesque
1090 2705 1185 2750 apud
1199 2704 1243 2740 M
1330 2703 1398 2738 617
1421 2706 1489 2737 tn·-

26 2747 102 2784 blos
121 2750 155 2785 T
289 2752 355 2788 618
378 2763 518 2799 magnos
534 2755 567 2790 T
701 2754 770 2791 620
790 2753 978 2789 ardeusL:
1004 2753 1049 2789 cf.
1066 2752 1144 2788 633.
1247 2778 1250 2781 .
