1702 3060
471 87 548 131 DE
581 86 857 133 LAUDIBUS
889 88 1114 138 IUSTINI.
1425 87 1522 136 373

64 197 288 241 machus
303 198 483 236 omnium
499 198 763 238 membrorum
779 202 938 239 sortitus
955 208 1012 238 est
1025 200 1262 247 dominium,
1280 199 1524 253 reliquorum

62 251 217 296 ibimet
236 254 540 306 famulantium
561 262 738 307 potestas
764 259 935 304 virium,
975 257 1120 310 quibus
1146 265 1220 295 aut
1242 257 1426 307 deficitur
1450 267 1523 296 auc

51 317 163 349 recte
184 311 355 349 valetur.
414 313 580 350 BAn'rn.

94 395 98 398 >
174 366 271 410 148.
321 369 782 420 princepsjbrtissimus.
843 371 1039 408 Zonaras:
1066 365 1273 418 Ἰουστῖνος
1293 367 1338 411 δὲ
1351 368 1395 412 τὰ
1409 369 1521 424 γένος

59 419 268 479 τυγχάνων
289 419 475 477 Ἰλλυριὸς
499 423 802 479 κουροπαλάτης
820 423 898 477 πρὸ
912 429 986 478 τῆς
1004 426 1205 478 βασιλείας
1221 428 1401 479 τετίμητο
1412 456 1423 477 ,
1452 427 1522 468 καὶ

59 474 117 532 ἧν
131 477 208 533 τήν
228 477 356 533 φύσιν
377 481 436 529 εἰς
455 479 613 523 ἅπαντα
633 478 782 534 δεξιός,
811 480 885 536 τήν
911 479 1078 536 γνώμην
1097 481 1140 524 δὲ
1160 480 1436 538 μεγαλοψυχος
1453 483 1523 525 καὶ

58 533 241 591 εὐσεβής.
296 539 464 576 Bam-11.

163 594 270 636 151.
324 595 368 632 in
402 606 466 632 ms
495 608 638 632 nomen
661 595 870 646 legebatur
895 608 1129 647 perperam3
1175 609 1250 634 nec
1269 595 1380 634 aliud
1399 609 1522 649 quam

57 662 206 689 numen
221 652 266 689 in
287 649 457 689 vocandi
476 664 570 688 casu
586 654 726 703 reponi
743 658 886 703 potest.
946 654 1070 691 Rmz.

171 706 267 750 152.
322 709 573 759 mensuram]
605 710 878 760 capacitatem.
936 711 994 747 sic
1019 711 1063 747 in
1079 710 1318 760 Fragmento
1339 707 1392 746 ad
1407 710 1518 746 Ana·-

56 763 246 802 statium:
273 778 500 802 mensuram
520 765 730 817 transfusa
748 778 891 803 meam.
948 768 1116 804 BAnTn.

84 847 95 854 -
168 819 262 862 155.
321 821 526 873 rependis]
557 821 607 859 ob
636 834 819 860 versum:
855 822 964 859 valet
984 822 1214 873 perpendis.
1275 819 1518 859 Claudianus

53 873 302 929 Panegyrico
334 876 487 915 Mallii:
532 879 604 929 qui
618 879 745 930 sacta
771 879 988 930 rependens
1019 879 1182 917 consilio
1205 879 1353 930 punire
1370 884 1514 929 potest.

51 933 222 972 But-rm

170 988 270 1032 15&
325 989 382 1028 sic
399 987 596 1028 Pindarus
613 986 756 1026 Isthm.
775 988 826 1030 4:
855 991 974 1029 τοῦτο
1002 985 1079 1042 γὰρ
1109 985 1322 1030 α’θοὶνατον
1353 991 1520 1039 φωνᾶεν

53 1042 183 1099 ἕρκει,
213 1045 255 1086 εἴ
279 1060 340 1095 τις
369 1041 417 1088 εὖ
443 1045 549 1086 εἴποι
569 1056 630 1085 τι·
658 1043 728 1086 καὶ
745 1041 985 1098 πάγκαρπον
1007 1045 1072 1086 ε’πὶ
1092 1043 1227 1098 χθόνα
1242 1045 1310 1086 καὶ
1329 1043 1396 1086 διοέ
1414 1042 1519 1087 πόν-

51 1116 125 1143 του
154 1101 344 1154 βέβακεν,
384 1097 591 1156 ἐργμάτων
621 1097 735 1149 ἀκτὶς
763 1105 898 1142 καλῶν
927 1099 1117 1155 ἄσβεστος
1148 1102 1239 1143 αἰεί.
1298 1115 1401 1155 quae
1440 1116 1516 1154 po-

51 1164 199 1198 mma
212 1160 388 1212 quinque
399 1159 521 1197 verba
537 1159 649 1196 nullo
666 1160 827 1209 negotio
849 1160 1089 1210 transposita
1107 1157 1215 1197 hunc
1227 1159 1344 1198 nobis
1356 1172 1516 1198 versum

50 1214 269 1254 iambicum
293 1214 625 1267 suppeditabunt:
665 1213 856 1268 ἄσβεστος
884 1215 963 1256 αἰεὶ
989 1212 1196 1268 ἐργμάτων
1223 1211 1336 1264 ἄκτὶς
1366 1219 1518 1258 καλῶν.

51 1273 122 1325 qui
151 1272 317 1311 Latinus
338 1273 430 1310 talis
459 1285 545 1310 esse
573 1273 722 1323 possit:
761 1286 923 1323 operum
956 1271 1147 1310 bonorum
1176 1272 1312 1309 lumen
1341 1274 1519 1324 extingui

49 1330 204 1381 nequit,
230 1330 298 1367 vel
314 1330 573 1366 inextinctum
588 1336 735 1366 manet.
797 1331 923 1367 Rrr‘r.

168 1387 264 1427 160.
319 1385 520 1424 Iohannes
543 1386 746 1436 pontifex,
777 1387 846 1437 qui
873 1385 924 1422 ad
953 1385 1115 1437 Corippi
1143 1386 1339 1436 poematis
1362 1387 1515 1437 margi-

49 1455 146 1480 nem
176 1440 320 1479 dicitur
349 1455 596 1480 consecrasse
621 1444 839 1491 Iustinum,
870 1443 947 1480 fuit
973 1444 1058 1480 siue
1084 1441 1204 1479 dubio
1230 1441 1429 1481 Iohannes
1445 1444 1515 1480 ille

48 1496 342 1546 scholasticus,
374 1500 444 1551 qui
467 1500 678 1550 postremis
698 1500 803 1536 vitae
827 1500 942 1537 annis
962 1500 1191 1547 Iustiniani,
1221 1498 1419 1550 Eutychio
1438 1513 1515 1551 pa-

49 1553 221 1594 triarcha
255 1555 464 1606 Cpolitano
497 1556 544 1592 ab
570 1556 657 1607 ipso
687 1556 926 1606 imperatore
946 1556 989 1592 in
1010 1557 1217 1592 Amasiam
1233 1556 1431 1606 relegato,
1463 1570 1516 1594 ex

48 1611 302 1664 apocrisiario
327 1610 579 1649 Antiocheno
608 1612 687 1662 ipsi
714 1611 912 1664 Eutychio
939 1613 982 1648 in
1010 1610 1279 1663 patriarchatu
1305 1613 1515 1664 Cpolitano
1562 1645 1567 1649 .

47 1669 250 1707 successit.
309 1681 363 1705 ex
398 1667 577 1705 Iohanne
618 1671 788 1706 Zonara.
828 1670 953 1706 Rmz.
1029 1669 1271 1719 pontific-um
1309 1671 1512 1722 summus]

48 1724 314 1764 Orientalium
338 1725 551 1773 nimirum,
584 1737 683 1777 quos
712 1726 816 1762 inter
832 1726 915 1762 iam
935 1726 1136 1762 eminebat
1157 1724 1380 1776 patriarcha
1406 1727 1513 1777 Opo-

46 1778 211 1820 Iitanus.
268 1789 364 1819 tunc
386 1789 521 1819 autem
548 1779 652 1818 hanc
682 1779 917 1832 dignitatem
942 1782 1105 1832 gerebat
1121 1780 1209 1819 Ioh.
1230 1781 1513 1832 Scholasticus,

46 1839 119 1891 qui
149 1851 240 1876 eam
264 1838 423 1876 vivente
443 1838 625 1889 legitimo
643 1835 869 1889 patriarcha
889 1838 933 1876 S.
952 1836 1150 1889 Eutychio
1169 1852 1269 1875 mox
1288 1839 1511 1886 invaserat3

0 1897 1 1900 ’
47 1902 88 1933 et
118 1895 213 1947 quia
238 1894 368 1932 facilis
386 1896 538 1932 Iustino
561 1907 748 1932 coronam
766 1896 899 1932 statim
915 1896 1126 1946 imposuit,
1156 1896 1211 1932 ita
1229 1909 1322 1933 eum
1342 1897 1417 1933 sibi
1437 1895 1512 1934 de-

45 1951 178 1990 vinxit
199 1958 243 1989 ut
267 1950 319 1989 ad
338 1958 510 1989 mortem
532 1964 680 2004 usque,
713 1965 815 2004 quae
845 1953 1010 2003 contigit
1037 1964 1074 1989 a.
1096 1953 1255 2003 imperii
1277 1953 1419 1990 Iustini
1443 1955 1508 2002 12,

43 2007 91 2047 in
105 2006 299 2059 dignitate
316 2010 520 2047 manserit.
580 2008 802 2060 quinetiam
828 2022 920 2046 cum
938 2010 1172 2046 Anastasius
1194 2009 1402 2060 episcopus
1422 2010 1509 2046 An-

41 2063 214 2104 tiochiae
232 2066 276 2102 in
292 2066 547 2117 responsione
566 2078 638 2103 sua
655 2064 707 2103 ad
724 2065 932 2117 synodicas
949 2066 1102 2102 litteras
1121 2063 1208 2102 Ioh.
1226 2064 1505 2114 Alexandrini,

43 2133 69 2158 a
86 2118 173 2158 1011.
193 2119 438 2160 scholastico
459 2120 642 2170 ordinati,
664 2129 750 2159 tmn
769 2121 997 2160 ordinatum
1015 2128 1102 2158 tum
1122 2120 1389 2159 ordinatorem
1411 2135 1505 2172 per-

42 2178 289 2226 strinxisset,
318 2191 340 2214 e
369 2177 464 2216 sede
498 2191 570 2216 sua
597 2179 647 2216 ob
677 2177 780 2216 hanc
814 2191 975 2216 causam
1003 2177 1179 2214 deiectus
1204 2184 1263 2215 est
1289 2191 1312 2215 a
1336 2180 1503 2227 Iustino,

41 2239 142 2272 teste
160 2232 410 2286 Theophane
429 2236 473 2272 in
492 2232 701 2272 Chronico.
731 2237 863 2273 Fooo.
923 2236 1064 2286 ineptit
1086 2241 1267 2272 veterum
1289 2247 1505 2286 argumen-

39 2291 174 2332 'torum
198 2292 481 2342 marginalium
509 2298 667 2340 auctor,
699 2294 768 2344 qui
799 2291 851 2329 ad
871 2293 1098 2329 Romanum
1117 2291 1344 2342 pontificem
1370 2292 1501 2337 refert,

42 2347 205 2386 omnino
229 2361 324 2386 vero
347 2349 451 2386 bene
478 2348 712 2399 AssagriuS‚
754 2351 823 2400 qui
850 2347 901 2385 ad
932 2346 1199 2399 patriarcham
1233 2349 1500 2399 cpolitanum.

41 2402 92 2442 ab
109 2399 187 2442 hoc
205 2406 313 2442 enim
333 2417 522 2443 coronam
537 2405 747 2442 sumebant
763 2407 1021 2457 imperatores
1042 2405 1195 2442 Graeci.
1253 2404 1500 2456 Nicephorus

39 2457 237 2512 Gregoras
258 2462 363 2500 libro
382 2465 406 2503 3
419 2491 430 2510 ,
460 2475 542 2499 non
557 2462 694 2513 paullo
712 2463 855 2500 melior
870 2463 1037 2513 scriptor
1057 2462 1293 2513 cognomine
1313 2463 1385 2500 illo
1404 2475 1474 2498 suo
1488 2473 1500 2497 τ

39 2509 316 2571 Ἅνηγορεῦετο
338 2515 380 2560 δ’
396 2515 566 2572 ὕστερον
589 2515 690 2572 παρ’
706 2516 881 2560 ἑκόντων
898 2522 981 2559 τῶν
997 2515 1193 2571 ὑπηκόων
1215 2515 1406 2560 ἁπάντων
1427 2534 1500 2557 κα-

41 2571 208 2622 θεσθεὶς
235 2570 303 2615 ἐπ’
322 2570 493 2624 ἆσπίδος
514 2572 615 2616 κατὰ
630 2574 674 2616 vd
694 2575 736 2617 ἐν
752 2572 908 2624 τούτοις
927 2575 1168 2628 ἐπικρατοῦν
1186 2575 1294 2624 ἔθος.
1354 2574 1429 2615 ἔδει
1456 2571 1500 2613 δὲ

41 2623 166 2671 mit&
179 2627 248 2671 καὶ
266 2627 336 2672 διὰ
351 2635 639 2686 πατριαρχικῆς
660 2630 790 2686 χειρός
803 2630 849 2674 τὰ
876 2631 1084 2687 βασιλικόν
1104 2628 1391 2683 ἀναδήσασθαι
1411 2629 1499 2670 στέ-

42 2696 135 2736 φος.
191 2681 278 2727 ἄλλ’
309 2681 365 2740 ἦν
396 2692 617 2742 τηνικαῦτα
650 2689 676 2732 o‘
708 2688 990 2745 πατριαρχικὸς
1014 2685 1170 2740 θρόνος
1194 2685 1502 2740 αἶρφανισμένος

41 2743 117 2783 tva
144 2738 421 2796 διιθύνοντος,
447 2744 536 2788 ἐπεὶ
559 2744 636 2800 πρὸ
661 2746 825 2801 βραχέος
846 2747 956 2799 ἔφθη
974 2743 1188 2800 γενόμενος
1206 2745 1246 2794 ἐξ
1266 2739 1499 2797 ἀνθρώπων
