1702 3060
476 75 828 122 IOHANNIDOS
861 75 966 120 LIB.
999 77 1060 120 V.

167 190 318 231 auxilio
336 191 486 230 Paulus
505 190 663 242 sapiens
683 194 723 226 et
737 188 947 226 Amantius
966 200 1045 225 una

107 291 112 298 .
166 260 387 298 accelerant
406 259 580 297 relevare
602 258 722 295 viros.
779 256 946 306 vestigia
965 267 1159 308 nusquam

53 328 136 375 fflo
163 330 392 366 Maurorum
410 332 504 363 tunc
524 325 632 362 visat
669 330 779 361 metu
797 336 871 360 nec
890 324 1039 374 proelia
1062 325 1206 361 Mazax

164 396 339 446 respexit
355 393 526 444 fugiens,
557 391 700 428 faciem
716 403 790 427 nec
805 392 918 428 torsit
938 392 981 427 in
1003 389 1176 429 hostem.

162 470 256 501 tunc
277 463 382 500 versi
398 462 536 511 fugere
560 457 703 506 duces,
733 456 950 509 pavidique
972 459 1120 496 tribuni

163 529 371 568 discedunt
390 528 518 566 cuncti
531 555 541 575 ,
573 524 735 564 dimisso
755 524 806 562 ad
822 525 928 563 bella
946 528 1151 577 magistro.

161 598 383 650 insequitur
397 607 552 646 sparsas
573 595 677 631 acies
694 599 789 630 tunc
810 594 935 631 victor
950 595 1142 646 Ilasguas.

49 664 131 710 605
160 666 309 703 clamor
328 665 359 702 it
378 664 456 700 alta
473 669 626 714 petens.
683 667 777 698 tunc
798 673 889 712 pars
909 663 1070 700 inimica
1089 663 1249 702 resolvit

159 733 329 771 vallibus
350 746 372 769 e
392 729 535 769 mediis
556 743 628 781 per
646 730 747 767 latos
767 730 926 780 agmina
943 743 1116 783 campos.

160 799 316 852 dirupto
336 797 472 837 credas
491 798 620 836 subito
641 798 794 835 telluris
814 797 926 835 hiatu

158 870 376 907 surrexisse
398 869 518 905 viros.
577 863 820 903 circumdant
838 867 950 916 signa
971 872 1128 904 ruentes

158 934 253 987 hinc
272 943 389 988 atque
410 934 522 982 hinc,
551 946 786 984 sparsosque
805 946 924 984 super
943 940 1002 970 tot
1021 935 1132 971 milia
1152 942 1310 973 currunt

46 1004 130 1045 610
159 1001 280 1041 densa
302 1002 443 1050 duces3
479 1002 701 1052 iunctisque
720 999 804 1037 dies
829 999 1054 1038 excluditur
1076 1000 1222 1052 hastis,

159 1077 199 1108 et
219 1083 378 1122 campos
393 1071 473 1108 late
493 1069 620 1106 noctis
642 1081 819 1118 pressere
841 1067 1040 1105 tenebrae.

157 1136 225 1175 dat
239 1139 431 1189 gemitum
445 1134 668 1174 miseranda
686 1148 828 1173 manus
839 1164 849 1183 ,
878 1136 1047 1187 telisque
1070 1140 1240 1176 cruentis

154 1218 226 1257 per
246 1219 403 1257 campos
422 1203 643 1242 funduntur
667 1204 780 1255 equi:
810 1204 906 1241 furit
926 1204 1097 1255 impiger
1117 1204 1242 1244 hostis

153 1286 267 1325 asper
283 1281 321 1311 et
338 1274 516 1311 immitis.
574 1278 706 1323 posset
723 1283 847 1321 genus
869 1284 986 1309 omne
1003 1274 1191 1310 Latinum

40 1340 122 1385 615
150 1342 220 1379 illa
241 1341 325 1380 dies
342 1354 422 1378 una
438 1341 584 1392 pariter
605 1351 788 1390 quassare
808 1340 920 1376 ruina
933 1367 945 1388 ,

151 1411 195 1447 ni
217 1417 330 1461 pater
347 1410 594 1459 omnipotens
616 1407 724 1443 caelo
744 1408 951 1444 miseratus
973 1408 1022 1444 ab
1045 1408 1123 1446 alto
1136 1437 1147 1457 ‚

150 1479 348 1516 Romanas
371 1478 475 1513 acies
490 1482 598 1512 tanta
616 1475 719 1511 inter
735 1475 846 1511 milia
870 1488 1053 1524 servans,

152 1546 341 1584 salvasset
357 1545 494 1595 magni
513 1543 710 1593 fugientes
728 1555 822 1580 voce
843 1541 1044 1581 Iohannis.

152 1627 324 1666 namque
340 1611 479 1654 videns
499 1611 624 1648 socias
644 1612 792 1662 campis
814 1609 1002 1648 desistere
1016 1619 1169 1651 turmas

37 1685 121 1726 620
149 1682 316 1729 talibus,
346 1686 584 1727 cretonaus,
620 1678 733 1717 dictis
753 1686 968 1729 exaggerat
984 1680 1078 1717 iras.

145 1744 206 1787 “si
222 1750 435 1796 morimur,
466 1748 584 1795 socii,
613 1749 648 1784 si
666 1748 745 1784 fors
765 1760 948 1798 suprema
965 1748 1129 1786 Latinos

149 1823 250 1855 sorte
271 1815 390 1854 trahit
407 1816 611 1867 saevisque
630 1822 742 1865 parat
762 1822 1006 1865 prosternere
1027 1816 1156 1864 bellis,

145 1885 318 1922 feminea
340 1897 408 1921 cur
426 1890 551 1921 morte
574 1881 742 1920 cadam?
782 1883 815 1920 si
837 1884 918 1920 vita
934 1891 1152 1935 superstes,

147 1959 216 1989 cur
234 1951 397 1989 timidus
421 1948 601 2002 fugiam?
640 1951 771 1988 frenos
791 1952 871 1987 iam
891 1952 1054 2000 flectite,
1083 1954 1211 2001 cives;

34 2019 117 2064 625
144 2019 251 2071 figite
266 2021 400 2070 signa,
429 2020 525 2056 viri:
555 2019 678 2056 furias
701 2021 937 2056 contemnite
954 2021 1106 2070 gentis,

148 2094 187 2125 et
209 2100 340 2138 pugna
360 2093 508 2124 tentate
532 2093 674 2124 truces.
733 2093 800 2123 aut
819 2088 1014 2125 vincimus
1033 2087 1182 2137 hostes,

145 2155 179 2193 si
197 2154 293 2192 deus
312 2156 397 2206 ipse
418 2154 546 2191 voletz
581 2155 647 2191 vel
669 2155 703 2191 si
721 2153 863 2191 delicta
879 2155 1064 2191 resistunt

143 2223 320 2275 partibus
335 2228 448 2273 auqta
464 2223 564 2259 meis
576 2249 586 2268 ,
616 2223 772 2272 propria
793 2235 872 2258 non
893 2222 1011 2259 laude
1032 2235 1210 2260 caremus
1223 2251 1233 2270 ‚

143 2290 239 2328 dum
254 2291 460 2327 morimur.
517 2296 695 2326 revocate
720 2291 878 2340 fugam:
907 2292 990 2327 iam
1010 2292 1189 2341 stringite
1210 2291 1371 2330 serrum.

32 2358 116 2401 630
142 2371 227 2407 me,
258 2358 396 2404 faciat,
426 2354 532 2408 quod
550 2358 716 2408 quisque
737 2353 888 2394 videt.”
946 2359 1002 2395 sic
1022 2358 1126 2395 fatus
1147 2359 1287 2401 acerbo

143 2425 324 2463 dentibus
342 2424 544 2461 infremuit
561 2426 692 2473 vultu,
724 2425 986 2476 capulumque
1003 2438 1208 2475 coruscum

142 2495 346 2544 corripuit,
375 2491 631 2544 gladiumque
653 2493 788 2530 furens
807 2491 858 2529 ad
876 2493 1038 2530 vuhiera
1057 2495 1192 2531 traxit.

142 2558 195 2597 ad
208 2573 346 2597 vocem
362 2574 452 2612 pars
471 2567 576 2598 certa
593 2559 708 2597 redit.
764 2567 858 2597 tunc
872 2561 1022 2611 proelia
1039 2569 1205 2612 surgunt

28 2659 96 2694 598
120 2657 255 2692 consilio
272 2658 312 2692 M
450 2661 519 2695 610
542 2659 706 2706 uictisque
723 2660 755 2694 Τ
886 2660 955 2696 624
976 2659 1113 2695 flettere
1132 2661 1165 2695 Τ

28 2704 156 2738 cernite
175 2702 223 2747 Τ,
245 2702 448 2740 consternite
462 2707 514 2742 M.

1416 76 1510 123 123

1303 2662 1368 2696 625
1395 2673 1478 2696 con-
