1702 3060
492 84 840 144 IOHANNmos
874 96 980 139 ΠΒ.
1010 95 1090 140 vl.
1394 87 1491 138 ‘139

40 209 123 255 875
150 207 386 259 Caecilitles,
412 194 576 246 numero
593 206 740 261 pariter
755 208 965 245 comitante
981 206 1105 247 feroci
1128 208 1130 212 ’

150 278 367 326 victorum,
397 276 616 328 egreditur,
647 277 789 329 quibus
810 275 876 313 hic
893 277 1037 314 virtute
1056 276 1252 327 placebat.

151 346 278 384 forma
295 347 371 383 viri
389 357 536 396 magno
555 346 684 382 fuerat
702 345 783 381 iam
801 350 894 380 nota
914 334 1118 395 magistro,

152 427 232 451 non
250 414 381 452 minor
397 413 600 451 Herculeis
620 419 871 464 prosternens
892 413 1041 450 viribus
1062 412 1210 450 hostes.

150 479 218 519 hic
235 482 395 519 levitate
413 481 534 530 celer,
562 483 687 519 nimia
707 483 851 518 virtute
871 479 1114 530 tremendus,

40 549 121 594 380
150 548 313 587 consilio
332 556 510 587 maturus
530 555 627 587 erat.
683 550 883 587 Maurusia
902 561 1131 602 quanquam

150 616 355 655 obsidione
374 618 458 654 vias
478 628 575 668 gens
594 629 732 669 aspera
754 617 947 655 clauserat
966 631 1118 666 omnes,

147 685 217 723 ille
232 691 367 722 tamen
383 686 525 722 melior
543 686 691 723 cunctis
707 672 953 736 percusserat
971 687 1092 723 armis

149 766 267 804 saepe
287 753 392 791 feras
411 759 566 805 gentes.
623 755 783 791 tremuit
802 760 1017 804 prostratus
1038 755 1215 805 Ilasguas

148 822 275 859 Marte
293 819 442 870 virum,
471 823 634 859 tremuit
651 823 801 859 Frexes
821 828 858 858 et
876 821 1014 859 Naffur
1034 821 1222 870 anhelusr,

37 891 119 935 385
146 888 386 930 Vandchae
406 891 533 941 gentis
554 891 687 927 timuit
703 897 796 927 tunc
812 890 882 926 ille
897 890 1106 940 tyrannus.

150 958 279 1009 diligit
298 956 404 995 hunc
422 959 564 996 fortem
582 959 755 994 nimium
771 964 884 1008 pater
902 958 986 1007 ipse
1004 959 1207 1007 magister.

151 1028 236 1079 ipse
252 1026 497 1063 laborantem
513 1027 680 1077 propriis
703 1026 908 1076 prospexit
925 1025 967 1060 in
986 1027 1128 1063 armis:

149 1096 338 1133 nimirum
362 1100 494 1144 captos
516 1095 687 1144 suscepit
703 1094 827 1130 Marte
845 1092 1012 1130 rebelles

147 1163 255 1200 illius
274 1176 295 1198 e
311 1161 508 1199 manibus.
564 1163 676 1199 novit
691 1162 871 1198 Romana
887 1162 1073 1199 iuventus

37 1233 119 1276 390
146 1231 263 1268 fortia
284 1230 387 1268 facta
407 1229 501 1278 viri,
531 1230 650 1267 tantis
672 1229 807 1280 gavisa
824 1231 1008 1280 tropaeis.

146 1311 240 1349 ergo
258 1298 408 1336 missus
423 1298 516 1335 abit.
572 1298 688 1336 Vinci
707 1297 917 1348 populator
933 1299 1094 1350 iniquus

147 1379 240 1404 arva
258 1373 397 1404 tenens
418 1367 549 1404 vicina
566 1366 687 1413 mari,
719 1378 878 1402 securus
898 1372 937 1402 et
956 1380 1089 1404 errans

147 1435 280 1472 omnia
302 1435 508 1472 submissis
528 1434 666 1470 urebat
685 1431 845 1484 praedia
866 1434 1046 1472 flammis.

148 1509 341 1553 temperat
358 1502 427 1539 ille
448 1513 539 1539 suas
561 1501 690 1538 noctis
710 1513 782 1552 per
805 1513 926 1551 opaca
947 1502 1131 1552 latebras,

37 1573 119 1616 395
148 1572 418 1622 sollicitaeque
444 1569 549 1606 celer
574 1570 761 1607 successit
782 1571 989 1608 moenibus
1014 1572 1123 1608 urbis

148 1638 282 1677 hostes
299 1651 371 1690 per
385 1635 562 1675 medios}
592 1643 701 1674 tanta
722 1643 780 1673 est
797 1635 939 1674 fiducia
959 1639 1068 1675 ferri.

146 1720 226 1744 non
243 1703 388 1757 ignota
400 1718 510 1742 cano.
567 1706 700 1742 timuit
717 1718 797 1741 non
819 1706 887 1742 ille
904 1708 1098 1757 periclum

147 1788 219 1827 pro
239 1775 365 1826 patria
384 1786 568 1824 superare
589 1785 683 1811 sua:
713 1774 770 1810 sic
787 1774 892 1810 iussa
911 1776 1091 1826 magistri

146 1843 332 1895 perficere
352 1848 391 1878 et
410 1848 540 1878 tantos
559 1842 688 1892 potuit
706 1840 868 1878 sufferre
885 1842 1055 1881 labores.

35 1909 119 1954 400
146 1909 368 1962 ingreditur
383 1915 534 1960 portas,
565 1908 689 1947 hostis
709 1917 859 1947 secreta
876 1913 1054 1962 requirit,

149 1980 286 2016 circuit
306 1976 469 2015 hostiles
492 1975 692 2028 digressus
711 1979 753 2015 in
774 1978 911 2016 ordine
930 1979 1071 2028 fossas,

148 2047 425 2097 cognoscitque
442 2045 550 2083 locos
567 2059 640 2097 per
661 2048 786 2083 amica
808 2047 963 2085 silentia
983 2049 1168 2086 lustrans.

147 2112 241 2151 hinc
258 2112 359 2150 redit
380 2111 432 2150 ad
451 2114 598 2151 socios:
631 2127 823 2165 magmun
842 2117 940 2166 petit
957 2115 1051 2153 inde
1068 2118 1313 2167 magistrum.

146 2181 304 2234 iamque
324 2193 395 2232 per
413 2181 641 2219 innumeras
664 2189 841 2219 evaserat
861 2184 947 2233 ipse
970 2190 1144 2221 catervas

35 2245 118 2292 405
145 2247 391 2300 praedonum
410 2248 648 2300 impavidus.
706 2257 918 2302 postquam
937 2253 1104 2288 tentoria
1125 2252 1244 2302 longe

146 2315 431 2354 Marmaridum
448 2316 571 2366 vidit,
605 2330 824 2370 saevaeque
844 2319 1020 2369 pericula
1040 2321 1168 2369 gentis

146 2396 227 2422 non
247 2397 450 2435 superesse
470 2386 570 2434 suis,
602 2391 639 2422 et
655 2387 805 2436 passim
828 2389 1019 2438 comperit
1038 2386 1173 2426 hostes

149 2449 350 2490 devastare
369 2453 495 2502 locos,
526 2454 681 2491 animus
702 2456 902 2505 consurgit
919 2456 961 2492 in
981 2457 1102 2505 iram3

150 2525 190 2556 et
206 2521 322 2557 sociis
341 2522 398 2558 sic
419 2534 530 2559 orsus
550 2522 619 2559 ait.
670 2517 732 2560 “si
753 2521 856 2559 dicta
875 2523 1047 2562 feremus

36 2641 107 2684 380
123 2640 280 2676 mandata
296 2642 329 2676 Τ
413 2642 483 2678 384
504 2643 608 2678 frixos
627 2646 662 2677 et.
678 2645 799 2678 naufur
819 2645 852 2679 Τ
938 2645 1004 2681 388
1028 2657 1065 2680 se
1079 2644 1187 2679 uirum
1207 2646 1240 2679 Τ
1327 2645 1395 2680 392
1418 2655 1493 2678 ma·-

38 2686 86 2720 ἡ
102 2685 137 2719 ‘1’
227 2685 296 2722 393
311 2687 423 2733 'prelia
440 2691 472 2722 '1'
487 2686 490 2693 '
571 2690 639 2724 395
663 2691 828 2726 mentibus
849 2691 882 2726 Τ
977 2692 1046 2727 399
1070 2698 1105 2726 et
1118 2692 1199 2726 add.
1216 2691 1257 2726 M
1347 2691 1414 2725 403
1436 2691 1491 2726 hic

37 2731 154 2766 retulit.
172 2732 206 2767 Τ
332 2732 418 2769 ibid.
439 2733 518 2769 iude
532 2736 616 2770 add.
633 2736 684 2771 M.
