1702 3060
260 649 724 720 CORNELH
786 651 1198 725 VALERH
1260 649 1675 746 VONCKH

673 785 1280 843 PRAEFATIQ

260 1032 351 1101 Est
378 1072 470 1097 sane
499 1060 689 1110 Corippus
712 1060 938 1108 Africanus,
967 1061 1035 1112 qui
1065 1060 1136 1098 sub
1162 1060 1309 1098 Iustino
1337 1057 1517 1099 Secundo
1543 1060 1682 1108 floruit,

261 1126 490 1163 excellentis
512 1127 668 1176 spiritus
686 1132 802 1178 poeta
819 1134 858 1164 et
877 1140 992 1178 supra
1011 1133 1179 1165 aetatem
1196 1126 1328 1165 doctus
1340 1157 1350 1176 ‚
1378 1140 1508 1179 neque
1524 1125 1684 1164 dubium

261 1199 321 1229 est
345 1194 462 1243 quin,
502 1194 535 1229 si
561 1195 603 1229 in
626 1194 780 1231 felicius
803 1193 1002 1231 incidisset
1027 1207 1188 1243 aevum,
1228 1196 1329 1231 inter
1357 1195 1550 1231 maximos
1578 1199 1685 1231 vates

259 1260 398 1295 fuisset
424 1259 701 1298 numerandus.
759 1260 829 1299 sed
854 1274 959 1298 nunc
988 1262 1228 1312 praeclaram
1249 1262 1360 1298 illam
1379 1267 1417 1298 et
1438 1259 1598 1297 divitem
1615 1273 1686 1297 ve-

260 1337 354 1360 nam
376 1325 520 1361 saeculi
540 1325 591 1363 ad
613 1327 833 1364 barbariem
853 1330 1047 1379 vergentis
1068 1329 1234 1379 corrupit
1252 1328 1412 1377 genius,
1442 1328 1550 1364 cuius
1567 1327 1686 1364 vesti-

262 1392 326 1439 gia
343 1397 386 1427 ut
403 1394 549 1442 egregii
566 1395 691 1443 operis
709 1393 873 1431 totidem
890 1407 1034 1431 naevos
1051 1395 1198 1444 passim
1216 1399 1395 1431 ostentat.
1452 1395 1604 1444 saepius
1625 1390 1688 1428 ta·-

261 1469 355 1492 men
384 1460 562 1506 generosi
594 1460 709 1496 oloris
741 1461 862 1497 instar
891 1460 1005 1496 altius
1038 1460 1234 1507 adsurgit,
1278 1467 1317 1497 et
1345 1461 1506 1497 lectores
1535 1471 1624 1496 suos
1647 1459 1689 1494 'm

263 1529 463 1573 stuporem
480 1523 620 1574 abripit
633 1554 643 1572 ,
673 1525 767 1560 talia
788 1531 880 1560 tunc
902 1526 1086 1574 temporis
1103 1524 1219 1561 scribi
1239 1526 1424 1574 potuisse.
1479 1522 1596 1575 quid!
1626 1525 1690 1560 in·

262 1590 472 1639 spiciamus
498 1594 632 1640 poetas
659 1591 767 1638 illos,
806 1592 873 1642 qui
902 1603 923 1626 a
951 1591 1200 1627 Constantino
1226 1597 1264 1627 et
1290 1590 1361 1627 sub
1390 1588 1622 1627 Theodosiis
1647 1601 1692 1628 ao

265 1662 402 1706 postea
431 1656 642 1694 floruerunt
667 1658 864 1708 vulgoque
887 1655 1094 1694 Christiani
1117 1655 1293 1694 audiunt.
1347 1669 1456 1693 mera
1475 1656 1530 1693 ibi
1551 1657 1692 1693 barba-

267 1725 367 1771 ries,
412 1724 445 1760 si
479 1722 684 1760 sedulium
713 1725 939 1761 Paullinum
968 1729 1006 1759 et
1034 1735 1177 1773 paucos
1213 1724 1312 1761 forte
1348 1723 1445 1760 alios
1479 1724 1692 1773 exceperis.

268 1789 459 1839 Corippus
481 1797 625 1841 quanto
645 1792 692 1827 iis
713 1791 850 1837 serior,
881 1796 988 1826 tanto
1011 1789 1235 1839 elegantior.
1293 1788 1505 1841 optandum
1519 1790 1692 1840 profecto

267 1862 312 1892 ut
330 1857 471 1906 scripta
491 1858 573 1893 eius
595 1855 645 1892 ad
666 1870 735 1893 nos
756 1858 905 1905 integra
923 1857 1201 1905 pervenissent.
1258 1855 1328 1894 sed
1346 1863 1384 1893 et
1399 1868 1541 1906 magna
1560 1867 1692 1894 eorum

268 1929 379 1972 parte
411 1922 676 1970 destituimur,
722 1929 760 1958 et
792 1923 932 1972 quibus
962 1924 1078 1959 etiam
1102 1936 1171 1973 per
1196 1929 1428 1960 vetustatem
1454 1920 1629 1960 invidam
1651 1923 1693 1958 iu

271 1986 376 2024 huno
400 1987 504 2025 diem
523 2002 724 2039 superesse
743 1990 870 2036 licuit,
900 1989 1026 2026 lacera
1048 1996 1085 2026 et
1105 1996 1239 2026 trunca
1255 1988 1462 2040 adparent,
1491 1987 1692 2039 Deiphobo

270 2055 483 2104 Virgiliano
511 2065 611 2105 pene
640 2054 920 2106 componenda.
977 2054 1098 2103 adde,
1127 2057 1304 2106 plurimis
1333 2058 1375 2092 in
1396 2057 1491 2093 loc1s
1511 2062 1594 2092 tam
1610 2061 1693 2091 tur-

271 2122 372 2171 piter
392 2135 435 2158 ac
456 2124 592 2172 supine
613 2135 655 2159 se
677 2121 828 2159 dedisse
848 2122 1044 2170 librarios,
1074 2129 1117 2159 ut
1137 2123 1349 2160 coniunctis
1371 2123 1481 2174 quasi
1501 2122 1693 2159 mentibus

272 2188 316 2225 in
342 2190 476 2226 miseri
503 2190 667 2225 auctoris
696 2189 907 2239 perniciem
932 2190 1078 2225 iurasse
1104 2188 1320 2227 videantur.
1375 2201 1448 2226 nec
1467 2189 1591 2239 potuit
1609 2187 1695 2224 effi-

277 2267 363 2291 cere
389 2255 664 2292 excellentium
682 2257 853 2293 virorum
869 2253 1058 2292 industria
1075 2262 1118 2292 ut
1143 2255 1323 2292 omuibus
1339 2253 1445 2292 hisce
1461 2254 1694 2292 medicinam

274 2321 447 2358 facerent
477 2334 604 2372 neque
633 2322 718 2359 aliis
746 2328 833 2372 post
862 2334 1032 2358 messem
1055 2322 1227 2371 ipsorum
1251 2327 1410 2358 restaret
1438 2322 1694 2371 spicilegium.

277 2385 416 2437 quodsi
442 2400 532 2425 vero
556 2393 663 2424 tanta
687 2389 844 2437 ingenia
863 2388 936 2426 sibi
953 2386 1059 2423 haud
1075 2387 1302 2425 indecorum
1317 2386 1570 2424 iudicaverint
1585 2386 1695 2422 labo-

277 2453 378 2487 ranti
395 2453 582 2503 Corippo,
618 2461 662 2491 ut
684 2461 836 2504 praesto
861 2459 962 2501 erat,
999 2467 1114 2503 opem
1130 2455 1252 2501 ferre,
1285 2452 1423 2504 quidni
1443 2464 1534 2502 ego,
1565 2452 1697 2502 pusilli

278 2516 413 2554 iudicii
440 2525 477 2555 et
506 2521 642 2556 aetatis
667 2518 896 2566 homuncio,
927 2532 950 2556 a
969 2532 1033 2555 me
1051 2532 1130 2556 non
1153 2521 1323 2556 alienum
1347 2518 1487 2555 ducam
1504 2524 1547 2553 ut
1563 2518 1696 2567 positis

278 2584 488 2634 paullisper
516 2585 813 2635 eleganfioribus
840 2584 890 2621 ad
915 2587 1046 2622 Musas
1068 2585 1308 2636 aliquantum
1327 2583 1486 2636 quidem
1505 2582 1696 2620 horridio-

279 2662 360 2698 res,
394 2664 466 2688 nec
496 2651 612 2701 plane
640 2658 772 2688 tamen
799 2651 983 2698 incultas,
1018 2649 1226 2699 divertam,
1262 2650 1541 2701 modulumque
1566 2663 1698 2686 meum

280 2715 331 2755 ad
349 2716 592 2757 exornandas
613 2730 679 2757 eas
700 2719 896 2757 conferam
906 2715 926 2755 ’ἔ
983 2717 1082 2754 bene
1105 2717 1198 2755 alibi
1219 2715 1421 2767 Barthius,
1451 2715 1499 2754 de
1518 2714 1593 2754 hoc
1613 2717 1698 2767 ipso
