1702 3060
249 119 342 164 336
650 119 858 163 JNOTAE
889 119 946 160 IN
980 118 1188 160 LIBRUM
1210 119 1231 160 Ι

249 239 346 277 quae
366 225 557 264 distinctio
576 225 824 261 metallorum
840 231 1015 261 naturam
1034 226 1230 274 exprimit.
1286 223 1516 263 Artemidor.
1538 224 1561 262 1
1579 222 1659 263 52&

247 279 289 320 τό
307 280 357 324 ,δὲ
379 283 433 327 εἰς
451 281 610 330 σίδηρον
630 277 876 330 μεταβάλλειν
898 278 1101 329 συμφοροῖς
1122 275 1308 329 ἀτλήτους
1319 280 1513 330 σημαίνει·
1543 278 1654 326 σιδη-

248 335 360 385 ρὲους
379 333 452 386 γοῖρ
476 334 632 384 λέγομεν
653 331 744 380 τούς
763 331 884 373 πολλοὶ
907 333 1007 373 κακὰ
1026 333 1302 386 ὑπομένοντας.
1359 333 1423 370 adi
1443 331 1652 369 Hesiodum

249 397 286 426 et
306 390 485 426 Ovidium
505 390 662 424 Metam.
687 392 722 428 1.
777 390 958 426 Demrsr.
1628 403 1634 411 ²

358 446 446 483 193.
502 435 556 478 ita
581 441 685 479 hunc
713 445 945 480 versiculum
971 443 1183 494 legendum
1201 444 1487 480 existimamus:
1517 441 1655 478 divinis

247 500 389 536 animis
406 497 514 535 dolor
535 497 601 533 ille
611 500 787 547 parentis
808 501 962 536 inerrat.
1022 502 1182 536 BAn'rn.
1368 499 1370 502 ’
1515 498 1518 500 ’
1641 509 1646 514 ·

358 553 450 594 195.
507 555 652 604 monet]
682 554 779 590 forte
797 562 931 591 movet.
964 556 1084 592 Rmz.
1140 554 1284 603 movet]
1315 553 1370 589 sic
1389 553 1484 589 iussi
1504 549 1655 598 excudi,

249 622 336 645 cum
352 616 463 646 antea
481 615 580 646 esset
602 616 739 645 monet.
797 610 977 646 Dmurs‘r.

360 665 450 705 196.
508 662 678 700 alludere
698 662 850 700 videtur
877 663 925 700 ad
951 664 1021 701 SS.
1037 664 1240 700 Trinitatis
1257 662 1483 712 mysterium
1499 673 1578 697 non
1597 661 1658 695 in—

251 722 446 768 eleganter
467 718 637 769 quidem,
668 717 737 755 sed
755 720 883 755 minus
902 720 1094 768 religiose.
1152 717 1247 769 quid
1270 718 1395 754 simile
1418 716 1535 753 habes
1559 713 1661 765 apud

249 776 466 811 Ausonium
489 772 645 823 Edyllio
670 775 707 812 1.
763 775 891 810 Focc.

363 831 452 869 198.
505 828 724 879 gallorum]
777 835 1053 864 nocturnarum
1087 828 1270 863 horarum
1303 827 1548 864 vocali-§.sima
1578 825 1662 861 avis

248 884 399 935 gallus.-
431 883 540 921 Suid.
562 885 603 919 iu
625 879 812 934 εὐφρόνη.
868 882 1037 920 Aclnnes
1055 883 1277 919 Oneirocrit.
1300 895 1332 918 c.
1353 881 1446 922 294.
1493 881 1664 918 Artemi-
1695 912 1700 915 ,

254 939 335 975 dor.
355 941 380 976 2
400 937 465 976 47.
498 939 606 972 Tull.
627 939 729 972 O'rat.
748 948 817 984 pro
835 940 880 970 L.
898 939 1081 970 Murena:
1112 940 1146 968 te
1160 935 1377 983 gallorum,
1405 935 1517 971 illum
1537 934 1666 971 bucci-

254 1005 394 1030 narum
414 998 550 1027 cantus
572 991 787 1026 exsuscitat.
838 991 892 1025 M.
914 991 1033 1026 Varro
1052 988 1141 1038 περὶ
1159 988 1381 1039 ἐγκωμίων.·
1420 986 1487 1022 ille
1504 989 1584 1023 ales
1601 989 1668 1037 qui

254 1045 466 1084 suscitabat
482 1046 623 1082 harum
641 1046 851 1081 fisus-arum
871 1046 1087 1092 scriptores,
1107 1057 1160 1079 an
1176 1043 1241 1078 liic
1258 1044 1352 1092 quia
1372 1042 1517 1092 (legere
1536 1042 1670 1078 malim

256 1101 340 1153 qui)
359 1114 516 1151 gregem
542 1099 782 1136 rabidarum.
843 1101 928 1136 avis
954 1099 1052 1134 lucis
1079 1099 1246 1134 Martiali
1274 1105 1331 1134 est
1360 1095 1410 1136 14
1436 1098 1556 1146 epigr.
1585 1097 1668 1143 ult.,

258 1156 453 1193 excubitor
472 1156 632 1204 Virgilio
650 1156 691 1190 in
711 1156 873 1190 Moreto.
906 1161 942 1190 et
958 1161 1110 1203 tempus
1125 1152 1225 1189 illud
1237 1153 1506 1202 gallicinium,
1534 1150 1670 1188 Isidor.

259 1212 284 1252 5
305 1214 369 1251 30.
427 1212 518 1246 licet
547 1208 596 1244 ad
615 1221 771 1245 sensum
787 1210 988 1258 vulgarem
1003 1208 1067 1245 hic
1086 1215 1218 1245 cantus
1243 1208 1434 1257 gallorum
1452 1219 1670 1243 accommo-

259 1266 343 1301 dari
366 1266 506 1314 possit,
545 1271 675 1300 tamen
694 1270 787 1313 puto
811 1264 933 1300 alludi
953 1263 1003 1300 ad
1017 1266 1241 1313 augurium,
1278 1261 1382 1314 quod
1410 1264 1598 1312 optimum
1623 1261 1670 1297 ab

258 1319 333 1356 hac
351 1331 420 1354 ave
443 1318 594 1355 desumi
617 1326 784 1366 constat,
829 1326 866 1355 et
886 1319 1038 1355 videtur
1054 1319 1095 1355 id
1111 1319 1210 1355 velle
1231 1325 1348 1354 acuta
1369 1330 1458 1354 voce
1472 1317 1668 1367 savorem.

260 1376 315 1410 sic
347 1373 605 1410 Themistocli
641 1375 682 1409 in
709 1375 882 1410 Xerxem
916 1373 1070 1410 ducenti
1114 1380 1215 1410 certa
1249 1374 1407 1409 victoria
1437 1371 1672 1418 denuntiata,

259 1429 367 1465 Tull.
394 1428 440 1465 de
463 1430 633 1465 Divinat.
663 1431 686 1467 2
702 1458 712 1475 ‚
751 1436 788 1465 et
804 1430 970 1466 Boeotiis
995 1431 1037 1465 in
1061 1428 1387 1465 Lacedaemonios
1414 1426 1672 1474 tendentibus,
1693 1432 1702 1434 “

259 1485 360 1520 Plin.
388 1486 436 1522 10
462 1486 527 1523 21.
587 1490 643 1519 est
663 1490 699 1518 et
715 1483 822 1520 aliud
840 1497 960 1534 genus
981 1485 1219 1534 aruspicinae
1241 1497 1290 1519 ex
1304 1483 1418 1533 gallis
1437 1481 1673 1531 desumptae,

261 1538 448 1575 Sarisber.
468 1539 650 1574 Policrat.
675 1541 693 1577 1
719 1540 767 1578 13
797 1552 849 1574 ex
873 1540 1056 1576 Suetonio
1077 1540 1210 1577 Tiber.
1237 1552 1270 1575 c.
1293 1537 1366 1584 143
1397 1543 1435 1573 et
1458 1550 1536 1574 non
1560 1538 1675 1573 omit-

259 1600 340 1629 tam
356 1593 703 1629 infortunatissima
724 1595 894 1643 auspicia
910 1606 931 1629 a
949 1594 1116 1643 gallinae
1134 1601 1246 1628 cantu
1265 1593 1365 1637 duci,
1384 1594 1542 1628 Terent.
1552 1590 1676 1628 Phor-

259 1649 389 1684 mione
409 1655 481 1684 act.
500 1647 525 1687 4
549 1660 601 1684 sc.
625 1647 670 1694 4,
707 1648 775 1683 ubi
793 1649 888 1684 Geta
908 1648 1086 1698 prodigia
1104 1650 1260 1697 nuptias
1277 1644 1528 1695 impedientia
1544 1659 1677 1682 recen·-

261 1709 332 1738 set.
389 1704 510 1739 risum
529 1709 660 1738 movet
679 1701 778 1738 mihi
796 1705 991 1740 Donatus:
1025 1704 1167 1754 anguis
1188 1716 1260 1751 per
1281 1701 1513 1750 impluvium
1541 1701 1678 1737 decidit

262 1757 309 1792 cle
327 1758 483 1805 tegulis,
511 1757 670 1806 gallina
691 1759 838 1794 cecinit.
900 1758 950 1795 ad
972 1772 1088 1810 quem
1104 1761 1221 1795 ritum
1233 1758 1350 1807 Apul.
1369 1757 1495 1792 Miles.
1513 1759 1560 1797 9:
1587 1754 1677 1806 gal-

264 1811 350 1847 lina
370 1824 445 1860 per
468 1812 635 1847 mediam
656 1815 846 1848 cursitans
877 1828 1009 1850 aream
1035 1814 1202 1850 clamore
1217 1813 1406 1863 genuino,
1443 1811 1551 1847 velut
1567 1823 1678 1847 ovum

258 1879 399 1914 parere
418 1867 603 1916 gestiens,
635 1867 888 1914 personabat,
919 1876 956 1904 et
984 1871 1113 1905 statim
1139 1869 1329 1917 pernicies
1353 1867 1525 1903 familiae
1553 1872 1677 1903 secuta

265 1927 335 1957 est.
394 1922 571 1957 Clemens
591 1921 802 1958 Alexandr.
823 1923 1004 1960 Stromat.
1029 1927 1067 1964 7.
1123 1925 1304 1960 DEMPST.

343 2000 347 2002 ἡ
374 1978 468 2016 202.
526 1975 726 2026 excubiae]
756 1978 910 2026 publica
947 1979 1052 2014 urbis
1089 1977 1260 2015 custodia
1299 1983 1484 2014 nocturna
1519 1975 1677 2013 arcendo

265 2029 446 2067 incendio
478 2031 572 2067 olim
601 2032 786 2067 excubiae
816 2031 1105 2086 (ἦμεροβίγλιου
1141 2033 1330 2083 curopal.)
1360 2031 1483 2078 dicta:
1525 2032 1677 2068 Paullus
1695 2038 1702 2043 ”

264 2086 313 2120 Ic
331 2085 400 2120 lib.
424 2088 444 2124 1
466 2084 506 2121 ff.
530 2085 576 2122 de
595 2086 695 2122 offic.
714 2088 836 2136 praef.
854 2090 959 2138 Virg.
982 2090 1079 2124 Aen.
1101 2090 1147 2127 9:
1177 2088 1363 2138 virgilum
1392 2086 1677 2124 excubiis'obsi

267 2139 355 2174 dere
365 2146 514 2187 portas.
575 2142 704 2190 imago
724 2143 805 2178 eius
826 2144 883 2178 rei
901 2145 940 2179 in
958 2144 1132 2180 Suetonii
1153 2145 1327 2192 Augusto
1347 2156 1379 2179 c.
1400 2146 1466 2183 23.
1494 2140 1677 2178 Artemid.

269 2196 294 2232 3
314 2195 379 2231 62.
437 2201 475 2229 at
500 2194 595 2229 mali
622 2197 835 2246 principes,
865 2200 1078 2235 ministerio
1105 2200 1275 2235 militum
1301 2196 1546 2248 tyrannidem
1573 2210 1677 2233 usur-

268 2253 418 2296 pantes,
448 2261 537 2284 suos
555 2251 739 2287 satellites
758 2251 1007 2290 hocnomine
1026 2261 1230 2300 vocarunt3
1260 2253 1364 2290 unde
1386 2251 1611 2290 cassiodoro
1640 2255 1677 2292 11

273 2315 333 2350 ep.
363 2303 410 2340 19
439 2309 692 2351 tyrannorum
719 2306 912 2344 excubiae.
974 2308 1175 2345 claudian.
1207 2308 1253 2345 de
1282 2307 1308 2348 4
1338 2310 1438 2344 Hon.
1466 2308 1667 2344 consulatu

272 2369 350 2391 non
372 2357 426 2391 sic
444 2357 623 2395 excubiae
639 2373 708 2396 nec
728 2362 1020 2400 circumstantia
1031 2364 1140 2413 pila,
1170 2377 1289 2414 quam
1305 2369 1454 2399 tutatur
1472 2376 1593 2399 amor.
1625 2362 1676 2399 fo·

272 2410 378 2446 ribus
392 2413 614 2461 principum
635 2416 829 2464 praefixae
848 2418 940 2454 illae
954 2447 963 2464 ,
1003 2426 1045 2454 ut
1073 2421 1309 2468 privatorum
1332 2419 1527 2455 ianitores.
1583 2416 1676 2454 iden

273 2464 321 2500 de
339 2464 444 2501 laud·
466 2466 617 2503 Stilich·
639 2472 687 2508 2:
716 2485 816 2519 quae
843 2473 1029 2509 vestibulo
1039 2473 1274 2523 sbribusque
1290 2480 1491 2522 potentum
1511 2472 1671 2510 excubat

273 2518 358 2555 dixi
374 2519 424 2555 ad
441 2520 540 2556 illud
557 2523 626 2558 lib.
641 2525 664 2562 3
687 2523 734 2560 de
754 2533 890 2575 raptu:
911 2535 955 2563 ut
973 2528 1107 2564 domus
1125 2526 1293 2564 excubiis
1313 2529 1547 2566 incustodita
1566 2539 1676 2564 remo-

274 2576 335 2610 tis.
395 2576 568 2625 Propert.
597 2576 622 2615 4
658 2581 693 2618 1.
736 2580 837 2616 infra
868 2584 891 2620 3
921 2583 1009 2622 165.
1067 2581 1165 2618 adde
1199 2583 1380 2620 excubias
1411 2591 1615 2621 nocturnas
1643 2583 1676 2617 ir.

274 2630 390 2666 sacris
408 2630 562 2667 Graecis
581 2632 796 2680 solemnes,
836 2637 943 2672 cuius
964 2638 1019 2672 rei
1039 2645 1170 2675 auctor
1189 2637 1420 2676 Anacharsis
1440 2638 1544 2690 apud
1559 2638 1676 2672 Hero-

278 2682 411 2722 dotum
428 2686 684 2736 Melpomene,
717 2695 753 2724 et
770 2691 965 2739 Romanis,
995 2692 1121 2729 Valer.
1145 2696 1165 2733 1
1186 2696 1213 2734 2
1241 2698 1285 2743 13
1316 2706 1392 2746 quo
1409 2706 1523 2732 sensu
1540 2692 1676 2740 accipit
