1702 3060
261 115 354 160 322
477 101 541 127 “’
678 115 1303 160 NOTAEINLIBRUMI·

261 226 407 275 cietque
430 225 517 272 lege
540 222 773 273 affligetque.
833 223 1066 260 lastinianus
1086 225 1263 261 Prooem.
1283 224 1402 262 instit.
1418 223 1565 275 princ-z
1593 224 1667 262 im-

253 280 491 329 peratoriam
526 278 762 314 maiestatem
794 291 872 314 non
903 278 1029 315 solum
1061 281 1182 315 armis
1217 279 1436 316 decoratam
1460 278 1530 315 sed
1555 279 1682 320 etiam*

258 333 474 371 LEGIBUS
496 339 639 380 oportet
654 346 731 369 esse
748 334 1021 370 ARMATAM.
1050 346 1143 371 sane
1164 341 1201 371 et
1217 341 1347 371 noster
1363 347 1478 372 versu
1493 334 1667 384 sequenti

259 388 387 425 addit:
429 386 597 422 barbara
615 389 814 424 Romanos
845 388 1045 438 augebunt
1074 388 1176 425 bella
1202 389 1432 439 triumphos,
1476 401 1678 439 regnaque·

258 443 328 479 sub
346 443 479 480 vestris
496 443 874 494 venientjbrtissima
888 444 1051 493 plantis.
1110 446 1266 483 VONcK.

366 500 432 537 61.
489 498 591 534 viros
608 498 739 548 legum
755 500 919 549 iniquos]
951 500 1126 537 similiter
1142 501 1200 536 illi
1220 498 1379 546 dictum,
1408 499 1504 535 iuris
1516 497 1672 548 religio-7

257 566 324 589 cus
338 551 402 589 vel
419 552 746 602 religiosissimus,
785 567 882 604 quae
903 561 960 590 est
978 555 1062 592 laus
1078 557 1320 605 imperatoris
1338 555 1459 591 Marci
1475 552 1578 604 apud
1594 552 1674 591 Pa-·'.

255 609 457 657 pinianum
478 608 547 644 lib.
571 610 622 647 67
649 606 670 659 ξ
690 609 762 645 ult.
784 610 834 646 D.
856 607 903 646 de
923 610 1040 659 legat.
1060 613 1087 650 2
1113 617 1150 647 et
1166 611 1422 647 lastinianum
1439 610 1482 646 in
1497 619 1671 659 prooem.

255 665 422 700 Institut.
478 664 599 699 Rrr'r.

364 717 417 754 ib.
478 719 598 767 ensis]
627 718 753 768 prisca
770 718 966 768 republica
983 720 1023 755 in
1044 720 1244 769 suppliciis
1264 719 1491 770 capitalibus
1506 730 1586 754 non
1602 729 1674 753 en-

255 774 307 811 sis
334 771 403 810 sed
428 774 585 809 securis.
642 773 712 809 sub
741 775 1036 823 imperatoribus
1064 774 1216 823 gladius
1241 773 1495 812 introductus.
1553 773 1674 811 critici

255 842 389 866 omnes
405 829 525 864 nostri
543 829 640 864 aevi.
689 829 891 866 Claudian.
914 827 961 865 de
982 829 1085 866 bello
1106 829 1286 866 Gildon.:
1317 831 1428 865 tertia
1449 830 1529 864 iam
1548 828 1674 863 cervix

255 884 365 920 solito
383 896 562 920 mucrone
579 890 735 921 rotetur.
796 891 834 920 et
864 883 912 920 de
947 882 973 923 4
992 886 1136 921 Honor.
1159 885 1381 922 consulatu.
1408 883 1558 933 gladiis
1580 881 1674 918 sub-

255 940 413 975 mittunt
433 939 534 975 colla
548 940 717 987 paratis.
778 946 815 975 et
834 945 921 989 post
943 938 1081 975 eodem
1098 940 1360 989 Panegyrico:
1402 951 1480 974 non
1503 938 1675 974 imminet

255 995 367 1030 ensis.
428 1001 465 1030 et
485 995 525 1030 in
540 994 684 1030 Ruffin.
708 996 750 1040 1,
780 994 847 1030 ubi
874 995 997 1030 multa
1020 993 1119 1030 mihi
1140 993 1241 1030 dicta
1266 1007 1317 1030 ex
1334 995 1383 1031 Ic
1410 1000 1448 1030 et
1468 993 1576 1029 aliis:
1602 1003 1675 1040 pro

253 1050 403 1086 saevior
425 1062 510 1085 ense
528 1048 723 1098 parcendi
746 1048 884 1084 table&
934 1050 1116 1086 Dmus‘r.
1174 1047 1312 1085 alludit
1349 1062 1394 1086 ea
1426 1061 1524 1099 quae
1559 1047 1675 1083 latius

253 1105 361 1154 leges
388 1102 414 1142 4
439 1102 511 1150 48,
552 1110 590 1138 et
620 1115 719 1153 quae
745 1103 920 1151 pluribus
950 1116 1145 1154 exponere
1180 1103 1311 1141 studui
1344 1107 1387 1142 in
1416 1103 1676 1140 Praefafione.

253 1160 382 1196 Foco.

364 1214 432 1253 66.
488 1211 619 1260 virgo]
649 1211 793 1260 pietas:
822 1224 915 1249 nam
942 1211 1048 1263 quod
1066 1214 1230 1251 Mariam
1252 1212 1555 1264 adscripserant,
1596 1223 1676 1248 non

254 1268 389 1317 probo.
447 1266 568 1302 Rrr'r.

365 1323 432 1363 68.
482 1321 629 1371 pulsu]
659 1321 747 1370 lege
772 1333 903 1370 passu.
960 1323 1117 1359 Voncx.

365 1378 431 1417 69.
462 1389 551 1413 cum
570 1375 620 1412 ad
636 1375 753 1412 finem
769 1375 885 1412 huius
907 1389 1040 1413 versus
1064 1377 1290 1426 imperfecte
1310 1389 1378 1414 eae
1395 1383 1547 1414 tantum
1567 1376 1679 1424 lege--v

256 1439 361 1470 retur
378 1433 419 1467 in
439 1445 520 1479 ms,
558 1444 629 1468 nos
661 1432 808 1467 catenis
839 1445 890 1467 ex
909 1434 1126 1468 coniectura
1149 1431 1501 1482 superaddidimus.
1556 1432 1677 1468 Rulz.

256 1489 393 1524 limina
410 1486 567 1524 aedium
584 1487 847 1536 imperialium
869 1487 1050 1524 cancellis
1072 1487 1371 1536 claudebantur,
1360 1500 1370 1509 ·
1399 1494 1491 1524 nota
1507 1499 1583 1523 res.
1612 1486 1678 1523 Si-

257 1543 349 1580 don.
368 1543 541 1591 Apollin.
563 1543 586 1580 1
617 1555 678 1591 ep.
699 1544 748 1581 2:
779 1541 932 1578 inclusa
951 1542 1047 1579 velis
1069 1542 1262 1593 (liuuna),
1301 1543 1458 1579 exclusa
1479 1541 1673 1579 cancellis.

256 1599 446 1647 interpres
466 1596 731 1634 doctissimus·
757 1609 834 1647 quo
851 1598 973 1634 refero
990 1597 1090 1634 illud
1103 1599 1243 1635 Iuliani
1261 1599 1446 1649 principis
1464 1597 1521 1645 εἰς
1541 1593 1680 1648 κάγκε-

257 1655 327 1692 λον
357 1652 505 1699 οἰκίας.
543 1648 595 1702 ἣν
623 1653 778 1719 κλείσῃς
804 1649 863 1703 μ’,
893 1649 1068 1719 α’νέῳγα,
1099 1653 1166 1693 καὶ
1190 1650 1243 1704 ἢν
1269 1653 1398 1708 οἴξῃς,
1426 1654 1588 1699 κλείσεις
1609 1660 1677 1701 με·

256 1711 363 1754 τοῖος
382 1704 459 1746 ἔων
479 1711 611 1758 τηρεῖν
630 1704 700 1746 σόν
723 1703 848 1758 δόμον
865 1722 912 1746 ου
934 1705 1119 1758 δύναμαι.
1175 1707 1245 1745 sed
1265 1708 1313 1745 de
1333 1710 1500 1756 catenis,
1540 1707 1680 1758 quibus

256 1763 355 1799 ostia
373 1763 663 1809 muniebantur,
702 1775 781 1798 non
798 1764 961 1799 memini
980 1777 1043 1800 me
1065 1764 1273 1815 quicquam
1292 1765 1456 1814 leg-isse,
1483 1763 1559 1799 nisi
1580 1763 1679 1798 forte

257 1818 439 1853 ianitores
470 1823 664 1853 catenatos
687 1815 863 1853 hocloco
883 1819 1161 1868 intelligamus.
1217 1820 1377 1856 Sueton.
1397 1818 1444 1856 de
1465 1811 1557 1855 clar.
1579 1816 1680 1854 rhet.

257 1874 304 1912 3:
334 1871 477 1907 dicitur
500 1873 658 1909 sert-isse
689 1878 806 1921 alque
835 1849 1033 1908 ostiarius&->
1043 1875 1162 1910 veteri
1183 1887 1285 1910 more
1303 1876 1346 1910 in
1367 1881 1522 1910 caterva
1531 1872 1676 1923 fuisse.

256 1925 438 1963 Budaeus
456 1926 482 1966 4
500 1929 523 1966 3
537 1955 547 1974 ,
588 1933 626 1962 et
656 1927 775 1962 critici
798 1925 847 1962 ad
866 1928 1021 1964 Petron.
1041 1927 1244 1965 Claudian.
1264 1931 1288 1968 3
1312 1927 1359 1964 de
1378 1935 1513 1979 raptu:
1545 1927 1681 1969 domus

259 1980 428 2018 excubiis
458 1981 692 2018 incustodita
721 1983 886 2018 remotis.
945 1983 1096 2019 Tibull.
1131 1984 1153 2021 1
1183 1985 1207 2022 6
1220 2012 1230 2030 ‚
1277 1982 1390 2020 Ovid.
1423 1985 1557 2020 Amor.
1593 1983 1615 2021 1
1641 1985 1680 2030 6,

258 2035 474 2073 cassiodor.
496 2038 546 2075 11
567 2035 633 2076 40.
671 2037 855 2074 Afranius
876 2036 979 2087 apud
995 2039 1186 2075 Nonium:
1216 2039 1388 2075 titinnc‘re
1408 2038 1681 2088 impedimenta

255 2092 431 2128 ianitoris
452 2091 583 2127 audio.
642 2092 823 2131 DEMPST.

364 2146 417 2182 ib.
480 2145 528 2182 de
553 2147 781 2184 ianitoribus
809 2148 992 2185 catenatis
1014 2148 1200 2198 exposui,
1241 2146 1312 2186 sed
1327 2159 1556 2199 perperam:
1588 2160 1682 2184 nam

259 2213 365 2238 serae
393 2202 639 2252 antiquorum
665 2203 834 2252 pensiles
867 2210 973 2241 erant
1000 2204 1234 2240 transmissis
1262 2204 1424 2251 catenis,
1465 2216 1560 2255 quas
1578 2204 1680 2253 posti

258 2255 502 2303 inserebant,
541 2263 584 2293 ιιι
605 2270 694 2293 cum
711 2259 850 2294 ianuae
868 2264 996 2294 essent
1014 2257 1265 2308 aperiendae,
1305 2272 1326 2295 e
1349 2260 1511 2305 catenis,
1542 2258 1680 2309 quibus

259 2308 533 2358 inhaerebant,
568 2325 677 2348 serae
705 2314 986 2361 eximerentur,
1023 2314 1140 2363 longe
1166 2314 1242 2350 alio
1265 2314 1340 2350 ritu
1361 2326 1478 2364 quam
1492 2314 1572 2349 iam
1587 2313 1680 2350 fiat·

259 2377 353 2401 nam
373 2378 480 2402 serae
502 2367 716 2415 priscorum
736 2369 990 2419 exemptiles,
1017 2375 1171 2405 nostrae
1191 2368 1306 2405 fixae.
1343 2369 1548 2405 Turnebus
1571 2369 1622 2407 19
1639 2371 1680 2408 7.

259 2418 443 2457 Ovidius:
473 2427 552 2456 tota
564 2429 678 2470 patet
695 2423 850 2473 dempta
869 2426 991 2460 ianua
1009 2431 1140 2460 nostra
1157 2437 1254 2460 sera.
1291 2429 1330 2458 et
1348 2423 1450 2460 Fast.
1472 2425 1518 2463 1:
1547 2429 1584 2458 et
1600 2424 1681 2459 iam

259 2476 501 2525 contigerant
508 2483 682 2524 portam,
707 2479 896 2515 Saturnia
914 2481 1024 2516 cuius·
1042 2479 1258 2527 dempserat
1275 2479 1474 2527 appositas
1489 2477 1681 2515 invidcosa

261 2543 380 2566 seras.
437 2529 545 2566 idem
562 2533 695 2567 Amor.
721 2534 743 2571 1
769 2535 808 2572 6.
863 2536 962 2571 Non.
991 2536 1034 2571 in
1051 2532 1293 2582 patibulum.
1352 2534 1508 2570 Petron.
1525 2533 1678 2584 Satyr.:

262 2585 357 2622 dum
376 2584 586 2635 loquimur,
615 2599 700 2622 sera
715 2600 788 2623 sua
805 2595 938 2636 sponte
955 2589 1117 2637 delapsa
1133 2589 1285 2633 cecidit,
1321 2588 1567 2639 reclusaeque
1585 2587 1680 2624 sub-

263 2641 314 2676 ito
322 2639 446 2690 soree.
507 2647 545 2676 et
562 2640 611 2677 ad
626 2642 735 2678 illam
754 2642 1072 2680 consuetudinem
1087 2644 1231 2692 allusit,
1256 2650 1299 2681 ut
1319 2649 1427 2694 puto,
1456 2645 1628 2696 Propert.
1652 2641 1679 2682 4

268 2697 339 2735 12:
371 2702 409 2730 et
422 2696 549 2733 iaceat
569 2698 687 2733 tacita
707 2697 822 2746 lapsa
840 2705 977 2735 catena
995 2712 1092 2735 sera.
1153 2701 1213 2736 In.
