1702 3060
224 122 319 169 452
482 129 486 133 ’
622 123 804 167 NOTAE
835 121 893 164 IN
924 121 1136 165 LIBRUM
1165 121 1229 164 Iv

226 229 476 270 Plutarchum
510 227 558 266 de
589 228 783 267 vindictae
811 228 965 267 divinae
1000 228 1200 275 tarditate,
1243 226 1291 265 de
1321 228 1440 265 Besso
1467 228 1635 287 quodam

226 286 426 348 parricida.
482 287 607 321 Minos
639 284 690 321 ad
714 286 855 322 Alciati
881 285 998 321 embl.
1017 288 1082 325 70.
1138 286 1284 321 Auson.
1305 282 1482 333 ephema
1507 286 1638 333 strepit

228 343 335 378 lectis
364 343 432 389 u'g
410 340 513 375 ailam
539 339 594 375 Ιιί]
596 340 720 376 ·.und0
778 341 944 377 Martial.
978 342 998 379 1
1031 339 1105 379 54:
1147 338 1355 375 multisona
1371 338 1505 388 servet
1531 351 1638 375 sacer

229 396 364 433 Attide
385 395 508 430 lacus.
567 396 749 432 DssMPsr.

340 471 435 511 253.
461 471 676 520 senesiras,
693 471 783 521 quia
805 466 905 520 αὐτή
922 467 952 520 ἦ
967 466 1127 520 χελιδών
1147 464 1369 520 ὁμωρόφιος
1381 467 1478 520 ἡμῖν
1495 472 1641 510 διαιτᾶ-

232 542 312 573 ται,
342 528 395 561 ait
421 524 610 561 Artemid.
635 529 662 565 2
688 527 755 565 71.
809 525 944 574 Virgil.
972 525 1112 573 Georg.
1140 522 1185 563 4:
1221 530 1311 559 ante
1330 524 1497 573 garrula
1524 539 1644 575 quam

232 582 349 631 tignis
366 580 502 616 nidum
517 580 727 629 suspendat
742 580 923 616 hirundo.
985 586 1065 615 erat
1082 580 1182 615 inter
1199 578 1374 628 symbola
1389 578 1643 630 Pythagorae,

233 644 275 672 ut
295 636 409 671 lefort
429 637 477 670 D.
498 637 780 685 Hieronymus.
814 634 885 671 sub
904 634 1032 671 eodem
1051 640 1144 669 tecto
1163 633 1410 669 hirundinem
1426 647 1474 670 ne
1491 633 1644 679 habeto,

234 692 325 742 quia
348 697 390 726 ut
416 689 640 726 hirtmdines
663 691 806 726 aestivo
824 696 998 739 tempore
1018 687 1175 735 adsunt,
1204 686 1334 724 hieme
1353 687 1563 736 decedunt,
1592 690 1646 726 ita

234 746 349 781 amici
376 745 547 781 simulati
576 745 867 781 contubernium
892 749 1044 781 servant
1072 741 1257 793 quamdiu
1285 755 1345 779 res
1372 744 1415 779 in
1437 717 1646 795 tranquillo

235 806 344 845 sun·‚t
374 805 527 836 vertunt
557 806 687 847 terga,
726 801 761 835 si
790 797 886 848 quid
909 799 1094 836 turbetur.
1150 804 1282 834 auctor
1315 795 1365 833 ad
1395 799 1647 835 Herennium.

239 854 405 903 denique
425 855 590 903 Oppiani
609 854 737 890 Cilicis
755 853 861 890 locus
882 860 940 890 est
958 852 1006 888 de
1028 864 1158 888 amore
1178 853 1259 888 eius
1278 852 1319 887 in
1337 852 1451 900 fetus,
1478 854 1648 892 Halieut.

240 913 286 950 1:
315 906 362 959 ἠὲ
391 907 457 947 καὶ
490 909 682 962 εἶαρινῇσι
707 904 898 958 χελιδόσιν
923 904 1034 959 ἐγγυς
1054 905 1186 958 ἔκυρσε
1205 905 1436 956 μυρομέναις
1458 903 1503 946 §a
1523 906 1648 947 τέκνα.

241 964 454 1030 εἷαρινῇσι,
484 962 590 1013 quod
608 965 689 999 eius
707 962 893 999 adventus
909 975 977 999 ver
993 963 1132 1010 signet.
1188 959 1390 1010 811111.μία
1405 958 1565 1012 χελιδὼν
1583 961 1651 1013 ἔαρ

239 1014 286 1058 ου’
312 1022 427 1056 ποιεῖ.
484 1017 574 1054 vide
601 1017 797 1054 eundem
788 1031 826 1052 111
847 1016 916 1055 νέα
935 990 1115 1066 χελιδῦῶν,
1145 1022 1182 1051 et
1212 1013 1440 1064 adagiorum
1470 1017 1652 1053 collecto-

240 1085 320 1120 r3es
351 1085 427 1123 quo
458 1085 572 1109 sensu
601 1071 700 1108 dixit
727 1069 994 1108 Claudianus
983 1083 1026 1107 111
1046 1071 1207 1119 Eutrop.
1235 1072 1255 1108 1
1284 1069 1498 1107 brumalem
1515 1071 1654 1108 ltinm-

239 1129 387 1175 clinem.
412 1134 455 1162 ut
483 1132 691 1176 opponeret
718 1139 871 1162 vernae.-
901 1125 1048 1162 arboris
1070 1125 1286 1160 immoritur
1311 1131 1444 1161 trunco
1467 1124 1656 1162 brumalis

244 1182 421 1218 hirundo.
480 1181 582 1216 Plin.
615 1182 666 1220 10
694 1179 748 1220 24
775 1181 858 1216 vult
886 1181 928 1216 in
954 1180 1099 1216 vicinos
1128 1179 1316 1215 montium
1341 1192 1508 1216 recessus
1533 1179 1657 1226 abire,

241 1236 371 1285 ibique
389 1235 602 1270 delitescere
620 1241 698 1270 tola
713 1235 834 1271 hieme
853 1234 982 1271 nudas
996 1233 1286 1282 implumesque.
1317 1247 1320 1250 ’
1343 1235 1509 1274 Martial.
1528 1235 1553 1276 5
1582 1237 1656 1275 68:

243 1290 419 1327 hibernos
432 1297 605 1338 peterent·
621 1289 730 1325 solito
749 1302 837 1325 cum
854 1302 957 1326 more
975 1300 1142 1324 recessus
1159 1287 1360 1333 Atthides,
1388 1289 1431 1325 in
1455 1289 1557 1326 nidis
1577 1302 1659 1327 una

243 1346 428 1381 remansit
449 1358 500 1380 αν
501 1346 547 1380 is.
607 1346 722 1381 DEMP
727 1356 791 1381 ST.

355 1413 449 1449 260.
495 1411 584 1460 flac,
570 1410 712 1460 citant]
741 1422 819 1446 nou
838 1408 980 1459 patitur
1001 1408 1097 1445 ratio
1117 1409 1310 1447 carminis.
1364 1409 1451 1460 lege
1470 1410 1662 1460 rogitant-

246 1479 320 1514 que
356 1471 421 1500 aut
459 1464 608 1515 aliquid
631 1465 772 1502 simile.
829 1470 931 1500 totus
959 1461 1024 1500 hic
1053 1464 1161 1500 locus
1192 1477 1396 1514 expressus
1426 1471 1484 1502 est
1516 1477 1539 1500 a
1563 1465 1663 1502 Iulio

245 1522 430 1556 Montano
463 1518 537 1570 (de
566 1532 665 1570 quo,
694 1525 875 1570 utputo,
905 1517 1064 1555 Ovidius
1085 1517 1132 1554 de
1152 1519 1275 1556 Ponto
1293 1517 1319 1558 4
1353 1519 1428 1568 16)
1456 1518 1543 1555 nolo
1562 1521 1665 1556 ami-

248 1576 340 1610 cilia
381 1574 523 1610 Tiberii
551 1581 587 1609 et
607 1575 777 1625 frigore.
835 1572 956 1610 habes
985 1574 1247 1622 fragmentum
1275 1572 1379 1624 apud
1395 1574 1584 1611 Senecam
1602 1587 1664 1624 ep.

250 1633 351 1677 122:
389 1630 470 1665 iam
497 1630 615 1665 tristis
641 1629 808 1665 hirando
834 1628 986 1678 argutis
1009 1628 1183 1664 reditura
1209 1627 1312 1665 cibos
1340 1629 1540 1665 immittere
1563 1629 1667 1665 nidis

250 1685 412 1732 incipit,
454 1690 489 1720 et
517 1683 628 1720 molli
650 1685 816 1734 partitos
841 1696 904 1719 ore
929 1683 1134 1719 ministrat.
1192 1684 1296 1719 Pliu.
1324 1685 1375 1723 10
1403 1683 1478 1724 35:
1516 1684 1558 1720 in
1571 1683 1668 1734 filu

251 1752 404 1774 summa
447 1740 639 1789 aequ-itale
679 1739 877 1774 alternant
919 1737 1076 1788 (noster
1113 1737 1311 1774 distribuit
1347 1741 1477 1788 escas)
1522 1736 1684 1780 cibum„

251 1795 385 1829 Iuven.
414 1796 485 1832 10:
516 1793 601 1828 hiat
617 1800 786 1838 tantum,
813 1806 880 1828 seu
891 1792 1032 1841 pullus
1050 1791 1289 1837 hirundinis,
1317 1792 1374 1829 ad
1389 1805 1502 1842 quem
1520 1805 1583 1829 ore
1599 1805 1669 1830 νο-

253 1847 311 1882 lat
329 1848 449 1896 pleno
477 1854 600 1883 mater
623 1849 765 1884 ieiuna.
826 1860 924 1897 quae
947 1860 999 1883 ex
1015 1848 1092 1883 illis
1110 1854 1325 1884 mutuatus·
1314 1846 1479 1884 ·videtur
1504 1848 1668 1898 Oppian.

254 1902 359 1938 Cin
377 1904 400 1940 3
421 1902 649 1941 Halieuticst
679 1897 892 1950 απτήνεσσι
911 1899 1022 1952 φέρει
1041 1898 1151 1951 βόσιν
1169 1897 1397 1951 ὄρταλίχοισι
1414 1898 1562 1952 μήτηρ,
1589 1901 1671 1942 εἷα-

255 1953 344 2006 ριυή
378 1952 546 2007 ζεφύρου
574 1953 840 2008 πρωταγγελος
868 1953 990 2005 ὅρνις.
1023 1957 1206 1992 DEMPST.
1277 1969 1364 1992 cum
1387 1957 1433 1992 in
1455 1957 1579 2006 poetis
1606 1969 1670 1993 se-

255 2012 403 2060 quioris
443 2012 529 2047 aevi
560 2023 639 2047 non
673 2011 844 2048 insolens
877 2011 927 2046 sit
952 2011 1124 2046 invenire
1155 2011 1400 2047 immutatam
1435 2010 1673 2061 syllabarum

258 2066 534 2115 quantitatem,
570 2066 730 2102 verebar
757 2065 952 2112 sufficere,
991 2063 1175 2101 suadente
1206 2066 1454 2115 Dempstero,
1483 2066 1675 2115 rogitant-

259 2133 345 2169 que.
405 2119 522 2157 modo
539 2132 630 2157 vero
654 2119 935 2157 restituendum
953 2125 1047 2168 puto
1057 2120 1315 2170 flagranlque
1334 2119 1434 2164 cibo,
1464 2119 1568 2170 quod
1588 2132 1674 2156 ma-

259 2175 411 2209 ximam
429 2175 504 2211 cibi
523 2174 747 2212 aviditatem
765 2175 960 2224 eleganter
977 2175 1172 2224 exprimit.
1229 2176 1284 2211 sic
1301 2188 1371 2225 per
1383 2174 1674 2212 translationem

249 2229 431 2278 flagrare
454 2229 682 2266 libidinibus
697 2231 850 2280 scripsit
868 2230 975 2268 Suet.
999 2228 1048 2265 de
1067 2230 1114 2265 cl.
1135 2230 1197 2268 Gr.
1214 2231 1279 2269 23.
1333 2230 1461 2266 Foco.

370 2297 463 2332 262.
519 2296 590 2331 sed
612 2294 687 2332 hoc
715 2295 801 2333 loco
828 2308 898 2346 pro
927 2301 964 2331 et
984 2296 1245 2344 reposuimus3
1277 2295 1344 2346 qui
1373 2294 1504 2344 lapsus
1529 2291 1674 2330 descri-

260 2348 367 2384 benti
387 2348 543 2385 librario
565 2350 679 2386 facile
700 2352 920 2400 contingere
939 2351 1074 2399 potuit.
1131 2351 1250 2386 Rmz.

372 2411 466 2453 264.
523 2413 599 2451 duo
628 2417 958 2464 praestantissima
985 2416 1090 2466 pacis
1118 2427 1233 2464 opera
1254 2413 1408 2463 reliquit
1427 2412 1674 2459 Iusfinianus,

264 2467 406 2518 quibus
443 2469 504 2505 sui
545 2471 713 2507 nominis
749 2472 978 2508 memorIam
1018 2471 1087 2506 toti
1127 2469 1338 2519 posteritati
1380 2466 1676 2505 commendavit.

264 2535 387 2558 uuum
415 2530 474 2560 est
501 2524 686 2573 templum
712 2524 903 2574 Sophiae,
933 2523 1038 2575 quod
1065 2523 1215 2561 Christo
1249 2523 1395 2559 aeterni
1422 2523 1542 2573 patris
1564 2533 1680 2558 coae-

265 2583 396 2613 ternae
417 2578 626 2628 sapientiae
645 2577 852 2616 dedicavit.
909 2580 1072 2616 alterum
1093 2585 1149 2616 est
1166 2590 1304 2627 corpus
1319 2578 1432 2622 iza-is,
1464 2577 1572 2614 cuius
1589 2576 1679 2626 pul-

267 2629 496 2670 cherrimam
511 2641 682 2684 partem,
711 2633 890 2672 videlicet
911 2634 1149 2679 Pandectas,
1179 2633 1263 2683 ipse
1279 2633 1563 2670 sanctissimum
1579 2637 1680 2669 tem—
