1702 3060
221 105 315 150 388
648 105 832 147 NOTAE
862 104 922 146 IN
946 104 1157 148 LIBRUM
1179 105 1220 148 11

220 225 312 250 eum
329 209 604 263 explicandum
621 211 761 249 institit
777 212 854 259 via,
884 223 972 248 cum
991 212 1127 249 ceteris
1147 211 1356 250 aberrasse.
1390 213 1522 266 itaque
1540 214 1634 252 nul·
1699 243 1702 247 ,

219 269 371 305 latenus
399 279 551 314 cursor,
588 265 658 303 sed
680 267 846 317 populus
874 267 918 303 in
947 267 1045 304 circo
1070 267 1253 304 collectus
1275 266 1472 304 lacernam
1494 270 1634 319 posuit,

221 325 330 360 cuius
347 323 465 358 moris
485 327 624 358 testem
643 320 768 358 habeo
789 322 1019 360 Suetonium
1037 320 1173 359 Claud.
1195 335 1228 359 c.
1246 324 1285 370 6,
1316 322 1384 359 ubi
1398 329 1442 359 nt
1458 335 1636 374 compro-
1700 342 1702 353 ι

220 379 288 414 bet
309 375 470 413 Claudio
489 389 690 428 nunquam
707 384 773 414 aut
791 377 963 414 officimn
979 376 1185 414 hominum
1203 383 1269 413 aut
1291 377 1547 415 reverentiam
1562 391 1638 428 pu-

221 433 366 469 blicam
386 429 574 479 defuisse,
622 434 775 469 etiamsi
801 430 851 468 ad
883 433 1006 470 otium
1034 433 1285 470 concessisset
1313 438 1352 469 et
1378 433 1572 470 ebrietatis
1602 439 1642 471 et

223 488 332 523 aleae
361 482 515 537 quoque
538 487 742 524 infamiam
759 488 927 534 subiret,
966 488 1173 524 Suetonius
1199 485 1274 524 hoc
1300 494 1509 536 memprat,
1539 488 1643 538 quod

223 541 315 578 ordo
335 549 505 592 equester
520 543 749 592 spectaculis
766 543 987 579 advenienti
995 555 1198 593 assurgere
1214 549 1251 578 et
1267 542 1443 579 lacernas
1459 543 1643 592 deponere

223 596 382 634 solebat.
441 603 647 648 utrumque
665 611 815 634 morem
834 604 918 634 tum
937 597 1165 647 assurgendi
1179 604 1265 634 tum
1284 596 1504 648 deponendi
1517 599 1643 635 lacer-

224 664 316 699 nas,
356 659 398 688 ut
418 665 521 688 nunc
538 654 706 702 pileum,
745 652 890 688 indicat
911 654 1122 703 Corippus3
1164 659 1202 689 et
1231 653 1322 703 quia
1351 652 1453 689 hanc
1483 653 1644 691 alteram

223 706 383 744 honoris
399 709 568 757 speciem
585 709 780 744 Ferrarius
799 708 845 744 de
862 720 902 743 re
920 714 1013 744 vest.
1033 710 1060 747 2
1086 710 1105 747 1
1128 709 1180 748 39
1199 707 1246 743 ab
1268 721 1345 745 uno
1363 708 1547 746 Suetonio
1570 709 1644 746 sibi

226 761 438 798 iudicatam
457 761 568 811 dicit,
598 776 647 799 en
662 762 779 800 modo
802 763 1011 812 Corippum
1028 761 1149 800 habes
1169 761 1285 800 huius
1302 764 1422 800 moris
1444 763 1565 800 alium
1584 770 1646 801 te-

225 823 339 854 stem.
395 818 523 855 Fooc.

337 871 431 913 294.
488 871 596 909 haud
624 885 754 909 moror
774 871 901 908 dicere
923 872 1037 923 quale
1058 872 1333 910 vestimentum
1352 879 1452 910 esset
1472 872 1647 920 lacerna5
1678 898 1683 900 -

228 925 300 964 sed
317 928 409 979 quia
426 928 580 978 pluviae
601 940 644 964 ac
661 928 815 976 frigoris
837 939 964 973 causa,
995 928 1223 976 praesertim
1241 928 1283 964 in
1299 925 1449 964 theatro
1469 940 1514 965 ac
1531 927 1649 966 ludo-

229 995 317 1019 rum
357 983 585 1032 spectaculis
598 1010 608 1028 ‚
657 983 854 1018 lacernam
891 980 1166 1031 superinduere
1203 983 1370 1018 Romani
1405 994 1649 1031 consuevere,

230 1036 516 1074 animadvertas
545 1037 665 1073 velim
683 1038 894 1086 Corippum
911 1049 994 1072 rem
1012 1049 1188 1073 enarrare
1209 1049 1307 1088 quae
1325 1037 1427 1074 facta
1444 1044 1502 1075 est
1518 1051 1651 1076 mense

229 1093 452 1130 Novembri.
507 1093 635 1129 Foco.

341 1147 436 1188 295.
491 1146 684 1196 iucunda]
715 1144 790 1182 hoc
807 1152 864 1182 est
879 1145 1043 1191 hilaria,
1070 1145 1308 1191 iocabunda,
1335 1145 1452 1184 laeta.
1512 1150 1654 1186 iucun-

234 1200 319 1239 dari
348 1204 453 1238 enim
478 1201 553 1238 hoc
578 1214 700 1251 genus
727 1201 975 1251 scriptoribus
1002 1201 1106 1238 valet
1125 1202 1272 1237 laetum
1294 1200 1536 1254 hilaremque
1556 1216 1654 1251 esse,

234 1264 276 1294 et
297 1259 351 1293 ita
368 1258 409 1294 iu
429 1269 543 1294 voces
561 1269 673 1307 pares
688 1257 726 1292 ei
742 1255 897 1292 affectui
913 1269 1127 1306 erumpere.
1183 1257 1373 1294 Pacianus
1390 1259 1654 1296 Paraenetico:

237 1313 394 1349 tristitia
414 1312 670 1356 iucunditate,
698 1313 886 1360 asperitas
904 1311 1060 1347 lenitate
1075 1311 1298 1348 emendatae
1306 1311 1532 1361 proficiunt.
1572 1315 1657 1351 Eu-

237 1368 366 1417 logius
393 1367 463 1405 lib.
495 1370 515 1408 1
548 1367 785 1404 Memorialis
814 1366 1064 1403 Sanctorum:
1112 1379 1200 1417 ergo
1225 1365 1319 1402 libet
1340 1366 1453 1412 mihi,
1488 1368 1658 1418 fiatres,

232 1422 448 1472 paululum
466 1422 717 1459 iucundantis
733 1434 836 1457 more
856 1420 962 1471 loqui
979 1420 1193 1466 vobiscum,
1232 1428 1268 1457 et
1285 1434 1362 1471 pro
1387 1423 1547 1460 caritate
1571 1437 1660 1460 ver-

240 1476 373 1514 bosum
382 1506 399 1523 ,
439 1491 553 1529 quem
582 1491 627 1514 ex
653 1476 852 1514 dilectione
883 1476 1027 1513 Christi
1055 1478 1210 1513 cernitis
1236 1477 1280 1512 in
1305 1475 1487 1515 laudibus
1515 1480 1662 1516 versari
1701 1509 1702 1514 ,

237 1540 473 1571 sanctorum.
532 1534 695 1570 BAn‘rn.

349 1590 444 1630 296.
497 1587 677 1639 herilem]
709 1587 811 1624 infra
828 1585 853 1626 4
875 1588 953 1627 368
984 1585 1052 1623 diu
1069 1587 1176 1623 nulla
1199 1587 1242 1623 in
1261 1587 1492 1638 spectaculis
1516 1587 1662 1626 discre-

243 1643 320 1690 tio,
351 1643 421 1680 sed
445 1645 663 1694 promiscue
690 1643 832 1692 vulgus
862 1654 951 1679 cum
979 1648 1116 1678 senatu
1145 1640 1286 1678 iisdem
1310 1642 1494 1693 gradibus
1523 1642 1663 1682 sedens

243 1699 454 1749 spectabat.
513 1698 667 1736 discreti
688 1705 822 1748 postea
840 1698 886 1734 ab
907 1697 1156 1746 optimatibus
1173 1697 1326 1747 plebei,
1356 1705 1395 1734 et
1411 1697 1500 1735 data
1514 1697 1664 1736 ordini-

244 1754 318 1790 bus
338 1766 407 1790 sua
427 1753 594 1804 dignitas
606 1783 615 1801 ,
655 1755 701 1790 P.
722 1753 914 1803 Scipionis
932 1753 1104 1788 Africani
1124 1754 1282 1790 maioris
1302 1754 1503 1790 consulatu
1523 1767 1664 1791 secun-

247 1807 310 1854 do,
339 1811 504 1859 septimo
526 1822 626 1846 anno
645 1814 733 1858 post
755 1807 969 1845 secundum
985 1808 1132 1844 bellum
1148 1809 1354 1845 Punicum.
1389 1809 1545 1847 Tullius
1569 1810 1666 1846 Cor-

245 1863 423 1911 neliana,
448 1865 576 1902 Valer.
594 1865 702 1899 Max.
723 1866 750 1902 2
773 1866 808 1902 1.
865 1862 971 1899 sedes
988 1875 1102 1912 porro
1123 1862 1256 1899 herilis
1273 1864 1380 1900 locus
1401 1870 1459 1900 est
1476 1865 1549 1901 soli
1567 1865 1667 1901 eae-

246 1919 325 1955 sari
357 1932 573 1956 concessus.
626 1917 789 1968 podium
813 1917 983 1967 appellat
1000 1918 1207 1954 Suetonius
1222 1918 1263 1953 in
1280 1920 1431 1954 Nerone
1453 1921 1516 1966 12,
1545 1919 1667 1969 Spar-

247 1975 342 2010 tian.
369 1975 411 2010 in
439 1975 595 2012 Severo.
652 1975 786 2010 Iuven.
815 1975 861 2019 2,
900 1978 944 2008 ut
965 1979 1114 2009 taceam
1136 1973 1377 2020 Vitruvium,
1416 1972 1594 2012 omnibus
1614 1974 1672 2011 ad

243 2028 410 2079 podium
424 2027 696 2080 spectantibus,
754 2029 938 2064 Dsmrsr.

359 2086 454 2126 299.
513 2084 707 2135 egreditur
733 2096 822 2118 cum
844 2082 930 2118 luce
948 2084 1040 2132 sua]
1071 2081 1427 2131 elegantissimum:
1455 2083 1536 2120 dies
1563 2084 1670 2120 enim

252 2139 391 2176 clarior
418 2139 502 2176 fieri
531 2139 685 2176 videtur
713 2144 851 2174 exortu
877 2138 984 2174 velut
1016 2138 1214 2188 principis.
1271 2137 1327 2174 sic
1356 2137 1592 2175 Claudianus
1621 2137 1670 2174 de

252 2193 491 2233 Stilichone:
528 2195 666 2233 sideris
693 2194 816 2230 instar
842 2194 996 2230 emicuit
1025 2191 1251 2229 Stilichonis
1282 2205 1395 2242 apex.
1453 2195 1508 2230 sic
1537 2195 1671 2230 Livius

252 2250 393 2285 exoriri
408 2250 552 2299 equites
569 2249 781 2287 auxiliares
797 2248 955 2298 afflictis
980 2247 1080 2285 dixit
1100 2248 1169 2284 lib.
1191 2249 1257 2287 29.
1313 2249 1368 2284 sic
1389 2249 1493 2284 enim
1516 2254 1559 2284 ut
1583 2261 1674 2284 cae-

252 2303 362 2341 lestis
393 2305 533 2355 aliquis
566 2306 695 2355 fulgor
720 2305 762 2340 in
791 2305 977 2354 principis
1007 2302 1176 2340 adventu
1205 2303 1421 2352 suspicitur.
1488 2304 1675 2352 Papinius

253 2359 343 2396 silv.
363 2358 389 2398 4
409 2361 611 2397 consulatu
631 2362 679 2399 17
697 2360 932 2396 Domitiani:
971 2359 1236 2409 insignemque
1262 2358 1388 2406 aperit
1420 2357 1676 2395 Germanicus

252 2427 421 2459 annum,
454 2422 570 2465 atque
592 2416 715 2452 oritur
731 2428 820 2450 cum
837 2413 914 2451 sole
931 2427 1047 2459 novo,
1084 2426 1171 2450 cum
1187 2411 1406 2463 grandibus
1423 2413 1555 2458 astris,
1590 2413 1676 2449 cla-

255 2470 338 2506 rius
367 2470 448 2519 ipse
474 2471 598 2507 nitens
629 2477 666 2505 ez·
695 2471 823 2520 primo
850 2470 976 2507 maior
1002 2469 1096 2506 Eoo.
1156 2468 1409 2504 Mamertinus
1439 2469 1676 2519 Panegyrico

256 2651 320 2687 tris
331 2679 342 2696 ‚
367 2653 506 2687 definire
519 2663 584 2687 nou
598 2651 722 2696 audeo)
739 2652 931 2697 deposuerit
941 2678 952 2693 ‚
983 2663 1092 2698 eoque
1105 2652 1179 2699 ipso
1194 2652 1351 2699 populum
1362 2650 1524 2688 monuerit
1537 2651 1679 2697 impera-

258 2703 364 2733 torem
378 2697 488 2745 ipsum
501 2698 546 2734 ibi
561 2702 654 2734 certo
670 2696 958 2745 computatum?
