1702 3060
474 85 826 134 IOHANNIDOS
859 82 964 129 LIB.
997 85 1072 128 VI.
1403 93 1500 141 129

158 211 230 251 pro
250 197 377 250 patria
397 197 543 236 timuit.
599 198 708 236 novit
727 197 834 235 ferus
853 196 986 234 omnia
1002 198 1142 235 Perses

158 266 262 303 facta
282 266 377 315 viri,
407 266 634 316 ingenium,
664 266 789 313 vires,
821 265 1022 313 consulta,
1050 265 1224 315 labores,

75 334 131 376 80
158 334 295 371 Martis
314 346 413 384 opus
435 333 604 381 clarum,
634 344 850 384 pacemque
872 331 1069 385 fidemque
1088 334 1316 386 benignam.

157 402 268 438 novit
283 402 326 438 in
343 401 509 438 infensis
526 413 625 453 quae
642 400 738 436 fecit
763 405 802 436 et
819 399 952 436 Africa
975 402 1140 440 Mauris.

159 469 270 505 novit
287 475 326 506 et
343 469 429 519 ipse
453 475 566 520 pater
587 480 722 505 secum
740 467 927 504 tolerasse
949 467 1104 505 labores

158 547 276 587 saepe
295 536 439 573 virum.
496 536 553 573 sic
569 536 690 573 crevit
707 547 837 583 amor,
865 537 921 572 sic
941 542 1051 586 grata
1073 537 1254 575 voluntas

159 603 264 640 iuter
281 609 493 656 utrumque
512 609 662 654 manet.
718 609 873 654 patrem
889 610 1001 654 putat
1018 605 1089 641 ille
1109 604 1350 659 Iohannmn3

73 669 131 714 85
158 671 228 708 ille
245 677 358 722 putat
376 672 555 722 genitum
572 671 731 722 proprio
757 668 806 707 de
825 672 1016 721 sanguine
1034 679 1188 712 natum.

161 724 253 790 ergo
273 740 376 777 inter
395 753 480 778 sese
500 740 622 777 tristis
641 739 827 776 narrabat
844 745 1024 792 uterque,

161 808 330 859 pervigil
353 808 517 845 infausti
538 807 713 845 referens
733 807 799 858 pia
818 807 958 844 funera
980 807 1124 859 campi.

161 874 247 913 dux
264 877 372 927 prior
391 873 504 912 haec.
558 869 694 912 “vana
717 882 775 913 est
795 873 1004 913 hominum
1024 876 1229 926 vigilantia
1247 887 1352 918 certe

159 955 240 980 non
258 943 448 995 vigilante
470 941 565 980 deo:
594 943 763 994 propriis
779 955 860 980 non
876 943 1024 980 viribus
1044 943 1150 981 ullus

77 1007 133 1052 40
161 1011 317 1048 vincere
335 1011 442 1052 bella
459 1017 611 1063 potest-⁸,
642 1011 749 1048 solus
776 1011 845 1062 qui
871 1010 1036 1047 conterit
1055 1007 1212 1059 hostes,

160 1080 428 1130 omnipotens,
469 1079 538 1131 qui
558 1086 698 1116 cuncta
712 1085 847 1116 movet
863 1078 1059 1129 vertitque
1078 1079 1252 1131 ruitque.

160 1158 240 1183 uon
262 1154 397 1184 tamen
421 1147 579 1184 excelso
602 1149 773 1201 nimium
790 1148 969 1184 Romana
992 1158 1169 1197 propago

159 1214 287 1252 invisa
306 1221 365 1252 est
383 1213 543 1252 domino
555 1244 566 1264 ‚
601 1223 710 1254 tanta
728 1217 832 1254 inter
853 1215 965 1252 milia
983 1227 1141 1266 pressos

159 1281 267 1335 quod
286 1283 411 1320 voluit
432 1284 584 1322 salvare
602 1297 728 1322 meos.
786 1286 967 1334 reparare
987 1283 1144 1320 ruinam

75 1346 132 1392 45
161 1351 378 1388 accelerare
395 1352 544 1403 placet,
572 1364 751 1404 pugnam
770 1357 921 1388 tentare
940 1357 1116 1402 repente,

160 1415 258 1455 dum
274 1419 398 1457 victor
419 1433 579 1458 securus
602 1420 713 1456 abest
731 1420 958 1469 victumque
980 1418 1166 1468 fugacem

162 1499 248 1523 esse
270 1494 396 1537 putat.
454 1490 548 1525 victi
566 1488 748 1540 quotiens
767 1487 895 1523 vicere
917 1485 1107 1538 superbos

161 1554 287 1591 Marte
311 1552 439 1593 viros!
472 1554 587 1593 datur
605 1563 643 1593 et
662 1555 799 1607 paucis
820 1554 982 1591 victoria
1001 1554 1143 1590 maior.

161 1622 343 1671 consule,
374 1636 484 1672 care,
512 1624 641 1675 magis
657 1623 800 1660 nostris
822 1619 918 1673 quid
938 1627 1135 1672 competat
1153 1617 1317 1659 armis.”

77 1687 133 1731 50
217 1691 333 1728 Tunc
350 1690 530 1743 placidus
547 1691 739 1743 gravitate
757 1702 828 1728 sua
846 1690 1075 1726 Recinarius
1094 1701 1163 1726 ora

162 1757 280 1796 solvit
293 1787 303 1807 ,
337 1761 465 1798 amica
485 1759 577 1798 duci
598 1760 772 1797 referens
792 1758 969 1795 consulta
986 1757 1154 1794 iubenti.

155 1819 372 1864 “divinum
390 1835 566 1880 spectare
587 1829 700 1879 pium
721 1833 800 1875 est,
830 1838 852 1863 0
874 1838 1028 1863 summe
1046 1826 1256 1876 magister,

162 1895 371 1933 auxilium.
429 1909 585 1947 pugnas
602 1898 747 1934 iterum
765 1901 918 1932 tentare
942 1891 1039 1945 quid
1060 1893 1182 1930 instas
1196 1891 1216 1930 ’ἔ

161 1962 284 2000 virtus
303 1969 398 2001 nota
416 1971 550 2002 movet
567 1976 815 2016 magnaeque
838 1963 1015 2013 potentia
1039 1958 1203 1997 dextrae
1217 1972 1230 1998 ε

77 2027 132 2072 55
159 2042 241 2067 nou
257 2036 391 2068 tamen
411 2032 607 2083 ambiguis
630 2038 747 2084 caput
771 2030 965 2068 obiectare
983 2028 1141 2079 periclis

160 2110 267 2134 nunc
286 2110 384 2150 opus
407 2106 479 2137 est.
534 2098 668 2138 hostes
686 2100 780 2136 fecit
798 2098 878 2135 fors
903 2108 1021 2134 saeva
1041 2096 1231 2147 superbos

161 2163 410 2218 audacesque
430 2168 591 2206 iuvans:
626 2167 853 2218 fugientum
873 2164 1026 2215 proelia
1047 2177 1205 2214 semper

161 2234 309 2284 frigent
329 2233 446 2272 corda
462 2242 587 2273 metu.
644 2235 782 2272 mortis
805 2232 1004 2271 confracta
1027 2244 1175 2282 pavore

162 2302 287 2352 Virtus
302 2314 448 2352 magna
465 2303 594 2341 timet.
649 2303 747 2340 belli
764 2301 928 2340 sufferre
948 2299 1143 2337 tumultus

80 2370 135 2410 60
161 2381 379 2420 paucorum
396 2377 474 2419 est,
504 2377 594 2422 post
617 2370 724 2408 bella
741 2370 895 2420 magis,
927 2380 1028 2420 quae
1050 2365 1170 2405 caede
1189 2368 1339 2410 recenti

164 2449 393 2475 concussere
414 2439 534 2476 viros.
591 2450 727 2489 sparsa
747 2444 806 2474 est
826 2449 916 2487 pars
937 2436 1116 2490 maxima
1133 2445 1281 2486 nostra,

165 2503 237 2542 sed
256 2512 390 2544 manet
406 2507 630 2544 incolumis.
689 2504 768 2542 huc
790 2505 912 2542 fortes
937 2504 1101 2554 collige,
1135 2503 1287 2553 ductor,

166 2578 205 2609 et
219 2574 322 2612 vires
342 2587 520 2626 reparare
540 2574 646 2624 iube,
675 2579 891 2625 gentesque
911 2573 1068 2624 require

51 2669 97 2706 31
121 2669 256 2706 infmia
272 2646 305 2707 ’Τ
423 2671 468 2708 35
490 2673 557 2709 iste
570 2673 614 2710 M
733 2671 780 2708 42
801 2675 929 2706 tantum
949 2672 1039 2706 001s0
1058 2671 1128 2708 ΤΜ
1263 2671 1309 2706 46
1323 2669 1422 2705 adest
1442 2668 1510 2706 m

0 2765 3 2769 ,
52 2712 99 2758 49
121 2714 178 2762 qui
195 2714 229 2752 Τ
361 2717 407 2753 56
428 2711 494 2754 nou
513 2720 546 2754 Τ
678 2719 724 2756 62
744 2719 809 2754 hac
828 2720 877 2762 T,
905 2729 992 2754 nunc
1007 2718 1059 2756 M.
