1702 3060
266 123 362 171 264
762 123 1199 165 MAZZUCCHELLII

372 233 466 277 594.
527 233 632 282 Virg.
656 231 762 268 Aen.
786 233 810 270 9
827 232 930 271 269·
961 244 1036 282 quo
1067 231 1219 267 Turnus
1240 243 1352 281 equo,
1383 230 1524 283 quihus
1544 231 1626 269 ibat
1643 235 1684 272 in

261 291 394 326 armis.

371 345 465 385 610
525 342 631 391 Virg.
656 341 761 378 Aen.
784 345 809 383 6
830 343 908 384 25:
937 344 1168 393 mistumque
1189 355 1316 393 genus
1336 341 1542 392 prolesque
1566 340 1683 392 bifbr-

260 402 333 436 mis
352 400 620 436 Imnotaurns.

369 456 463 494 613.
526 453 722 488 constricti
738 454 870 489 forsan
890 460 1042 503 poterat
1061 454 1230 490 retineri.
1660 481 1679 496 ,„

370 511 464 549 617.
525 509 708 557 Vegetius
727 511 750 549 3
771 510 825 548 24
855 510 909 545 ait
931 508 1090 545 tribulos
1119 522 1202 546 esse
1223 509 1311 546 illos
1333 508 1510 545 stimulos
1526 508 1679 558 ferreos,-

258 565 326 615 qui
351 565 393 599 in
419 563 522 600 bello
554 563 739 600 adversus
769 566 986 614 equitatmn
1015 566 1144 614 spargi
1177 565 1322 610 solent,
1362 565 1404 599 iu
1427 562 1681 615 quodcunque

255 621 358 656 latus
382 620 650 666 incubuerint,
680 620 866 656 infestum
884 633 1037 670 semper
1055 621 1234 656 aculeum
1254 618 1539 670 protendentes.
1571 622 1679 671 Virg.'

262 676 384 725 Georb
371 689 405 710 σ.
434 679 452 715 1
479 676 562 715 264
583 681 620 710 et
645 677 671 713 2
695 677 773 714 379
798 676 961 724 pariter:
981 676 1202 725 furcasque
1219 675 1403 711 bicornes.
1672 699 1677 706 -

365 732 459 770 619
521 730 600 766 Cic.
627 728 674 765 de
694 730 823 766 Orata
853 731 897 766 id
916 730 1022 780 quod
1040 731 1156 775 dicit,
1184 731 1341 780 spiritu,
1370 743 1447 767 non
1463 738 1546 767 arte
1562 730 1683 769 deter-

255 787 392 822 minat.

366 838 460 882 624.
520 841 626 889 Virg.
656 838 762 876 Aen
796 839 821 881 5
850 839 954 880 511:
1002 841 1219 890 tristemque
1253 841 1325 878 hoc
1358 842 1441 891 ipso
1480 843 1522 878 in
1561 841 1684 878 littore

247 909 445 946 pugnam.

365 953 457 991 626
519 950 569 985 cf.
599 949 646 985 de
667 949 777 984 laud.
805 952 828 989 3
847 951 941 990 381.

365 1008 459 1046 630.
520 1006 626 1054 Virg.
655 1005 797 1055 Georg.
815 1007 842 1044 2
861 1005 963 1045 411:
995 1004 1235 1053 complentur
1249 1003 1446 1055 vallesque
1464 1018 1583 1043 cavae
1600 1006 1683 1043 sal—

254 1069 391 1112 tusque
403 1060 611 1110 profundi.

364 1119 457 1158 633.
520 1115 654 1150 mullis
674 1128 763 1151 cum
783 1113 942 1150 milibus
966 1114 1071 1162 Virg.
1103 1114 1209 1149 Aen.
1232 1114 1258 1154 5
1275 1115 1327 1155 75
1355 1121 1394 1150 et
1413 1117 1507 1156 289.
1567 1123 1605 1153 et
1632 1119 1682 1158 12

250 1172 352 1214 456:
382 1173 425 1207 in
444 1171 556 1206 advez
559 1184 626 1205 sos
647 1169 783 1204 ductor
798 1169 864 1204 Rh
868 1170 1006 1204 oeteius
1026 1168 1163 1204 hostes.

361 1229 455 1266 634.
515 1225 678 1260 fortasse
698 1223 939 1259 I-Iisdreasen
959 1222 1065 1258 idem
1081 1229 1138 1259 est
1156 1236 1200 1259 ac
1214 1223 1281 1259 ille
1303 1223 1518 1261 Esdilasan
1537 1226 1602 1262 vel
1620 1225 1683 1262 Is-

250 1281 408 1318 dilasan
427 1281 653 1315 Maurorum
671 1281 852 1328 princeps
877 1280 918 1314 in
941 1280 1136 1315 Romanos
1157 1278 1334 1327 rebellis,
1374 1282 1481 1317 cuius
1501 1281 1682 1319 meminit

249 1337 462 1386 Procopius
481 1335 528 1371 de
545 1333 642 1370 hello
666 1334 796 1370 Vand.
821 1337 846 1374 2
866 1335 916 1373 10
937 1339 975 1369 et
995 1335 1058 1373 12.

358 1393 451 1432 639.
511 1403 572 1426 ms
604 1390 808 1427 Catarsan.
871 1387 940 1424 sed
967 1388 1130 1425 fortasse
1159 1389 1299 1426 rectius
1329 1395 1387 1426 est
1407 1388 1554 1438 5143,
1585 1392 1679 1439 217,

249 1447 351 1495 551,
384 1453 421 1482 et
439 1447 463 1484 6
484 1444 586 1491 295,
619 1444 721 1490 505,
753 1443 832 1484 513
852 1449 889 1479 et
906 1442 1001 1483 517

358 1502 452 1542 642-
510 1500 730 1549 Iutungun]
762 1497 837 1534 hoc
867 1511 1011 1534 nomen
1046 1504 1104 1535 est
1131 1498 1245 1536 valde
1275 1498 1437 1537 dubium
1466 1501 1507 1536 in
1533 1498 1677 1550 codice,

245 1558 314 1594 ubi
332 1558 463 1607 legere
482 1567 640 1606 possem
658 1556 777 1590 etiam
795 1555 962 1604 iuctung
939 1566 1034 1599 lrun,
1064 1553 1170 1605 quod
1194 1561 1428 1606 repugnaret
1450 1562 1598 1603 metro,
1640 1563 1678 1593 et

244 1620 475 1663 metungun.

356 1667 450 1708 645.
508 1667 665 1716 iamque
676 1663 1005 1715 propinquabant
1020 1665 1128 1715 Virg.
1148 1663 1255 1701 Aen.
1285 1664 1310 1705 5
1336 1665 1433 1713 159,
1478 1667 1504 1706 9
1529 1666 1607 1706 371
1639 1672 1678 1704 et

355 1777 548 1818 646—7.
605 1777 712 1825 Virg.
740 1777 846 1812 Aen.
885 1777 934 1814 12
968 1773 1072 1815 415:
1115 1775 1289 1812 volueres
1311 1774 1466 1812 haesere
1493 1777 1676 1826 sagittae,

245 1839 284 1869 et
301 1832 326 1873 5
347 1832 422 1872 501
438 1843 448 1866 :
482 1831 714 1879 depromunt
731 1831 808 1866 tela
824 1830 1032 1879 pharetris.

358 1889 452 1929 651.
505 1888 613 1935 erg.
632 1885 737 1921 Aen.
766 1888 812 1924 11
840 1887 946 1925 600:
981 1891 1018 1920 et
1028 1887 1174 1934 pressis
1191 1891 1349 1935 pugnat
1364 1883 1538 1921 habenis.
1597 1886 1674 1922 nisi

243 1943 359 1979 malis
382 1944 512 1991 legere
528 1941 687 1990 prensis
708 1953 777 1991 pro
798 1941 962 1990 pressis,
999 1947 1042 1976 ut
1070 1940 1122 1976 ib.
1151 1941 1252 1979 719:
1279 1939 1486 1990 frenisque
1508 1939 1674 1977 adversa

237 1997 452 2047 prehensis.

355 2054 449 2095 655.
495 2053 631 2103 fertur
648 2066 743 2102 equo
762 2052 868 2101 Virg.
890 2050 995 2087 Aen.
1020 2051 1070 2089 11
1094 2052 1188 2090 730.

353 2110 448 2150 659.
506 2110 612 2157 Virg.
635 2108 742 2143 Aen.
772 2110 791 2147 1
818 2107 920 2146 410:
949 2105 1023 2142 tali
1032 2106 1259 2156 fugientem
1276 2112 1333 2141 est
1351 2119 1442 2143 voce
1461 2112 1626 2142 secutus.

352 2163 446 2204 665.
504 2164 612 2213 Virg.
634 2165 739 2199 Aen.
768 2165 816 2202 10
838 2163 941 2202 769:
970 2174 1123 2211 seseque
1141 2162 1351 2198 immiscuit
1369 2162 1502 2198 armis.

352 2219 446 2259 669.
506 2217 554 2254 de
575 2220 788 2269 quantitate
811 2217 1018 2253 Ammonii
1031 2215 1121 2253 vide
1144 2229 1259 2267 supra
1276 2215 1326 2253 ad
1343 2219 1366 2256 3
1387 2218 1453 2256 81.
1500 2229 1570 2267 pro
1593 2229 1670 2252 nu·-

240 2274 343 2310 mine
362 2271 489 2310 codex
505 2272 623 2310 habet
643 2275 817 2317 munine,
848 2279 885 2308 et
903 2271 950 2309 de
977 2272 1120 2308 Gurzil
1137 2272 1226 2309 vide
1249 2279 1384 2308 notam
1403 2271 1453 2307 ad
1470 2273 1497 2310 2
1521 2273 1612 2312 109.

348 2327 442 2369 674.
499 2328 608 2365 vides
642 2342 706 2365 me
735 2327 921 2365 adjecisse
953 2327 1052 2372 sub,
1092 2335 1134 2364 ut
1163 2340 1321 2364 versum
1351 2339 1552 2373 sanarem,
1595 2339 1668 2362 ex-

238 2384 368 2434 emplo
390 2385 556 2420 auctoris
576 2386 718 2432 nostri,
758 2385 825 2435 qui
847 2382 923 2420 hoc
944 2383 1042 2420 libro
1063 2396 1102 2421 v.
1123 2383 1203 2424 759
1231 2384 1273 2419 in
1300 2382 1376 2418 fine
1394 2394 1530 2419 versus
1549 2379 1668 2418 habet

238 2440 390 2487 confixa
409 2438 480 2476 sub
503 2453 624 2474 armo.

347 2497 441 2535 676.
496 2496 649 2530 Lucret.
675 2492 699 2532 5
727 2491 854 2532 1085:
883 2494 1107 2529 raucisonos
1125 2498 1276 2528 cantus.

347 2551 440 2590 677.
496 2551 603 2598 Virg.
625 2548 731 2584 Aen.
765 2549 789 2585 9
816 2548 917 2587 566:
957 2548 1129 2597 undique
1161 2546 1308 2583 clamor
1334 2545 1501 2591 tollitur,
1540 2552 1578 2583 et
1613 2548 1660 2587 11-

235 2603 316 2646 745
334 2611 450 2656 atque
472 2606 524 2645 12
542 2604 644 2644 462:
674 2601 823 2638 tollitur
843 2603 886 2637 in
903 2603 1056 2638 caelum
1076 2601 1235 2637 clamor.

344 2660 438 2700 681.
501 2659 671 2710 Sinffere
701 2663 759 2695 est
791 2668 936 2693 nomen
972 2658 1135 2694 fortasse
1170 2658 1332 2694 alicuius
1353 2656 1526 2694 numinis
1546 2656 1660 2691 Mau·

237 2727 380 2752 rorum.
