1702 3060
287 129 380 173 160

889 129 1108 173 CORIPPI

380 238 462 275 'sed
482 245 688 288 postquam
708 237 809 273 vires
831 239 992 274 veniens
1011 239 1203 288 persensit
1225 239 1400 291 iniquas,

281 633 361 675 580

281 964 361 1006 585

279 1296 360 1337 590

279 1627 358 1669 595

277 1959 357 1998 600

275 2287 356 2328 605

391 305 531 340 infelix
552 305 709 340 veniam
728 304 920 340 submissa
938 318 1032 341 voce
1056 306 1230 354 rogabat.

389 365 502 406 “ossa
521 383 591 418 per
607 371 769 406 Evantis
788 368 905 419 digno
923 371 1022 407 bene
1043 378 1197 422 compta
1217 372 1416 422 sepulcro,

391 448 488 485 quae
510 436 627 471 talem
649 447 817 484 genuere
839 438 990 483 virum3
1021 451 1090 487 per
1109 439 1285 474 maxima
1304 440 1408 484 Petri

390 502 493 538 facta
516 503 646 538 futura
666 503 744 548 tui,
776 503 884 539 cuius
907 503 986 538 iam
1003 504 1108 540 fama
1127 517 1198 554 per
1215 503 1348 541 hostes

391 574 497 604 tanta
518 568 624 604 volat
644 574 855 619 gentesque
877 569 978 606 feras
1001 575 1038 606 et
1057 582 1177 619 regna
1197 571 1357 620 fatigat,

389 647 536 685 perque
557 640 646 669 tuae
663 635 815 671 virtutis
835 647 951 684 opus,
983 647 1059 686 quo
1079 638 1203 674 victus
1225 638 1412 686 Ilasgnas,

392 699 484 736 hnic
502 701 656 736 animae
674 699 860 747 concede,
890 714 1048 750 precor,
1077 710 1165 752 post
1185 705 1343 739 crimina
1364 705 1496 748 vitam,

391 778 534 816 meque
555 767 631 802 tuis
645 795 654 812 ‚
683 767 824 812 victor,
855 779 965 803 serva
985 774 1071 817 post
1090 769 1192 806 bella
1210 768 1442 819 triumphis:

390 845 483 868 nam
502 833 571 868 tali
588 833 730 868 servire
751 834 870 868 iuvat.
880 827 903 844 ”
959 845 1035 883 qua
1056 847 1150 871 voce
1169 837 1336 872 reflexus

390 899 552 934 vulnera
571 900 782 934 continuit:
811 899 930 935 velox
946 905 1078 935 tamen
1095 901 1220 950 illigat
1239 902 1373 938 ambos

389 971 477 1014 post
497 971 650 1014 tergum
671 966 880 1014 implicitos
900 963 1073 1001 mordaci
1094 967 1188 1002 fune
1208 967 1386 1003 lacertos.

444 1033 550 1067 Mitis
569 1034 609 1067 in
628 1033 822 1068 immitem
839 1032 1065 1068 Recinarius
1084 1033 1195 1068 irruit
1215 1035 1357 1070 Urtanc
1369 1061 1379 1078 ‚

390 1109 538 1147 perque
556 1099 629 1134 viri
649 1105 783 1147 pectus
803 1096 969 1147 rigidam
989 1098 1091 1134 celer
1112 1101 1269 1149 impulit
1288 1098 1455 1135 hastam.

391 1165 534 1200 corruit
552 1170 639 1200 ante
656 1164 777 1214 pedes
790 1193 800 1212 ‚
830 1165 925 1200 belli
941 1177 1030 1214 pars
1048 1177 1190 1215 magna
1210 1165 1383 1211 nefandi,

389 1231 664 1279 magnanimus
681 1231 854 1278 iuvenis,
883 1243 1086 1281 nunquam
1102 1232 1307 1282 placabilis
1330 1234 1472 1268 [Ji-tanc
1486 1258 1496 1276 ‚

390 1303 504 1347 atque
525 1297 652 1332 solum
674 1296 756 1334 diro
778 1295 949 1333 foedavit
969 1299 1171 1346 sanguine.
1227 1299 1371 1334 Meilan

389 1361 529 1398 deinde
549 1364 647 1413 petit
861 1391 872 1410 ‚
901 1363 1031 1399 valida
1051 1377 1167 1414 quem
1186 1363 1344 1414 cuspide
1362 1365 1484 1400 victor

389 1428 519 1465 deiicit
538 1429 752 1478 impulsum
767 1429 1000 1479 tepidaeque
1020 1429 1145 1478 infigit
1166 1441 1322 1466 arenae..

388 1496 579 1531 fulmineo
600 1502 715 1545 caput
734 1509 824 1532 ense
843 1503 994 1532 metens
1012 1494 1214 1531 detruncat
1229 1496 1390 1532 Alantas
1403 1524 1414 1542 ‚

389 1567 426 1597 et
444 1562 600 1610 nigrum
619 1563 783 1598 sacoma
803 1562 893 1598 ferit
911 1575 980 1612 per
998 1568 1107 1612 prata
1127 1560 1344 1598 cadentem.

388 1626 537 1663 horruit
561 1641 649 1664 acer
666 1641 788 1680 equus
801 1658 810 1676 ,
839 1629 1080 1679 mollemque
1099 1628 1256 1664 obtrivit
1276 1641 1448 1675 arenam,

385 1694 540 1729 vincula
556 1707 689 1744 pressa
708 1701 860 1741 vetant,
891 1696 1092 1745 voluitque
1110 1695 1151 1730 in
1168 1701 1276 1744 terga
1296 1694 1444 1737 redire:

388 1759 458 1797 sed
476 1761 574 1796 levis
595 1773 757 1796 excusso
778 1763 1003 1798 Recinarius
1023 1762 1099 1798 alta
1123 1762 1278 1810 flagello

387 1827 454 1862 ilia
477 1828 698 1862 concutiens
719 1827 808 1863 latis
828 1827 1016 1877 pavidum
1033 1828 1188 1878 impulit
1207 1829 1264 1864 ire

388 1891 639 1941 cornipedem
657 1894 816 1942 campis.
874 1901 912 1929 at
931 1901 1139 1944 postquam
1157 1907 1294 1944 corpus
1316 1892 1541 1945 ademptum

385 1959 536 1994 transiit
550 1959 741 2008 impulsus
763 1960 917 2010 sonipes
930 1989 939 2007 ‚
970 1967 1061 1996 tunc
1079 1962 1202 1996 Marte
1225 1960 1395 1997 secundo

384 2024 523 2060 funera
540 2025 773 2062 convolvens
795 2032 832 2062 et
849 2026 936 2062 telis
960 2027 1110 2075 Syrtica
1130 2029 1299 2064 miscens

388 2092 545 2139 agmina
563 2103 633 2140 per
649 2091 748 2127 latos
766 2092 953 2128 volitabat
970 2092 1142 2130 fervidus
1161 2106 1288 2143 agros.

387 2163 478 2192 tunc
498 2157 665 2193 celerem
685 2159 891 2206 prosternit
911 2159 1017 2194 Afuu
1038 2159 1256 2212 fortemque
1277 2160 1526 2214 Nicandrum,

385 2235 598 2272 asperaque
616 2223 736 2259 infixo
757 2226 969 2272 geminavit
991 2226 1150 2262 vulnera
1174 2227 1310 2265 Sucro.

385 2288 476 2324 inde
494 2295 608 2324 necat
624 2288 853 2336 Tanadum,
887 2290 1106 2342 fortemque
1128 2295 1263 2330 sternit
1282 2295 1476 2330 Erancun.

385 2368 475 2391 ense
498 2355 586 2390 ferit
606 2354 829 2403 Tinudum,
859 2358 1015 2408 piloque
1032 2359 1158 2408 infigit
1177 2361 1360 2410 Enipten.

438 2421 642 2458 Bulmitzis
664 2421 875 2458 Tumudan
896 2431 1007 2460 conto
1026 2427 1188 2474 premit,
1217 2424 1308 2461 inde
1328 2423 1522 2462 Licurdan

384 2487 495 2524 fortis
514 2488 594 2536 agit
615 2489 784 2536 campis:
812 2489 935 2525 telum
954 2502 1024 2539 per
1041 2497 1147 2540 terga
1165 2491 1320 2527 rebellis

384 2567 455 2604 per
473 2554 586 2590 fibras
605 2555 749 2603 pariter
769 2553 985 2593 discurrens
1003 2563 1159 2606 pectora
1178 2558 1294 2606 rupit.

274 2693 340 2730 596
362 2697 448 2730 metu
465 2694 646 2740 noluntque
663 2693 695 2728 T
803 2693 869 2730 599
894 2698 932 2728 ut
947 2693 1019 2729 MT
1103 2694 1184 2733 ,605
1205 2696 1360 2732 insternit
1379 2697 1432 2732 M.
