1702 3060
512 79 867 126 IOHANNIDOS
901 80 1007 125 LlB.
1039 81 1074 125 1.
1387 34 1397 49 ί
1455 81 1518 128 37

173 192 363 232 scintillas
382 198 522 231 tenues
541 205 739 231 summam
759 192 971 244 spargebat
985 192 1030 231 in
1049 189 1241 232 aethram.

173 263 296 313 surgit
315 268 353 299 et
372 262 414 298 in
434 259 566 298 medio
582 262 710 299 fervet
726 261 808 298 iam
826 262 985 299 flamma
1001 259 1256 312 profundum,

61 329 143 371 830
171 331 305 368 omnia
326 330 563 367 convolvens
583 340 793 368 succensae
812 327 952 367 robora
970 336 1113 366 terrae.

170 399 297 436 uritur
316 398 420 434 alma
439 409 553 448 seges
574 396 700 434 cultos
716 402 870 432 matura
891 408 967 446 per
984 408 1114 447 agros,

170 467 298 504 omnis
317 472 356 503 et
374 467 550 516 augescit
569 469 810 502 crescentem
827 462 1033 501 frondibus
1051 465 1189 515 iguem

166 534 303 582 arbor,
335 538 373 571 et
391 534 434 570 in
456 534 627 573 cinerem
644 544 731 570 sese
750 537 983 582 consumpta
1004 532 1181 570 resolvit.

168 606 372 637 vertuntur
390 601 557 638 miserae
580 600 702 637 caesis
724 611 815 636 cum
833 599 982 636 civibus
1002 600 1138 648 urbes,

55 665 139 708 835
168 673 384 719 cunctaque
403 667 571 719 diruptis
588 667 827 717 conflagrant
846 667 1004 705 moenia
1021 667 1154 706 tectIs.

166 731 264 772 haut
281 735 395 772 aliter
411 734 621 774 Phaethon
641 737 790 773 cunctis
812 749 833 772 e
853 735 1031 786 partibus
1049 736 1155 773 orbis

163 814 246 840 non
266 802 367 839 bene
387 815 571 841 concesso
595 801 852 841 succenderat
873 803 1007 841 omnia
1027 816 1158 851 curru,

164 870 444 908 flmmnivomis
461 875 637 921 raptatus
655 871 789 923 equis,
817 871 861 907 ni
880 871 1049 907 fulmine
1068 882 1227 907 summo

165 940 413 990 omnipotens
432 938 606 988 genitor,
636 945 758 976 terras
775 938 1005 985 miseratus,
1036 935 1203 974 anhelos

50 1003 134 1047 340
162 1003 418 1044 disiunxisset
434 1017 577 1056 equos,
606 1005 855 1056 restinguens
875 1005 1034 1056 ignibus
1054 1004 1209 1055 ignem.

214 1072 375 1112 Exarsit
392 1069 531 1108 ductor
549 1071 719 1122 miserae
741 1086 967 1111 succurrere
987 1079 1129 1120 terrae,

150 1141 250 1193 ,plus
271 1140 386 1178 solita
404 1139 550 1190 pietate
573 1139 770 1190 fremens,
799 1141 992 1193 largoque
1012 1140 1157 1190 rigavit

158 1209 285 1247 imbre
303 1220 440 1259 genas.
497 1208 622 1246 virtus
646 1210 775 1247 solitis
791 1209 971 1260 flagravit
990 1209 1030 1244 in
1051 1208 1189 1256 armis,

159 1275 296 1328 iraque
314 1275 548 1327 praecipites
572 1274 744 1314 dictabat
764 1276 927 1314 tendere
947 1289 1105 1327 gressus

48 1342 131 1387 845
158 1345 201 1382 ὶιι
218 1342 375 1382 medios
398 1343 560 1381 ssuctus:
591 1341 775 1395 prohibet
794 1350 935 1381 natura
958 1344 1160 1382 volentem

159 1419 200 1450 et
215 1413 332 1450 mista
351 1412 495 1449 virtute
517 1410 681 1459 modus,
712 1423 790 1462 quo
815 1418 955 1448 cuncta
978 1410 1169 1462 regendo,

159 1480 296 1518 inclita
317 1492 408 1516 cum
425 1480 559 1531 parvis
579 1491 750 1530 pensans
763 1507 773 1527 ‚
804 1479 1014 1516 commissa
1036 1479 1245 1530 gubernat.

160 1547 269 1585 ocius
290 1545 479 1584 adductas
500 1545 552 1584 ad
572 1547 687 1584 litora
705 1552 856 1583 vertere
875 1559 1011 1597 proras

160 1616 350 1667 imperat,
379 1621 418 1652 et
438 1621 554 1652 notae
574 1614 702 1651 laetus
722 1615 909 1652 successit
929 1627 1087 1653 arenae-

46 1684 129 1730 350
213 1684 346 1720 Litora
365 1682 525 1734 Byzacii
540 1681 701 1732 paribus
719 1695 799 1719 non
820 1682 933 1720 alluit
952 1681 1072 1721 undis

157 1751 335 1803 opposita
351 1749 493 1786 tellure
511 1749 654 1787 salum.
710 1763 803 1801 pars
819 1749 948 1787 lenior
967 1756 1080 1788 aestu

156 1820 277 1872 plana
295 1819 416 1866 iacet,
448 1818 576 1855 curvis
596 1818 711 1855 statio
730 1830 916 1855 concessa
930 1819 1088 1855 carinis.

155 1887 331 1926 efficiunt
353 1892 489 1936 portus
513 1885 683 1922 nimium
701 1883 803 1922 vada
823 1886 927 1924 salsa
950 1887 1122 1938 quietos.

153 1954 220 1994 hic
240 1956 300 1994 vis
319 1953 431 1990 nulla
452 1953 546 1991 Noti
565 1951 743 2004 placidos
765 1954 956 1992 extollere
979 1954 1120 1991 fluctus

42 2022 125 2071 355
151 2030 260 2062 mota
279 2027 430 2074 potest3
459 2027 602 2058 ventus
619 2019 819 2073 liquidum
837 2035 918 2059 non
931 2022 1084 2060 territat
1100 2034 1262 2073 aequor.

154 2104 246 2144 pars
267 2089 401 2142 pelagi
423 2095 630 2141 quassatur
649 2089 784 2140 aquis,
816 2089 1004 2142 ripaeque
1024 2089 1209 2126 relabens

152 2158 397 2196 confractum
415 2157 587 2208 scopulis
606 2156 723 2194 latrat
739 2170 872 2206 mare3
902 2159 1039 2209 pervia
1056 2158 1164 2195 saxis

150 2224 259 2265 unda
279 2231 411 2273 sonat,
440 2225 673 2276 nigramque
696 2238 814 2277 super
834 2223 1068 2262 diffimditur
1089 2225 1236 2275 algam.

151 2293 234 2331 illic
252 2299 291 2331 et
307 2295 453 2331 Boreas
471 2291 649 2330 tumidus
662 2295 894 2346 graviorque
913 2293 1095 2343 procellis

41 2363 123 2405 360
150 2361 279 2400 Eurus
298 2361 347 2399 ab
367 2368 546 2400 extremo
567 2361 806 2399 convolvunt
826 2373 998 2414 aequora
1014 2358 1138 2399 fundo
1153 2372 1166 2397 z

41 2482 108 2517 328
137 2482 254 2517 ethera
275 2483 307 2517 Τ
453 2484 520 2519 329
551 2489 587 2516 et
616 2482 673 2527 in]
711 2481 809 2517 etiam
844 2484 877 2516 '1'
1010 2483 1078 2518 330
1112 2495 1159 2517 απ
1193 2480 1417 2516 comburens?
1454 2478 1495 2511 M

41 2527 111 2580 33⁴}
141 2528 269 2562 miserie
295 2530 330 2563 Τ
460 2530 532 2565 336
554 2534 615 2563 aut
645 2530 677 2562 Τ
812 2530 880 2564 338
903 2529 935 2562 in
965 2530 1012 2572 ¹1¹,
1031 2535 1077 2563 ast
1102 2531 1125 2564 2
1150 2530 1206 2565 82.
1347 2527 1414 2560 340
1437 2537 1494 2558 re—

40 2575 310 2654 aaa&
425 2575 711 2656 ³320oe
729 2575 762 2610 Ξ
851 2573 1410 2656 aad&
1426 2571 1496 2649 ΞΞ

38 2668 120 2709 pter
134 2655 174 2699 M
187 2664 309 2701 tellure
324 2665 479 2712 opposita
495 2667 618 2703 saltim.
757 2666 825 2703 352
847 2671 901 2703 est
916 2678 1013 2702 cessa
1031 2669 1062 2702 Τ
1106 2648 1115 2664 '
1141 2635 1157 2656 b
1184 2667 1253 2702 553
1275 2631 1393 2699 minills
1408 2629 1496 2696 gulsa

41 2708 132 2744 unda
152 2708 196 2744 Τ.
