1702 3060
243 110 341 156 420
652 113 834 156 NOTAE
866 113 925 156 IN
954 112 1164 156 LIBRUM
1195 113 1254 156 111
1320 77 1322 81 ’
1651 90 1669 178 ἒξ]

242 219 283 255 in
300 217 374 256 hoc
389 223 500 269 poeta
521 217 725 268 aliquoties
744 219 923 255 tenebras
940 219 1058 256 miras
1076 220 1214 257 fecisse
1232 221 1451 259 notavimus
1471 221 1551 259 iam
1570 221 1667 272 plue:
1701 214 1702 218 ¹

242 275 376 311 semel.
405 275 564 310 BAn’rn.
594 274 814 323 legebatur:
845 275 942 310 visa.
962 275 1101 324 felicis
1114 276 1240 325 geniti
1256 289 1366 312 veras
1382 297 1447 313 —-.

353 328 447 368 115.
492 327 628 378 filicis
648 329 775 377 geniti
799 342 910 365 veras
934 328 990 365 ihi
1016 331 1165 367 credere
1177 343 1311 379 posses
1329 343 1463 367 sacrae
1484 331 1656 381 φερῖρε]

244 383 319 420 duo
339 382 380 419 hi
397 395 530 420 versus
550 384 603 419 ita
625 382 832 434 depravate
855 385 1084 433 legebantur
1109 386 1152 421 in
1171 386 1492 436 msexemplari:
1518 385 1665 436 filices

239 439 366 488 goniti
382 451 493 474 veras
510 437 565 474 ibi
580 438 729 474 eredere
739 451 870 488 posses
887 452 1020 476 sacras
1039 447 1075 476 et
1082 441 1217 490 figies.
1275 442 1397 478 RUIZ.

356 496 446 534 117.
502 493 590 542 lege
602 501 777 543 possent;
805 495 860 530 sic
878 507 1014 532 sensus
1034 497 1169 545 exigit.
1225 496 1382 533 Voncx.
1637 519 1640 523 ·

356 549 447 588 118.
505 546 600 599 quid
618 555 676 585 est
697 549 870 585 addendi
891 549 1042 586 vitam?
1097 551 1240 586 mirum
1267 548 1367 586 mihi
1396 547 1492 600 quid
1516 549 1662 598 egerint

243 609 310 640 aut
339 615 415 654 quo
438 601 606 639 viderint
627 605 701 639 viri
722 603 823 641 docti
848 605 1003 655 Corippi
1026 607 1322 642 commentarios
1342 604 1526 656 professi,
1570 603 1662 640 dum

242 671 293 695 ne
319 670 396 694 una
426 657 587 709 quidem
610 671 705 695 voce
730 665 811 695 tam
835 659 978 696 absona
1004 660 1090 696 loca
1120 672 1294 696 enarrare
1322 660 1384 697 vel
1419 660 1505 696 aliis
1534 659 1664 696 saltim

246 712 462 750 enarranda
480 712 672 760 addicere,
705 726 804 764 quae
822 727 955 750 eorum
973 716 1015 751 in
1033 715 1175 752 talibus
1198 717 1247 752 sit
1268 715 1486 762 auctoritas,
1516 712 1666 763 dignati

244 775 348 805 sunt.
405 781 510 805 error
524 781 576 804 ex
596 769 882 805 abbreviatione
902 769 1085 806 oriundus
1107 777 1177 807 est.
1234 771 1378 807 scribe:
1406 782 1473 806 ars
1489 775 1527 805 et
1541 775 1666 804 mato-

243 825 316 859 ries
336 824 490 859 animas·
506 823 627 860 simul
646 823 788 860 addere
798 825 951 874 possint
970 825 1054 876 (ms
1070 831 1235 874 possunt
1245 823 1283 874 ),
1318 824 1490 862 addendi
1514 824 1666 860 veniam

243 879 321 915 nisi
335 885 395 922 ἰιι,
437 885 580 914 natura
583 906 598 923 ,
636 891 827 929 negasses.
886 885 969 915 tam
999 886 1089 930 apta
1112 880 1313 927 materies,
1350 885 1433 916 tam
1464 878 1667 915 artificiosa

243 945 318 980 ars,
349 939 432 969 tam
453 940 712 969 convenerant
731 932 891 970 eaedem
911 936 1108 981 concinne,
1129 941 1183 982 ut,
1205 935 1238 971 si
1254 947 1326 984 per
1341 940 1519 970 naturam
1532 933 1667 969 licuis-

244 994 324 1035 set,
368 989 487 1024 etiam
513 989 692 1038 spiritum
721 989 900 1038 operibus
927 987 1136 1026 dedissent.
1194 990 1249 1026 sic
1273 991 1315 1025 in
1346 988 1666 1025 artificiosissimis

245 1042 425 1093 operibus
444 1041 712 1094 ὑπερβολικῶς
734 1043 851 1079 etiam
869 1045 1048 1092 spiritum
1066 1043 1249 1094 apparere
1269 1043 1414 1080 dicunt.
1469 1043 1620 1079 Plinius
1641 1043 1668 1082 3

245 1111 308 1148 ep.
328 1100 352 1138 6
371 1096 418 1133 de
436 1099 546 1147 signo
557 1096 754 1134 Corinthio
778 1110 799 1134 a
817 1110 858 1134 se
877 1105 1028 1148 empto:
1050 1099 1198 1148 effingit
1215 1111 1342 1135 senem
1359 1104 1539 1135 stantem.-
1563 1109 1669 1140 ossa,

245 1152 430 1195 musculi,
460 1153 585 1196 nervi,
613 1165 750 1197 venae,
777 1166 901 1203 rugae
921 1154 1037 1190 etiam
1055 1161 1099 1190 ut
1113 1155 1298 1203 spirantis
1314 1159 1518 1202 apparent.
1551 1152 1670 1188 Clau-

245 1206 383 1243 dianus
402 1207 507 1244 bello
527 1208 683 1243 Getico:
712 1214 904 1258 raptaque
912 1209 1117 1258 flagranti
1133 1209 1326 1258 spirantia
1343 1209 1459 1258 sigtus
1472 1205 1670 1246 Corintho„

242 1263 405 1299 BAnrn.

357 1318 449 1357 119.
505 1318 677 1355 Plinius:
718 1318 830 1354 cuias
855 1318 1125 1368 magnitudini
1146 1331 1194 1354 ne
1220 1318 1327 1355 illud
1349 1317 1504 1368 quidem
1527 1315 1670 1360 obstat,

247 1372 354 1423 quod
364 1379 491 1408 nostro
511 1373 664 1409 saeculo
683 1379 801 1409 natas·
821 1373 882 1408 sit.
919 1372 1031 1410 Ovid.
1055 1371 1103 1409 de
1121 1375 1245 1410 Ponto
1266 1371 1293 1412 4
1316 1374 1364 1412 16
1379 1384 1390 1409 :
1407 1372 1530 1423 sama
1549 1371 1671 1407 maior

239 1434 331 1476 post
347 1429 503 1463 cineres.
563 1430 676 1464 Mart.
694 1429 719 1469 5
741 1429 862 1477 epigr.
887 1429 959 1468 10:
982 1435 1074 1477 post
1085 1428 1184 1478 sata
1203 1429 1310 1464 ven-it
1319 1427 1465 1478 gloria.
1523 1424 1673 1463 invidia

246 1484 462 1519 viventium
481 1482 625 1532 gloriae
647 1481 835 1530 detrahit,
865 1495 969 1520 mors
989 1495 1132 1520 nomen
1152 1483 1346 1520 conciliat.
1402 1484 1536 1519 Horat.
1558 1481 1670 1530 epist.

246 1540 274 1577 2
305 1541 352 1578 1:
402 1539 643 1588 miraturque
672 1537 776 1574 nihil
804 1539 883 1574 nisi
910 1538 1017 1587 quod
1039 1537 1220 1574 Libitina
1247 1538 1430 1574 sacravit.
1487 1537 1671 1572 DEMPST.

246 1603 408 1642 gnome,
453 1605 530 1644 qua
556 1606 667 1629 suam
696 1605 854 1642 operam
883 1605 998 1643 supra
1029 1594 1159 1629 omnia
1184 1593 1276 1629 talia
1299 1604 1414 1642 opera
1433 1590 1676 1643 principibus

247 1649 464 1685 aeternitati
501 1646 638 1685 dandis
678 1646 936 1684 commendat.
1005 1647 1168 1698 pulchre
1199 1649 1374 1684 Avienus
1403 1647 1445 1683 in
1475 1645 1673 1694 Perlegesi

246 1703 515 1752 Dionysiana:
573 1704 705 1739 Masis
731 1703 939 1739 intermina
967 1704 1050 1739 vita
1074 1709 1294 1752 permanet,
1335 1708 1371 1738 et
1398 1701 1556 1738 memori
1584 1699 1674 1736 laus

247 1769 396 1806 semper
406 1757 590 1806 pullulat
607 1771 715 1795 aevo.
774 1759 996 1807 Propertius
1019 1760 1068 1797 3:
1106 1765 1150 1794 at
1173 1770 1251 1794 non
1276 1757 1431 1808 ingenio
1457 1756 1674 1807 quaesitum

248 1822 387 1848 nomen
406 1812 457 1848 ab
485 1826 579 1849 aevo
602 1812 764 1848 excidit.-
803 1814 959 1862 ingenio
985 1819 1064 1848 stat
1081 1814 1163 1849 sine
1186 1819 1305 1849 morte
1321 1813 1452 1849 decus.
1509 1811 1672 1847 BAn'rn.

237 1866 383 1918 sama]
414 1867 616 1916 legebatur
633 1873 745 1902 antea
759 1867 935 1916 samam.
994 1868 1168 1904 imitatur
1193 1877 1349 1904 versum
1369 1867 1487 1914 vulgo
1511 1871 1672 1902 notum:

249 1922 396 1958 vivitur
412 1923 583 1972 ingenio,
623 1928 746 1958 cetera
763 1923 896 1958 mortis
913 1929 1036 1959 erunt.
1097 1935 1216 1972 quam
1242 1923 1475 1958 sententiam
1497 1920 1674 1970 pluribus

249 1977 440 2027 expolivit
458 1976 631 2024 Ovidius,
659 1989 732 2013 nec
746 1989 825 2013 non
843 1977 974 2013 Cicero
994 1978 1035 2012 in
1057 1989 1101 2012 ea
1123 1989 1193 2026 pro
1210 1975 1381 2013 Archia.
1414 1981 1452 2011 et
1469 1974 1674 2023 magnifice

252 2029 301 2068 de
320 2033 399 2069 suis
420 2032 654 2070 carminibus
673 2032 854 2069 Horatius
877 2034 900 2071 3
923 2034 998 2071 30:
1038 2032 1146 2081 exegi
1162 2037 1452 2067 monumentum
1478 2041 1565 2066 aere
1580 2042 1675 2079 per-

251 2087 401 2124 ennius.
423 2089 546 2124 Rt'rr.
603 2087 835 2136 legesama.
859 2087 1016 2124 Voxcn.
1072 2099 1161 2122 cum
1179 2086 1322 2122 saeculi
1343 2086 1450 2122 aurei
1471 2085 1674 2134 scriptores

250 2142 377 2178 vivere
396 2144 536 2187 vitam,
571 2144 698 2179 vivere
720 2149 885 2178 aetatem
906 2140 1097 2189 dixerint,
1135 2139 1277 2178 haereo
1305 2153 1356 2177 an
1386 2138 1451 2177 hie
1484 2140 1674 2188 corrigere

248 2203 422 2245 oporteat
436 2197 574 2247 sama.
632 2199 761 2234 Foco.

361 2254 453 2292 121.
509 2254 591 2303 ipse
609 2252 921 2302 triumphorum]
980 2252 1233 2298 Iustinianus,
1273 2250 1341 2301 qui
1359 2248 1407 2287 de
1427 2249 1584 2286 nomine
1603 2260 1673 2285 suo

251 2305 328 2342 dici
347 2308 494 2343 curavit
511 2314 567 2343 tot
585 2309 698 2344 urbes
717 2315 755 2344 et
777 2306 921 2357 oppida
937 2313 975 2342 et
994 2307 1114 2344 libros
1136 2313 1174 2343 et
1193 2304 1388 2342 scholares
1410 2310 1448 2340 et
1466 2305 1674 2353 magistra-

247 2368 310 2397 tus
331 2368 369 2397 et
387 2363 560 2398 militum
577 2362 745 2409 ordines,
776 2369 814 2398 et
829 2364 959 2412 ipsum
977 2373 1143 2412 quoque,
1174 2373 1250 2411 quo
1267 2359 1457 2404 utebatur,
1479 2357 1672 2405 diadema,

247 2417 462 2467 quinetiam
481 2417 545 2453 vel
563 2418 689 2466 ipsam
706 2419 874 2466 primam
893 2418 954 2454 sui
973 2418 1143 2452 nominis
1161 2416 1331 2452 litteram
1343 2442 1354 2460 ,
1397 2411 1506 2449 haud
1530 2414 1673 2448 mirum

249 2477 307 2508 est
338 2470 444 2522 quod
479 2473 596 2507 etiam
622 2473 662 2507 iu
696 2473 840 2521 patinis
869 2471 1096 2521 poculisque
1126 2483 1170 2506 ac
1198 2467 1301 2506 vasis
1330 2469 1472 2505 Palatii
1504 2468 1674 2518 effigiem

247 2539 359 2563 suam
379 2533 417 2563 et
436 2538 497 2563 res
514 2538 536 2561 a
556 2538 596 2562 se
611 2527 710 2563 bene
731 2533 857 2576 gestas
876 2525 1079 2562 caelandas
1101 2525 1302 2561 curaverit.
1332 2524 1461 2560 Foco.

361 2584 452 2623 122.
511 2587 549 2617 et
566 2579 641 2618 hoc
657 2582 914 2630 Virgilianum
935 2587 993 2616 est
1012 2581 1109 2617 Aen.
1131 2581 1177 2618 2:
1209 2577 1411 2615 barbarico
1426 2583 1556 2627 postes·
1576 2588 1674 2612 auro

246 2636 456 2687 spoliisque
480 2635 648 2686 superbi.
709 2635 750 2672 id
776 2641 834 2672 est
854 2636 1052 2679 Asiatico,
1082 2634 1275 2684 Phtygio,
1304 2639 1348 2670 ut
1376 2635 1675 2682 interpretantur

246 2693 318 2730 viri
347 2691 465 2730 docti.
524 2693 658 2729 Horat.
691 2704 810 2728 carm.
839 2693 866 2730 2
897 2689 946 2730 4:
988 2688 1179 2727 barbarae
1208 2696 1358 2726 turmae
1384 2689 1454 2739 Pro
1479 2687 1676 2725 Troianis.
