1702 3060
230 141 263 188 4
705 143 788 186 FL.
821 141 1176 185 MEROBAUDIS

339 265 388 290 en
407 264 507 290 nova
526 251 605 288 iam
624 249 779 287 suboles
791 278 801 298 ,
832 262 931 302 quae
949 250 1018 287 vix
1035 247 1153 287 modo
1169 248 1288 288 missa
1304 250 1375 289 sub
1394 263 1513 290 auras

259 321 311 359 20
393 319 555 368 mystica
571 318 651 352 iam
667 323 802 353 tenero
821 323 975 367 pectore
995 329 1103 356 sacra
1115 318 1228 366 gerit,

340 384 472 432 vagitu
494 383 682 420 confessa.
739 381 856 433 deum
875 384 1017 421 sentire
1034 390 1210 434 putares:

393 449 529 486 mollia
551 451 605 486 sic
624 450 789 487 tremulo
805 457 979 488 moverat
999 463 1065 486 ora
1083 461 1194 487 sono·

340 528 363 552 o
383 514 499 554 felix!
531 529 607 554 uno
628 517 825 567 geminam
843 517 904 554 cui
922 523 1094 567 tempore
1112 516 1232 554 vitam
1275 509 1296 569 ΙΙ
1343 519 1436 560 ’98ῑ
1458 511 1498 550 ·d

665 720 1074 778 CARMEN
1147 721 1226 778 II.

396 794 416 813 t

395 849 414 868 ια

340 905 440 942 silva
461 906 579 953 viret,
607 904 812 956 pulchram
832 904 980 944 domiui
1001 907 1135 944 sortita
1151 907 1362 956 iuventam,

397 974 560 1022 ipsaque
579 974 779 1022 primaevo
797 973 945 1009 lumine
965 979 1068 1010 tecta
1085 974 1224 1021 nitent,

343 1051 442 1088 qaae
460 1039 579 1075 Foebi
599 1039 796 1077 fia1mnata
813 1040 906 1076 rotis
929 1045 966 1075 et
985 1040 1170 1090 principis
1191 1045 1295 1076 ostro

400 1104 567 1142 aetheris
588 1118 633 1142 ac
652 1112 776 1143 terrae
796 1104 923 1144 sidera
944 1107 1069 1147 mixta
1087 1110 1235 1145 tenent.

131 1182 165 1214 p.
188 1172 212 1206 3
288 1169 314 1210 5
343 1184 580 1210 marmoreos
599 1173 702 1223 rigat
713 1171 818 1214 unda
834 1173 964 1220 lacus,
987 1173 1173 1222 fictasque
1193 1169 1363 1208 metallis

397 1239 617 1287 cornigeras
641 1238 777 1290 rapido
797 1240 941 1290 proluit
962 1251 1075 1275 amne
1096 1239 1212 1285 feras,

344 1304 534 1355 turbaque
554 1305 706 1342 festinis
727 1313 861 1343 onerat
879 1306 1059 1356 crystalla
1076 1304 1254 1349 fluentis-3

395 1383 558 1419 gemma
575 1371 685 1408 vehit
701 1373 859 1408 laticem
877 1385 975 1423 quae
994 1372 1069 1408 fuit
1087 1377 1176 1407 ante
1194 1370 1318 1406 latex.

347 1435 519 1472 culmina
539 1437 642 1473 celsa
656 1443 764 1473 tenet
779 1438 883 1474 socia
905 1449 994 1473 cum
1015 1438 1177 1485 coniuge
1194 1436 1388 1485 princeps,

267 1501 317 1542 10
400 1503 508 1538 cuius
527 1514 635 1544 sacra
651 1503 750 1552 petit
764 1503 929 1552 pignora
945 1499 1116 1540 mundus
1134 1513 1270 1538 ovans.

346 1568 443 1603 mira
461 1566 579 1605 fides!
612 1575 743 1618 optare
761 1568 874 1615 licet,
906 1570 973 1619 qui
989 1574 1139 1618 sceptra
1159 1571 1386 1616 capessant3

400 1646 474 1669 nec
493 1646 705 1672 numerum
721 1647 858 1684 regum
875 1647 1033 1685 poscere
1052 1640 1142 1670 vota
1159 1634 1314 1673 timent.

348 1699 404 1735 εἰσ
421 1698 599 1738 dominos
618 1714 753 1738 secura
771 1702 832 1738 sui
850 1699 896 1736 de
914 1707 1118 1737 stemmate
1140 1700 1252 1749 regui

404 1768 602 1810 continuat
621 1768 797 1818 proprios
812 1765 908 1804 dum
923 1773 1026 1811 creat
1044 1767 1132 1810 aula
1150 1778 1287 1810 novos·

240 1904 420 1950 scripserat
434 1909 586 1943 omissum
600 1908 633 1944 in
647 1909 816 1954 sequentis
830 1907 921 1942 initio
935 1908 1104 1944 Aemonio.
1150 1917 1182 1942 v-
1203 1898 1247 1942 fss
1266 1907 1341 1942 cod.
1358 1906 1529 1945 Tetlu'dos.
1573 1917 1606 1946 v,
1623 1908 1667 1943 21

240 1960 283 1995 pr
297 1963 329 1988 ιιι
343 1965 387 1986 va
417 1954 512 1988 itum.

331 1965 472 2033 Moffere
486 2000 545 2033 vix
559 2009 643 2044 opus
659 2001 729 2039 est,
753 2008 839 2042 quae
852 1997 945 2031 initio
957 2001 1014 2031 aut
1028 1997 1096 2031 fine
1111 2007 1266 2031 versuum
1280 1995 1441 2030 inclinatis
1453 1996 1572 2031 litteris
1584 1997 1670 2032 sori-

241 2040 382 2085 buntur,
407 2055 480 2078 mea
505 2056 565 2088 pro
589 2043 742 2077 abscissis
757 2043 982 2088 supplementa
998 2053 1094 2084 esse;
1115 2042 1259 2086 singulas
1271 2042 1305 2075 in
1321 2042 1434 2080 mediis
1450 2043 1599 2080 versibus
1615 2043 1678 2088 lit-

239 2090 332 2119 teras
358 2099 418 2132 pro
444 2090 560 2126 exesis.
606 2089 649 2121 de
670 2088 854 2121 initiatione
872 2087 1038 2133 puellulae
1061 2087 1176 2133 regiae
1202 2098 1262 2134 per
1286 2097 1415 2121 sacrum
1439 2089 1562 2122 fontem
1577 2089 1671 2123 facta

239 2142 423 2212 {ermonem
448 2145 523 2168 esse
550 2133 652 2170 cuivis
679 2137 840 2179 apparet,
875 2132 992 2166 eodem
1018 2132 1115 2167 modo
1143 2143 1209 2177 quo
1236 2132 1377 2167 carmine
1396 2132 1447 2167 lv
1472 2133 1516 2166 de
1542 2133 1671 2167 infante

271 2177 338 2211 etii.
1414 2206 1417 2210 4

331 2223 488 2257 Abscissa
514 2223 688 2269 superiore
712 2223 854 2267 paginae
868 2225 966 2272 parte
980 2225 1062 2267 quot
1076 2232 1193 2260 versus
1207 2221 1452 2264 interciderint,
1475 2221 1563 2256 nulla
1577 2221 1674 2256 inve-

242 2266 304 2301 niri
327 2273 442 2311 potest
464 2269 670 2302 coniectura:
695 2268 754 2301 sed
769 2268 801 2301 in
815 2268 879 2308 hac
895 2268 1028 2310 lacuna,
1053 2267 1204 2301 absoluto
1228 2267 1371 2300 carmine
1386 2266 1474 2312 quod
1490 2267 1672 2312 praecedit,

243 2311 384 2346 alterum
411 2314 454 2346 ab
479 2325 519 2346 eo
545 2314 710 2347 diversum
735 2313 896 2357 incepisse
921 2317 1099 2356 propterea
1114 2312 1201 2345 haud
1216 2312 1406 2345 dubitanter
1428 2316 1558 2352 statuo,
1583 2311 1672 2356 quod

242 2356 325 2392 alias
340 2358 391 2390 bis
408 2357 520 2391 eadem
536 2358 673 2391 dixisset
687 2369 752 2390 non
768 2357 932 2393 absurdus
948 2360 1066 2401 poeta3
1091 2357 1309 2401 absolutoque
1322 2357 1460 2394 disticho
1477 2357 1672 2396 duodecimo

240 2401 379 2453 primum
403 2414 533 2436 carmen
556 2408 634 2448 apte
657 2402 872 2436 concluditur.
918 2405 956 2435 ut
969 2401 1028 2436 illo
1042 2401 1216 2436 triclinium
1228 2427 1238 2443 ‚
1261 2401 1310 2434 sic
1325 2402 1390 2434 hoc
1404 2402 1519 2435 hortos
1535 2403 1673 2437 laudare

242 2446 382 2485 videtur,
429 2447 563 2482 secundi
579 2447 708 2485 distichi
722 2458 836 2480 sensus
851 2446 946 2485 valde
962 2447 1122 2485 obscurus
1137 2450 1204 2485 est:¹
1220 2446 1341 2486 licetne
1356 2446 1398 2479 de
1413 2446 1509 2487 vitris
1523 2458 1673 2497 purpura

242 2491 399 2531 coloratis
422 2493 586 2536 cogitare,
609 2503 669 2538 per
692 2503 777 2536 quae
800 2491 934 2529 immissi
958 2492 1037 2525 solis
1052 2491 1136 2525 radii
1151 2492 1258 2524 lumen
1275 2501 1474 2536 purpureum
1488 2493 1673 2536 spargant?

241 2538 439 2582 cornigerae
456 2539 597 2582 pecudes
619 2538 668 2582 (11
685 2548 717 2571 v.
734 2538 771 2580 6)
796 2541 873 2570 sunt
899 2537 988 2573 cervi
1005 2548 1045 2570 ex
1060 2547 1140 2570 auro
1163 2536 1244 2573 sacti
1256 2563 1266 2579 ‚
1291 2545 1428 2580 quorum
1444 2537 1532 2571 circa
1547 2539 1671 2577 fontem
1693 2550 1696 2554 ·

238 2581 471 2635 dispositorum
497 2582 618 2616 mentio
637 2582 724 2628 apud
748 2581 958 2615 Anastasium
981 2581 1016 2618 in
1040 2580 1226 2625 baptisterii
1256 2580 1480 2625 descriptione
1504 2582 1670 2623 occurrit3

239 2626 303 2660 nisi
326 2631 434 2660 tamen
457 2627 499 2661 de
522 2638 634 2662 museo
657 2637 758 2671 opere
778 2626 964 2671 intelligere
979 2626 1106 2671 placet,
1129 2625 1163 2659 in
1177 2625 1241 2659 imo
1257 2625 1332 2658 lacu
1348 2625 1543 2666 marmoren.
1588 2628 1672 2660 aula

239 2682 327 2716 quae
342 2683 447 2711 novos
462 2673 610 2706 dominos
627 2675 776 2713 crearet,
800 2671 982 2711 Theodosii
1003 2670 1143 2711 iunioris
1157 2670 1299 2721 Augusti
1313 2674 1387 2719 est?
1411 2682 1473 2717 per
1487 2673 1583 2723 qoem
1601 2671 1672 2706 Va-

239 2716 440 2756 lentinianus
453 2717 489 2755 ln
505 2717 689 2753 Occidente
701 2716 873 2762 regnabat.
1475 2724 1482 2728 ’
