1702 3060
258 170 348 216 194

253 413 332 455 240

256 739 335 783 245

257 1072 338 1113 250

255 1403 335 1446 255

254 1737 335 1776 260

257 2065 338 2107 265

256 2398 336 2438 270

255 2726 334 2767 275

652 167 868 212 CORIPPI
900 167 974 209 DE
1007 167 1275 209 LAUDIBUS

362 281 556 328 ingressus
573 279 720 327 primos
739 277 1008 328 immensaque
1030 274 1124 312 atria
1144 275 1311 311 lustrans
1363 288 1368 291 ·

363 348 538 394 ingentes
558 342 709 379 adstare
731 344 848 380 viros.
905 349 1011 380 scuta
1034 354 1148 378 aurea
1173 347 1344 388 cernunt,

361 413 517 462 pilaque
539 410 753 459 suspiciunt
773 410 850 445 alto
871 407 1117 459 splendentia
1137 407 1238 444 ferro

363 488 499 522 aurea,
529 481 567 511 et
590 482 742 511 auratos
766 487 881 521 conos
902 477 1113 526 cristasque
1131 473 1325 510 rubentes.

363 541 589 579 horrescunt
608 542 762 577 lanceas
783 553 994 592 saevasque
1014 543 1155 577 instare
1175 550 1349 583 secures3

365 615 568 659 ceteraque
589 608 766 656 egregiae
788 613 962 657 spectant
982 607 1166 642 miracula
1190 619 1369 656 pompae,

366 673 583 719 ‹et-credunt
601 673 707 710 aliud
726 675 899 709 Romana
917 673 1060 722 palatia
1078 673 1243 707 caelum.

365 742 529 790 spectari
546 739 737 789 gaudent,
766 737 987 788 hilaresque
1007 739 1148 774 intrare
1168 737 1305 774 videri.

364 819 443 843 non
467 818 576 842 secus
597 808 797 856 Hyrcanae
818 805 996 854 quotiens
1015 804 1233 852 spectacula
1252 805 1371 852 tigres

367 871 434 908 dat
453 874 606 922 populis
628 883 727 908 nova
749 873 871 907 Roma
892 870 991 916 suis,
1022 868 1178 906 ductore
1197 871 1381 918 magistro

365 951 444 975 non
464 939 575 974 solita
595 939 745 974 feritate
763 937 953 982 fremunt,
983 934 1052 972 sed
1070 936 1244 984 margine
1262 941 1342 971 toto

366 1006 552 1041 intrantes
569 1006 729 1055 plenum
749 1003 982 1052 populorum
1001 1003 1109 1037 milia
1129 1002 1273 1037 circum

366 1073 598 1121 suspiciunt,
627 1081 845 1119 magnoque
867 1075 974 1104 metu
994 1069 1194 1104 mitescere
1216 1067 1391 1114 discunt3

367 1137 565 1188 deponunt
583 1136 751 1182 rabiem,
784 1133 955 1184 gaudent
974 1134 1056 1170 fera
1077 1135 1204 1170 vincla
1223 1134 1365 1181 subire,

364 1218 434 1255 per
450 1202 600 1239 medios
619 1204 760 1238 intrare
778 1201 906 1247 locos,
934 1200 1140 1250 ipsumque
1160 1201 1348 1250 superbae

368 1268 473 1321 quod
493 1275 713 1319 spectentur
731 1273 880 1312 amant,
912 1279 1069 1302 caveam
1087 1267 1296 1317 turbasque
1314 1267 1488 1303 faventes

365 1336 551 1382 lustrant,
583 1342 621 1371 et
640 1347 784 1384 pronae
805 1333 948 1370 solium
967 1333 1163 1382 regnantis
1182 1331 1356 1370 adorant.

365 1414 501 1439 verum
521 1408 562 1438 ut
582 1406 775 1437 contracto
795 1404 1003 1449 patuerunt
1023 1399 1161 1435 intima
1184 1400 1272 1436 velo

365 1470 462 1506 ostia
474 1497 484 1515 ‚
515 1474 554 1504 et
569 1467 693 1503 aurati
707 1467 926 1503 micuerunt
947 1466 1042 1500 atria
1059 1466 1163 1512 tecti,

362 1536 670 1583 Caesareumque
689 1538 803 1582 caput
821 1529 1041 1567 diademate
1059 1531 1212 1580 fulgere
1232 1544 1339 1568 sacro

363 1602 545 1650 Targites
569 1599 744 1648 suspexit
767 1599 892 1645 Avar,
922 1604 982 1634 ter
1001 1598 1148 1647 poplite
1172 1597 1273 1634 flexo

362 1679 507 1717 pronus
528 1664 722 1712 adoravit,
752 1671 955 1715 terraeque
977 1664 1129 1701 adfixus
1146 1663 1328 1702 inhaesit.

363 1732 467 1769 hunc
486 1734 631 1768 Avares
651 1732 719 1767 alii
737 1732 856 1768 simili
871 1738 1015 1767 terrore
1038 1731 1160 1767 secuti

365 1802 405 1837 in
425 1799 543 1835 facies
564 1796 736 1834 cecidere
754 1809 864 1844 suas,
894 1804 1110 1848 stratosque
1127 1803 1278 1846 tapetas

363 1868 489 1903 fronte
507 1871 656 1911 terunt,
685 1864 890 1913 longisque
913 1864 1079 1912 implent
1100 1864 1267 1913 spatiosa
1290 1863 1438 1912 capillis

366 1934 462 1969 atria
483 1938 520 1968 et
538 1933 756 1980 Augustam
773 1929 958 1966 membris
978 1929 1214 1965 immanibus
1234 1929 1377 1965 aulam.

366 2005 409 2035 ut
430 1999 599 2044 clemens
618 1998 797 2047 princeps
819 1996 967 2044 legatos
988 2008 1144 2045 surgere
1163 1996 1275 2031 iussit

367 2065 493 2101 officio
513 2071 673 2111 stratos,
702 2064 810 2100 iussu
827 2063 1053 2113 monituque
1073 2062 1241 2098 iubentis

368 2144 525 2168 erexere
545 2132 661 2167 viros.
712 2125 846 2180 “quod
864 2123 1072 2179 poscitis‚'’
1100 2141 1164 2164 ore
1184 2140 1319 2164 sereno

367 2199 577 2234 clementer
598 2202 778 2245 regnator
800 2197 873 2242 ait,
898 2189 1156 2240 “memorate‚
1188 2191 1335 2242 docete,

367 2271 405 2299 et
424 2265 541 2300 vestri
561 2263 661 2312 regis
681 2275 780 2314 quae
802 2263 850 2299 sit
868 2262 1010 2311 legatio
1030 2254 1171 2297 serte.''

364 2328 462 2366 haec
479 2336 687 2380 postquam
706 2330 884 2379 princeps
903 2328 1111 2378 tranquilla
1134 2339 1228 2363 voce
1249 2326 1436 2376 profatus,

366 2394 505 2431 crudus
526 2402 563 2431 et
583 2408 695 2445 asper
709 2397 814 2431 Avar
832 2394 943 2431 dictis
962 2396 1017 2430 sic
1034 2394 1159 2442 coepit
1178 2393 1338 2429 acerbis.

360 2456 459 2497 “rex
476 2462 647 2497 Avarum
666 2459 845 2511 Chagau,
876 2460 1074 2497 debellans
1092 2459 1230 2495 intima
1249 2455 1399 2504 mundi,

366 2527 536 2564 famosos
557 2529 692 2564 stravit
707 2539 850 2576 magna
867 2527 1008 2562 virtute
1023 2532 1220 2575 tyrannos,

366 2595 588 2631 innumeros
606 2594 771 2644 populos
790 2599 827 2629 et
843 2593 956 2629 fortia
974 2604 1092 2641 regna
1112 2590 1286 2640 subegit3

366 2662 474 2697 cuius
492 2658 716 2697 Threicium
736 2660 837 2709 potis
857 2665 914 2695 est
933 2659 1125 2694 exercitus
1146 2657 1320 2693 Hebrum

365 2724 555 2763 exhausto
577 2727 720 2763 siccare
739 2725 846 2772 lacu,
876 2724 1112 2774 fluviumque
1130 2721 1299 2759 bibendo
