1702 3060
241 131 336 175 228
736 122 1173 167 MAZZUCCHELLII

348 240 417 279 23.
472 236 559 287 φιιῖς
577 234 675 271 mihi
689 234 795 282 Virg.
815 231 921 269 Aen.
943 233 993 271 12
1013 230 1109 271 500.

351 306 417 344 26.
472 301 547 337 nisi
576 300 674 336 velis
698 298 986 348 subintelligere
1013 303 1080 341 ut,
1125 296 1286 333 sortasse
1323 293 1536 345 legendum
1561 295 1659 332 erit:
1697 345 1702 352 ⁴

243 367 410 408 tempera
432 363 466 392 et
481 356 653 392 insuetis.
1698 353 1702 386 ἦ

351 425 418 462 27.
475 422 554 458 cic.
572 420 618 456 de
636 418 734 458 clar.
760 418 910 456 Orator.
932 415 982 458 15
993 428 1003 453 x
1033 415 1184 453 latrant
1197 416 1278 453 iam
1297 417 1458 467 quidam
1477 423 1661 460 oratores,
1699 400 1702 413 ⁴

243 491 319 514 non
342 477 565 526 loquuntur.

350 543 416 582 31.
471 542 514 577 in
539 553 600 576 ms
624 538 690 576 hie
707 538 898 575 Anitalas
917 544 954 574 et
977 537 1075 574 libro
1100 539 1288 588 superiori
1306 551 1346 576 v·
1360 536 1440 579 469
1459 537 1664 574 Amitalas

241 603 412 634 vocatur.
467 595 556 633 vide
574 607 672 646 quae
689 595 744 630 ibi
760 593 943 630 adnotavi
961 592 1008 629 de
1025 591 1176 629 eodem.
1663 615 1665 617 .

351 665 417 702 32.
462 660 632 710 fiariale.
687 662 764 696 ritu
781 658 972 703 adverbii,
1010 665 1053 694 ut
1083 657 1188 709 apud
1211 657 1470 696 Claudianum
1494 658 1542 695 de
1566 657 1664 694 bello

248 718 479 756 Gel.Cam1.
499 718 551 756 26
575 715 678 755 325:
708 715 765 751 leo
783 714 927 750 mcedtt
933 713 1101 764 furtale

352 771 404 810 ib.
457 770 583 807 omni-s·
602 782 671 819 pro
692 782 848 813 omnes,
875 775 917 804 ut
934 770 1079 817 passim
1100 766 1202 818 apud
1222 774 1372 805 veteres
1391 770 1609 819 scriptores.

354 840 422 878 33.
479 848 615 885 supra,
656 836 679 874 1
703 833 802 880 440,
838 847 907 883 pro
927 834 1050 869 aratis
1066 834 1252 883 manipli-v
1272 835 1351 884 legi
1374 836 1518 870 aeratis
1536 834 1666 870 mani-

238 893 348 943 plis,
377 905 465 929 cum
493 897 671 940 ageretur
702 888 750 925 de
778 890 963 925 Romanis
990 889 1167 933 aciebus3
1215 887 1279 924 hic
1304 895 1435 925 autem
1455 889 1667 938 legendum
1698 908 1702 911 ·

243 949 378 998 putavi
398 947 525 997 potius
541 952 733 989 armatas,
762 957 850 980 cum
873 943 920 980 de
936 944 958 979 b
963 944 1042 979 z‘urb
1032 945 1106 979 tris
1128 950 1324 993 utcunque
1345 946 1502 980 armatis
1517 952 1670 998 agatur,

246 1011 283 1040 et
306 1017 393 1039 cum
410 1003 526 1052 paulo
545 1001 665 1046 infra,
704 1012 742 1036 v.
766 1001 838 1045 29,
879 1011 1010 1034 rursus
1040 1005 1212 1034 occurrat
1231 1006 1407 1035 armatas
1419 999 1663 1050 phalangas.

246 1060 352 1107 Virg.
372 1059 476 1095 Aen.
507 1058 551 1095 11
578 1053 680 1094 541·
710 1054 837 1090 media
853 1055 952 1089 inter
965 1067 1019 1101 pr
1020 1053 1118 1089 oelzcc
1139 1053 1243 1089 belli.

356 1111 423 1151 34.
479 1110 641 1146 Autalas
655 1109 758 1145 fuit
748 1122 790 1144 lu
806 1108 880 1145 fide
897 1110 1081 1145 Romanis
1099 1107 1187 1144 data
1207 1114 1384 1145 constans
1402 1109 1448 1144 ab
1471 1122 1571 1146 anno
1590 1109 1669 1150 533

247 1167 297 1204 ad
325 1179 471 1203 annum
495 1177 619 1215 usque
649 1163 750 1212 548,
793 1171 836 1200 ut
864 1163 996 1200 videre
1025 1170 1082 1200 est
1109 1162 1212 1213 apud
1237 1165 1469 1214 Procopium
1495 1165 1543 1202 de
1573 1164 1670 1201 hello

254 1222 298 1260 V
289 1222 383 1259 and.
407 1224 433 1261 2
455 1221 522 1259 21.

357 1278 423 1316 36.
480 1274 638 1322 Sergius
649 1301 658 1319 ,
685 1272 786 1309 filius
806 1271 949 1309 Bacchi
965 1272 1186 1309 Solomonis
1202 1273 1330 1309 fratris
1342 1301 1352 1320 ,
1381 1273 1456 1309 fuit
1471 1275 1673 1324 potissima

248 1344 363 1368 causa
388 1329 608 1366 rebellionis
626 1329 871 1375 Maurorum,
914 1341 1002 1364 cum
1029 1335 1223 1377 praeesset
1251 1330 1473 1377 provinciae
1497 1331 1673 1379 Tripoli-

248 1395 363 1424 tanae
377 1414 387 1432 ,
417 1392 459 1421 ut
478 1385 559 1419 iam
578 1385 688 1432 tetigi
709 1382 758 1418 ad
776 1386 795 1423 1
821 1382 911 1422 144.
969 1383 1016 1418 ab
1042 1382 1181 1418 eodem
1199 1384 1384 1432 Procopio
1407 1385 1447 1419 in
1465 1385 1571 1421 Hist.
1591 1399 1674 1423 arc.

252 1455 284 1478 c.
306 1442 330 1481 5
347 1455 387 1491 p,
411 1441 458 1479 18
479 1439 652 1488 pingitur
674 1438 832 1486 Sergius
854 1439 910 1473 uti
929 1436 1095 1473 imbellis
1118 1445 1153 1473 et
1172 1438 1360 1474 delicatus
1373 1465 1387 1482 ,
1427 1452 1476 1474 ac
1492 1446 1536 1475 ut
1549 1446 1675 1476 aetate

245 1509 408 1547 prorsus
439 1493 625 1537 iuvenili,
667 1494 724 1528 sic
754 1494 869 1528 etiam
897 1491 1066 1528 moribus
1075 1506 1091 1538 ;
1133 1493 1284 1529 invidia
1315 1499 1352 1528 et
1375 1494 1602 1542 petulantia
1632 1497 1675 1531 in

249 1565 378 1588 omnes
393 1549 566 1586 homines
584 1547 838 1598 effitsissimus
851 1575 864 1592 ‚
906 1547 1238 1598 mollifiucloque
1256 1548 1388 1593 culta,
1418 1555 1454 1584 et
1471 1548 1602 1586 buccis
1622 1549 1678 1586 ad

251 1605 475 1656 superbiam
493 1604 653 1651 inflatis.
711 1603 760 1638 cf.
783 1602 946 1639 debello
971 1603 1012 1639 V
1006 1603 1100 1638 and.
1127 1605 1150 1642 2
1169 1606 1236 1644 22.

362 1662 428 1700 38.
482 1660 609 1695 Tacit.
630 1658 736 1695 Hist.
755 1657 781 1696 4
801 1659 874 1697 35:
903 1658 1046 1693 incerto
1065 1659 1212 1696 Marte.

362 1716 429 1754 39.
486 1714 613 1762 Sergii
649 1712 853 1762 perfidiam
887 1714 930 1748 in
955 1712 1140 1749 necandis
1173 1716 1225 1755 80
1253 1713 1392 1764 legatis
1420 1715 1677 1764 Languantan

254 1771 333 1807 iam
353 1769 463 1817 tetigi
483 1768 534 1804 ad
555 1772 573 1808 1
599 1767 689 1806 144.

361 1823 428 1864 41.
482 1830 543 1859 ter
571 1835 664 1859 usus
695 1827 753 1858 est
782 1819 1019 1858 Claudianus
1049 1835 1144 1859 voce
1179 1822 1362 1860 caedibus
1393 1824 1438 1860 iu
1462 1825 1678 1874 penultima

253 1892 385 1917 versus
402 1876 509 1918 sede.

364 1933 430 1974 42.
488 1929 625 1970 Claud.
644 1935 671 1972 2
693 1932 736 1967 in
753 1930 894 1978 Rufin.
918 1941 1037 1968 carm.
1058 1931 1083 1972 5
1107 1934 1209 1973 237:
1252 1932 1352 1983 quid
1373 1934 1680 1983 consanguineas

255 1990 370 2027 acies.

365 2042 432 2083 43.
490 2041 641 2078 fflexes.
698 2038 746 2078 de
769 2039 844 2078 hac
861 2047 976 2091 gente
996 2041 1054 2077 nil
1070 2042 1238 2092 reperire
1260 2043 1370 2092 potui
1390 2040 1538 2093 apud²³
1519 2055 1681 2092 “ecgra-

257 2097 355 2149 phos
373 2098 437 2135 vel
455 2096 672 2134 histonicos.

368 2152 436 2192 44.
490 2153 599 2201 Virg.
617 2151 722 2190 Aen.
741 2150 767 2192 5
785 2153 887 2193 730:
920 2165 1019 2202 gens
1040 2151 1143 2188 dara
1162 2159 1279 2202 atque
1297 2165 1437 2201 aspera
1459 2151 1582 2188 culta.
1641 2165 1680 2188 v.

258 2209 358 2245 infra
377 2209 526 2246 v.102.

369 2261 474 2302 45—
479 2265 518 2302 6.
574 2261 680 2310 Virg.
701 2260 805 2297 Aen.
820 2263 844 2301 6
863 2263 993 2302 881-
998 2263 1045 2301 2:
1074 2275 1142 2297 εειι
1157 2261 1375 2311 cumpedes
1393 2262 1463 2297 iret
1479 2262 1522 2297 in
1538 2260 1686 2296 hostem

259 2332 326 2355 seu,
349 2317 567 2366 spumanti-⁹
594 2317 684 2366 equi
702 2316 858 2366 joderet
883 2316 1104 2353 calcaribus
1135 2330 1277 2353 armos.
1321 2323 1359 2353 et
1389 2317 1414 2356 7
1449 2315 1550 2356 6242
1585 2329 1685 2365 pars

254 2373 372 2424 pedes
391 2373 445 2407 ire
459 2377 592 2419 parat,

370 2427 519 2466 48—9.
575 2426 680 2473 Virg.
700 2426 804 2462 Aen.
828 2428 879 2465 12
908 2427 1010 2468 650:
1049 2426 1192 2463 medios
1216 2424 1325 2462 volat
1350 2437 1434 2461 eece
1460 2438 1536 2474 per
1563 2424 1686 2461 hostes

263 2489 395 2520 vectas
411 2493 506 2531 equo
523 2487 726 2529 spumante
747 2481 883 2530 Sages,

373 2537 439 2578 60.
497 2535 659 2572 fortasse
671 2535 758 2571 Aor
775 2543 831 2572 est
846 2548 989 2571 nomen
1006 2536 1206 2586 proprium
1227 2533 1334 2572 ducis
1353 2534 1547 2572 Africani:
1576 2547 1686 2572 secus

268 2593 338 2629 erit
357 2589 627 2640 corrigendum
643 2603 745 2629 acer.

377 2646 443 2687 52.
499 2658 637 2681 saei-as
660 2647 702 2681 in
723 2645 844 2681 armi-s·
863 2645 967 2693 Virg.
986 2644 1091 2681 Aen.
1117 2646 1168 2684 12
1190 2647 1279 2684 107.
1310 2644 1358 2681 de
1383 2644 1554 2696 Nausta-
1573 2649 1686 2694 gente

269 2704 399 2752 ignota
421 2701 573 2738 Africae
595 2702 776 2752 frequens
797 2707 852 2737 est
873 2701 1017 2736 mentio
1037 2701 1077 2735 in
1095 2697 1169 2737 hoc
1189 2704 1380 2750 poemate.
