1702 3060
274 137 336 183 78
874 136 1089 180 CORIPPI

381 247 449 286 vix
468 246 590 297 potuit
610 250 756 281 tentare
774 244 926 295 fugam,
954 245 1163 282 moriturus
1185 244 1225 282 in
1239 243 1373 284 xhostes

381 327 468 350 cum
487 325 604 362 parva
622 313 698 347 ruit
715 312 783 348 ille
801 324 934 348 manu.
988 312 1142 348 fortuna
1160 313 1323 349 salutem

379 378 566 429 praestitit
584 376 763 426 audenti,
794 377 964 429 duraque
986 392 1007 414 e
1026 385 1150 415 morte
1168 379 1326 416 levavit.

267 446 348 486 205
430 446 579 481 Interea
598 445 742 482 Stutias
764 447 890 481 anima
906 445 1078 494 fugiente
1098 443 1265 481 dolebat.

374 510 564 559 paenituit
587 511 751 548 bellasse
771 512 921 548 ferum:
951 512 1114 561 suspiria
1135 509 1239 546 ducit

378 587 468 611 cum
483 579 649 625 gemitu,
679 590 840 630 seseque
859 577 993 615 dolens
1013 578 1067 614 sic
1083 578 1253 626 increpat
1270 576 1367 626 ipse.

371 637 485 692 ‘quae
505 642 602 679 mihi
621 644 794 681 bellandi
811 645 936 680 fuerat
954 651 1036 680 tam
1055 643 1136 680 dira
1154 642 1360 693 voluptas?

376 722 442 744 cur
462 722 590 746 rerum
609 712 782 759 ingratus
804 709 958 746 domino
978 722 1252 761 nunquamque
1269 709 1423 747 fidelis?

266 776 346 814 210
374 774 514 810 infelix
533 777 672 812 virtute
693 774 802 813 mea!
857 774 973 812 modo
991 776 1161 825 paenitet
1179 777 1266 823 ista,

377 839 471 876 dum
490 841 687 889 miserum,
706 854 810 878 mors
830 854 956 888 saeva,
975 840 1111 878 trahis.
1140 840 1313 889 reddam,
1333 843 1520 894 improba,
1538 856 1678 894 poenas

376 919 472 958 quas
493 908 630 943 merui.
687 907 811 944 Furiis
831 909 954 944 socius
977 908 1141 944 Catilina
1163 908 1328 943 cruentis

374 974 591 1022 exagitatus
612 971 734 1010 adest.
790 972 903 1010 video
924 975 1004 1010 iam
1023 975 1185 1010 Tartara
1206 971 1340 1022 fundo,

383 1039 701 1089 flammarumque
718 1039 852 1088 globos
867 1047 904 1076 et
921 1039 1003 1076 dira
1019 1037 1198 1076 incendia
1214 1040 1332 1076 volvi.

269 1105 348 1146 215
375 1103 558 1154 perfidiae
579 1106 760 1140 meritiun
779 1117 866 1141 cum
886 1105 1003 1142 durae
1024 1106 1181 1141 crimine
1201 1107 1334 1143 mortis

375 1170 449 1207 hoc
470 1170 567 1207 mihi
586 1171 690 1207 bella
710 1171 850 1208 ferunt.
909 1171 1063 1208 doleant
1086 1178 1320 1222 caveantque
1340 1174 1466 1211 Latini

375 1235 447 1274 has
466 1249 629 1287 poenas,
657 1237 846 1287 rebusque
864 1235 983 1272 fidem
1003 1235 1243 1288 dominisque
1263 1237 1488 1278 reservent?

377 1301 499 1349 dixit3
531 1310 568 1339 et
586 1303 782 1339 infelicem
802 1304 971 1338 animam
988 1316 1093 1340 mors
1111 1305 1231 1354 impia
1253 1305 1401 1343 clausit.

432 1367 580 1406 Occidit
598 1375 641 1404 ut
662 1368 827 1415 Stutias‚
862 1380 1083 1419 quanquam
1102 1369 1208 1408 ducis
1227 1379 1326 1408 esset
1343 1373 1499 1411 acerbus

266 1437 347 1477 220
373 1441 497 1471 morte
519 1433 629 1471 dolor
647 1435 790 1484 populo
803 1463 814 1482 ,
841 1435 1025 1471 Romanis
1045 1448 1212 1472 crescere
1229 1438 1350 1476 virtus

373 1507 569 1550 coeperat,
601 1507 638 1537 et
659 1513 813 1550 campos
833 1501 933 1536 acies
949 1501 1030 1536 iam
1043 1507 1172 1538 nostra
1190 1503 1359 1552 petebat.

373 1566 585 1604 Guntarich
605 1580 653 1603 en
674 1568 815 1603 iterum
833 1578 1013 1615 perversa
1032 1574 1160 1604 mente
1178 1569 1384 1618 malignus,

370 1631 562 1683 perfidus,
592 1632 752 1679 infelix,
783 1638 913 1679 atrox,
942 1632 1132 1680 insulsus,
1162 1633 1325 1683 adulter,

368 1698 534 1750 praedo,
565 1697 781 1745 homicida,
813 1711 955 1748 raan,
988 1699 1179 1737 bellorum
1197 1702 1388 1751 pessimus
1407 1709 1550 1752 auctor,

259 1765 340 1808 225
371 1765 567 1802 ductorem
587 1765 784 1800 incautum
806 1763 1025 1801 crudelibus
1045 1773 1205 1816 occupat
1227 1769 1356 1815 annis,

370 1843 676 1883 oppressumque
700 1829 788 1866 dolo
806 1832 951 1880 rapuit,
980 1832 1186 1882 iuransque
1205 1831 1357 1870 fefellit.

369 1899 554 1949 principis
573 1895 668 1933 haut
683 1897 796 1933 illum
814 1898 911 1932 tanti
929 1899 1141 1933 reverentia
1160 1900 1302 1946 movit3

367 1977 519 2002 sumere
540 1977 612 2000 nec
631 1964 761 1999 timuit
778 1963 927 1999 bellum
942 1975 1161 2014 nomenque
1177 1966 1343 2014 tyranni.

369 2044 463 2083 quas
482 2031 595 2081 Tyrii
613 2028 763 2077 clades,
793 2041 891 2080 quae
911 2041 1025 2065 saeva
1045 2031 1215 2078 pericula
1235 2032 1339 2080 passi

260 2100 341 2139 230
369 2098 438 2135 sub
461 2095 591 2147 gladio
612 2097 763 2132 iacuere
783 2096 914 2145 gravi,
944 2093 1013 2132 sed
1034 2102 1205 2146 tempore
1224 2109 1365 2147 parvo:

369 2176 463 2199 nam
480 2163 654 2200 breviata
675 2161 756 2198 dies
774 2159 933 2198 infanda
953 2167 990 2198 et
1007 2163 1173 2211 pessima
1195 2164 1303 2212 regni
1322 2170 1392 2200 est.

366 2242 460 2267 nam
479 2236 590 2279 pater
609 2229 676 2265 ille
696 2229 821 2265 bonus
841 2228 1001 2264 summis
1021 2226 1255 2271 Athanasius
1272 2230 1387 2267 Afros

368 2297 538 2332 consiliis
552 2293 682 2331 media
701 2295 826 2345 rapuit
847 2292 894 2330 de
915 2292 1030 2330 caede
1047 2294 1223 2343 maligni.

368 2360 434 2398 hic
452 2362 578 2412 potuit
598 2361 764 2411 Libyam
784 2362 967 2397 Romanis
986 2359 1147 2398 reddere
1166 2361 1276 2397 fastis

255 2427 335 2471 235
365 2429 490 2475 solus,
521 2434 559 2464 et
578 2427 764 2463 infestum
782 2427 859 2464 leto
879 2426 1062 2463 damnare
1077 2433 1299 2477 tyrannum.

366 2495 574 2532 Armenius
595 2493 694 2528 tanti
715 2493 841 2529 fuerat
856 2499 947 2530 tunc
965 2493 1032 2529 ille
1049 2495 1225 2530 minister

366 2560 529 2596 consilii.
585 2557 690 2595 hunc
707 2558 882 2609 placidus
905 2571 999 2595 cana
1019 2561 1206 2608 gravitate
1228 2558 1353 2607 coegit

256 2657 324 2692 212
344 2655 484 2691 catenum
496 2655 635 2690 furentis
651 2657 683 2690 Τ
772 2655 840 2690 214
862 2655 945 2690 dura
961 2656 994 2690 Τ
1078 2655 1147 2691 231
1170 2666 1243 2690 nam
1258 2655 1316 2698 M,
1338 2653 1392 2689 alii
1407 2654 1440 2688 Τ
1525 2653 1592 2688 232
1615 2654 1674 2688 ba-

256 2702 327 2735 fros
345 2702 377 2736 T
503 2702 569 2736 235
593 2701 732 2736 clamare
750 2701 789 2735 Τ.
