1702 3060
204 141 294 170 xxn
706 129 1143 172 MAZZUCCHELLII

206 244 337 274 noster
355 238 443 288 plus
461 250 579 290 quam
598 244 749 289 septem
775 250 977 290 nunquam
1003 238 1258 276 enumeravit.
1315 246 1513 290 praeterea
1536 241 1632 279 Tri-
1668 232 1673 241 ἲ

207 305 403 341 vultianus
432 303 557 341 codex
580 304 792 341 Mediolani
813 306 1028 356 exscriptus
1047 305 1122 342 fuit
1142 306 1295 343 saeculo
1317 305 1386 354 14,
1417 306 1631 360 eademque

206 372 248 406 in
268 371 362 407 urbe
380 383 534 419 semper
551 371 718 418 exstitit,
748 378 792 408 ut
809 371 918 408 brevi
933 385 997 408 me
1017 372 1354 423 comprobaturum
1369 385 1495 423 spero.
1541 372 1632 411 ideo
1680 359 1688 410 t·.

207 436 516 472 Mediolanensi&
539 449 561 472 a
587 450 653 474 me
679 445 836 476 vocatus
866 446 924 476 est
946 440 988 475 in
1015 440 1100 489 ipsa
1125 439 1215 475 libri
1245 439 1392 486 fronte,
1426 446 1470 476 ut
1500 441 1633 476 statim
1682 471 1686 475 .

206 502 369 539 lectores
392 515 594 540 monerem
618 517 690 541 nec
712 504 936 542 Budensem
960 519 1087 558 neque
1112 505 1363 542 Casinensem
1386 518 1451 543 me
1473 514 1633 544 nactum
1678 548 1681 550 q

205 570 340 606 fuisse.
397 581 449 605 ex
475 568 695 607 charactere
721 572 789 609 illo
814 573 915 608 inter
933 574 1118 609 Latinum
1135 579 1173 609 et
1191 573 1476 620 Teutonicum,
1515 586 1633 626 quem

206 635 532 686 Semigotthicum
552 638 723 687 appellat
743 639 883 688 vulgus
896 667 906 685 ,
936 651 1008 675 nec
1026 652 1105 676 non
1125 652 1176 676 ex
1191 640 1259 676 illa
1279 640 1454 676 crassiori
1469 651 1632 691 papyro,

206 703 316 739 cuius
333 715 426 739 usus
444 704 570 753 viguit
589 706 795 754 praecipue
817 705 972 742 saeculo
999 704 1069 752 14,
1113 707 1274 743 coniioio
1297 705 1348 743 ad
1370 704 1478 742 idem
1497 719 1634 743 saecu-

205 769 291 806 lum
307 771 495 819 spectare.
553 768 685 806 charta
706 783 747 806 re
769 783 860 807 vera
878 783 970 820 prae
990 784 1032 807 se
1051 772 1126 808 fert
1143 773 1300 821 signum
1319 771 1518 824 quoddam
1534 772 1635 810 mihi

206 837 386 884 ignotum
400 863 410 881 ,
440 847 582 884 nempe
603 837 807 886 palliolum
825 837 1076 886 bipartitum,
1119 838 1184 875 vel
1212 840 1328 875 vittas
1358 837 1454 876 duas
1485 838 1637 890 depen-

207 899 365 948 dentes,
406 902 537 937 neseio
565 914 615 937 an
643 903 690 938 ab
720 903 783 939 ala
813 911 974 940 extensa
998 902 1063 940 vel
1089 915 1112 939 a
1139 915 1259 940 cornu
1278 906 1447 942 cervino.
1504 905 1576 943 sed
1594 908 1637 943 in

204 969 291 1018 ipso
309 966 442 1003 codice
461 965 635 1003 adiectae
654 967 812 1003 fuerunt
831 965 983 1014 eodem,
1011 975 1056 1003 ut
1073 976 1180 1016 puto,
1214 970 1368 1007 saeculo
1385 971 1516 1020 plures
1536 973 1638 1009 aliae

206 1033 384 1080 chartae,
432 1035 474 1069 in
506 1033 647 1084 quibus
687 1034 853 1070 aliorum
882 1037 1090 1084 poetarum
1125 1033 1298 1069 carmina
1327 1039 1523 1088 exscripta
1548 1045 1639 1077 sunt

206 1099 427 1136 charactere
457 1111 537 1135 11011
565 1099 736 1136 absimili
764 1101 825 1137 illi
855 1113 931 1153 quo
958 1101 1117 1150 Corippi
1140 1102 1281 1149 poema
1308 1106 1366 1136 est
1386 1099 1639 1153 descriptum.

205 1169 248 1204 in
274 1168 401 1216 prima
427 1172 559 1202 autem
591 1179 644 1202 ex
669 1164 778 1203 hisce
802 1166 945 1205 chartis
966 1168 1107 1204 visitur
1134 1178 1274 1202 corona
1293 1165 1447 1215 laurea,
1487 1175 1526 1205 et
1545 1171 1641 1207 reli-—

208 1245 332 1284 quae,
384 1244 483 1284 quae
513 1239 691 1270 constant
715 1233 821 1272 foliis
855 1233 926 1282 15,
963 1234 1135 1270 referunt
1162 1244 1333 1282 anguem
1358 1233 1642 1275 Vicecomitum

207 1300 354 1350 absque
376 1312 496 1349 puero
517 1306 671 1348 tamen,
714 1307 758 1337 ut
778 1302 925 1350 passim
949 1301 1184 1350 conspicitur
1207 1301 1249 1335 in
1276 1311 1424 1350 papyro
1447 1300 1642 1340 Mediola-

207 1368 323 1403 nensi
340 1367 487 1403 saeculi
507 1369 626 1403 etiam
645 1366 707 1408 15.
747 1365 854 1405 aliud
873 1373 1166 1417 argumenttnn,
1197 1379 1249 1403 ex
1267 1379 1343 1418 quo
1362 1373 1469 1416 patet
1486 1367 1642 1407 Medio-

209 1433 293 1468 lani
314 1434 509 1470 exstitisse
529 1446 652 1484 usque
680 1446 702 1470 a
721 1434 874 1470 saeculo
897 1432 953 1472 14
976 1431 1150 1470 codicem
1173 1439 1372 1480 nostrum,
1411 1445 1523 1471 sumo
1545 1447 1598 1471 ex
1614 1433 1643 1475 4

210 1498 376 1536 Schedis
404 1501 447 1537 in
472 1497 612 1536 eodem
632 1512 693 1537 ms
710 1501 895 1550 repertis,
938 1511 1038 1550 quae
1065 1500 1263 1536 continent
1289 1497 1494 1550 periochas
1521 1514 1642 1552 quas-

209 1564 302 1603 dam
332 1565 384 1602 ad
415 1567 562 1618 aliquot
594 1565 770 1604 eiusdem
795 1566 982 1616 poematii
1008 1566 1143 1603 libros.
1199 1565 1382 1603 videntur
1400 1572 1532 1603 autem
1548 1568 1642 1604 illae

209 1631 258 1668 ab
297 1631 436 1669 eadem
468 1646 591 1671 manu
623 1637 863 1684 conscriptae
894 1646 994 1685 quae
1021 1631 1197 1669 codicem
1220 1639 1471 1669 exaraverat.
1526 1646 1642 1684 porro

209 1698 254 1736 in
274 1699 359 1749 ipso
381 1712 442 1736 ms
466 1699 516 1736 ad
536 1701 605 1737 lib.
625 1703 650 1742 3
668 1713 707 1738 v.
726 1699 819 1748 345,
848 1707 892 1737 ut
910 1712 1050 1739 moneo
1069 1701 1110 1736 in
1127 1706 1219 1738 11013
1239 1697 1290 1736 ad
1307 1697 1477 1737 eundem
1495 1698 1642 1750 locum,

211 1764 310 1804 haec
329 1768 532 1816 leg1u1tur:
570 1767 635 1806 hic
664 1766 895 1805 describitur
921 1766 1139 1804 mortalitas
1157 1766 1272 1816 quasi
1289 1765 1490 1816 sieutsuit
1512 1765 1644 1815 13483

211 1841 251 1870 et
268 1832 452 1884 periocha
481 1833 532 1871 ad
559 1832 728 1870 eiuxdem
750 1834 881 1871 locum
903 1832 1141 1884 respondens
1159 1834 1215 1869 sic
1234 1845 1275 1869 se
1293 1830 1433 1869 habet:
1463 1832 1645 1870 describit

213 1901 514 1946 mortalitatem,
547 1907 584 1936 et
594 1901 753 1950 proprie
768 1901 962 1951 siczctsuit
979 1899 1083 1940 1348
1105 1906 1142 1934 et
1159 1898 1382 1934 fllecliolani
1402 1900 1520 1940 1360.
1550 1897 1644 1936 hinc

213 1969 367 2004 etiamsi
406 1969 547 2019 aliquis
573 1980 717 2017 negare
750 1968 917 2004 voluerit
944 1964 1159 2003 Mediolani
1188 1967 1428 2016 exscriptum
1453 1964 1644 2015 codicem,

211 2035 352 2071 saltem
373 2047 425 2070 ex
443 2047 519 2086 quo
538 2041 713 2085 tempore
737 2033 943 2084 periochae
971 2035 1136 2083 scriptae
1157 2034 1200 2069 in
1223 2045 1347 2084 eoque
1370 2033 1527 2070 relictae
1552 2034 1645 2070 fue-

211 2108 301 2138 runt
314 2130 323 2148 ,
353 2099 568 2138 Mediolani
584 2102 698 2137 illum
719 2102 913 2139 exstitisse
934 2098 1226 2138 concedendum
1248 2100 1334 2136 erit.
1389 2097 1456 2137 hic
1479 2100 1645 2137 fortasse

213 2167 382 2204 eundem
402 2166 578 2205 codicem
598 2166 698 2207 vidit
718 2165 911 2205 Iohannes
931 2169 1116 2220 Aloysius
1136 2165 1409 2213 Gnidobonus,
1449 2179 1566 2218 quem
1586 2167 1646 2203 ci·-

213 2236 294 2274 tavi
325 2233 376 2270 ad
398 2235 469 2273 lib.
497 2236 522 2274 6
550 2248 588 2271 v.
616 2237 697 2274 370
726 2240 765 2271 et
789 2232 841 2270 ad
865 2234 935 2270 lib.
964 2236 990 2273 7
1021 2247 1059 2271 v.
1079 2235 1180 2281 509,
1225 2234 1294 2285 qui
1315 2245 1471 2270 carmen
1491 2233 1646 2283 scripsit

213 2299 413 2353 hucusque
431 2302 609 2350 ignotum
622 2329 632 2348 ,
671 2307 715 2337 ut
745 2307 803 2337 est
830 2302 948 2338 etiam
965 2301 1048 2350 ipse
1067 2305 1203 2351 poeta,
1247 2299 1296 2336 de
1314 2301 1453 2337 itinere
1475 2299 1646 2336 Galeatii

213 2370 358 2405 Mariae
379 2369 559 2415 SfortIae,
591 2379 681 2403 cum
702 2367 817 2404 illum
838 2374 949 2418 pater
967 2370 1050 2404 eius
1071 2369 1298 2404 Fraucisous
1316 2365 1533 2403 Ferrariam
1548 2366 1645 2403 mit-

213 2442 312 2472 teret
333 2437 374 2472 in
395 2447 598 2472 occursum
615 2433 802 2471 Friderici
821 2435 916 2484 imp.
947 2447 1047 2471 311110
1072 2433 1178 2475 1452
1202 2435 1375 2471 1113111113.
1430 2444 1556 2482 nuper
1580 2431 1645 2468 bi-

214 2501 433 2539 bliothecae
454 2502 735 2538 Ambrosianae
767 2502 978 2552 acquisitus
1009 2501 1084 2537 fuit
1106 2499 1215 2536 idem
1240 2499 1559 2537 membranaceus
1578 2511 1645 2535 co-

217 2567 296 2605 dex
327 2569 480 2606 oblatus
510 2569 686 2604 Galeatio
706 2568 876 2614 Mariae,
919 2568 986 2618 qui
1013 2573 1100 2618 post
1122 2573 1290 2603 mortem
1313 2566 1434 2616 patris
1461 2565 1537 2601 fuit
1565 2564 1647 2601 dux

214 2634 448 2683 Mediolani,
488 2642 533 2672 ut
561 2635 724 2672 coniicio
749 2646 800 2670 ex
829 2640 1034 2670 stemmate
1064 2634 1105 2669 in
1132 2633 1254 2683 priori
1272 2633 1416 2682 pagina
1436 2633 1541 2682 picto
1558 2645 1647 2668 cum

217 2704 303 2742 aliis
323 2702 535 2742 ornatibus.
590 2701 749 2741 titulum
776 2699 881 2740 hunc
909 2713 1002 2753 prae
1032 2712 1074 2737 se
1099 2699 1197 2738 fert:
1225 2699 1302 2737 ad.
1318 2697 1378 2737 lll
1390 2727 1398 2736 .
1416 2699 1476 2736 P.
1497 2698 1647 2736 Galea:
