1702 3060
416 123 736 168 DEMPSTERI
768 121 1090 167 PRAEFATIO.
1437 135 1483 164 m

34 247 154 277 mum
181 247 291 275 sacro
318 235 459 288 parieti
487 233 720 284 anathema,
750 247 830 271 non
852 234 1020 286 triginta
1036 233 1248 285 praemia,
1276 238 1323 270 ut
1346 239 1482 285 tyran-

33 304 187 344 m‘cidae
201 303 298 342 olim
324 302 570 355 Thrasybulo
599 302 788 356 (Quintil.
808 303 833 342 3
857 301 934 353 6),
966 311 1123 351 verum,
1153 308 1198 340 ut
1217 302 1303 353 ipse
1324 303 1393 351 ait,

197 379 398 411 aeternam
407 372 573 424 samam
592 370 828 421 laudemque
849 377 886 407 et
906 383 1048 407 nomen
1065 369 1286 418 habebunt,

27 440 174 495 ⁴quibus
190 447 346 478 tantmn
362 441 560 477 felicitatis
580 452 651 476 seu
667 451 750 476 sors
770 450 841 475 seu
859 437 1053 476 industria
1075 437 1231 477 dederit
1260 439 1483 492 (Corippus

31 508 60 547 l.
82 511 104 550 1
125 521 165 547 v.
186 507 280 559 88).
336 510 486 546 interea
512 515 558 545 tu
583 518 693 543 meas
716 518 828 542 curas
849 505 945 542 boni
967 507 1148 555 consule,
1180 514 1410 559 conceptas,
1440 514 1484 546 ut

30 577 158 626 nosti,
194 583 233 614 et
260 589 466 628 expressas
496 589 575 613 una
605 573 758 612 dierum
785 571 1056 624 hebdomade,
1094 575 1137 612 in
1164 577 1318 627 privata
1343 574 1484 612 dome-

32 643 120 681 stici
153 642 275 682 studii
309 644 471 693 umbra,
515 655 612 696 quas
644 642 754 680 volui
797 641 1012 680 Ciminium
1043 642 1192 680 saltum
1224 645 1487 681 transmittere

34 710 150 763 (Liv.
171 713 198 752 9
217 709 298 763 36)
328 712 550 749 etiamsim
568 711 794 748 criticorum
811 717 971 748 senatus
993 710 1196 757 consulto,
1228 717 1268 748 et
1298 711 1341 748 in
1369 723 1486 762 aper-

32 785 95 817 tos
119 780 264 816 Famae
293 791 452 830 campos
484 777 745 827 descendere,
774 785 965 831 tanquam
995 779 1277 831 exploratrices
1305 779 1486 826 aliarum,

32 858 129 900 quas
146 845 275 885 habeo
293 847 336 884 in
357 845 498 885 eadem
519 854 645 885 castra
663 848 776 883 brevi
798 845 1036 881 educendas.
1098 849 1245 896 exigua
1273 845 1374 882 haec
1402 859 1487 883 esse

31 915 133 964 scio,
163 914 235 953 sed
251 913 370 953 rudes
388 926 478 951 meo
499 911 662 951 modulo
682 913 844 960 metior,
874 925 949 949 nec
966 910 1068 948 mihi
1086 913 1333 964 propositum
1352 912 1487 950 erudi-

30 982 81 1020 tis
101 984 312 1035 quicquam
329 982 498 1020 scribere
510 1010 520 1029 ‚
553 993 720 1032 quorum
740 992 880 1017 vocem
899 978 1035 1016 audire
1055 992 1153 1017 aveo
1165 1010 1175 1029 ,
1205 979 1279 1018 sed
1299 982 1486 1018 iuventu—

30 1057 112 1088 tem
139 1051 313 1101 poetices
336 1055 375 1086 et
401 1048 594 1099 politioris
625 1049 851 1085 literaturae
879 1046 1099 1086 studiosam
1122 1062 1377 1100 promovere3
1409 1063 1487 1102 quo

29 1125 75 1156 ut
93 1116 197 1155 nihil
214 1115 324 1155 aliud
339 1116 598 1167 profecerim,
630 1122 734 1153 certe
763 1104 886 1153 habes
907 1130 1074 1154 arenam
1095 1118 1221 1154 nostri
1239 1118 1386 1163 studii,
1417 1117 1489 1155 ubi

30 1185 92 1223 tui
106 1198 280 1223 exerceas
288 1183 539 1235 palaestram
557 1185 710 1235 ingenii
729 1183 930 1236 (Fulgent.
949 1185 1117 1237 praefat.
1137 1187 1180 1222 in
1195 1185 1224 1223 1.
1239 1188 1265 1227 2
1281 1184 1488 1238 Mythol.).

15 1257 98 1290 *tuo
124 1250 224 1290 haec
249 1252 436 1303 inscripta
464 1253 638 1302 nomini,
670 1265 747 1304 quo
777 1260 916 1304 sponte
941 1261 1220 1306 properantem
1242 1252 1422 1291 hortarer
1445 1261 1488 1291 ut

14 1326 179 1359 *metam
208 1321 411 1372 pertingas
442 1327 481 1358 et
510 1321 636 1359 instar
667 1319 894 1358 hieronicae
928 1323 970 1359 in
1003 1323 1119 1360 beata
1156 1321 1488 1374 iurisprudentiae

31 1400 119 1425 arce
137 1389 358 1440 requiescas
371 1418 381 1437 ,
414 1390 479 1426 avi
499 1390 700 1441 patrisque
718 1387 931 1428 inhaerens
951 1392 1131 1442 vestigiis
1161 1391 1236 1443 (ne
1258 1391 1491 1429 ulteriorem

15 1454 206 1493 =familiae
227 1462 319 1494 tuae
343 1457 616 1494 claritudinem
639 1458 712 1492 tibi
733 1456 992 1506 ostendam),
1024 1471 1145 1508 quem
1165 1465 1378 1509 utrumque
1400 1471 1491 1495 ma-

14 1534 131 1574 ·gnae
163 1536 227 1561 res
259 1531 389 1571 actae,
431 1520 558 1559 solida
586 1523 711 1559 virtus
743 1534 789 1558 ac
820 1523 1046 1573 principmn
1070 1522 1186 1560 favor
1206 1525 1343 1575 erigit,
1374 1526 1491 1564 illmn

12 1591 152 1628 -etiam
194 1590 428 1640 scriptorum
466 1591 677 1627 aeternitas
715 1588 979 1627 cmmnendat.
1039 1603 1111 1641 ego
1138 1604 1253 1642 vero,
1296 1600 1342 1631 ut
1366 1595 1489 1632 verba

29 1658 196 1696 Ausonii
226 1656 419 1709 (praefat.
439 1654 491 1693 ad
507 1656 671 1709 Epiced.
691 1659 733 1696 in
752 1657 933 1711 patrem)
963 1671 1174 1710 usurpem,
1215 1674 1296 1697 non
1319 1669 1367 1698 ut
1392 1662 1490 1699 lau-

29 1725 99 1764 des
115 1727 243 1777 exigo,
271 1724 344 1762 sed
359 1731 406 1762 ut
420 1738 528 1763 ames
539 1725 715 1777 postulo.
775 1726 880 1766 vale.
937 1728 1118 1765 Lutetiae
1137 1726 1241 1780 prid.
1261 1725 1343 1767 kal.
1364 1730 1490 1779 Quin-

29 1793 120 1834 tiles
145 1795 268 1836 1610-

65 1960 174 2015 *DE
211 1959 482 2000 CORIPPO
523 1959 925 2000 CONIECTURA
962 1962 1088 2000 NON
1127 1962 1423 2003 OBSCURA

413 2029 498 2067 Ex
535 2029 831 2068 SCRIPTIS
870 2029 1098 2069 IPSIUS.

143 2130 359 2182 Explorata
382 2129 431 2169 de
454 2131 622 2183 Corippo
642 2129 797 2169 tradere
817 2131 921 2169 velle
935 2162 945 2180 ,
974 2132 1017 2170 in
1038 2139 1122 2170 tam
1143 2133 1223 2171 alto
1243 2133 1486 2186 antiquitatis

33 2199 187 2239 silentio
200 2228 212 2248 ,
251 2212 334 2238 non
360 2200 493 2237 minus
525 2198 684 2237 difficile
715 2207 754 2238 et
784 2199 953 2238 arduum
980 2213 1102 2253 quam
1129 2201 1319 2239 frivolum
1345 2209 1383 2239 et
1404 2215 1486 2240 non

30 2267 304 2320 profuturum:
334 2267 443 2320 quod
464 2268 534 2319 qui
562 2275 714 2306 tentant
745 2276 899 2322 oportet.
912 2269 1132 2306 necessaria
1152 2269 1361 2316 deserant,
1389 2270 1488 2307 dum

33 2338 207 2389 speciosa
233 2342 433 2375 sectantur
460 2335 580 2388 (Sen.
616 2337 645 2374 l.
667 2338 693 2377 9
725 2343 899 2374 controv.
930 2335 1148 2388 praefat.)3
1178 2336 1365 2390 idemque
1399 2352 1485 2377 esse

32 2403 164 2444 iudico
193 2411 308 2457 atque
338 2403 387 2442 de
414 2405 566 2441 nutrice
592 2405 798 2454 Hecubae,
851 2403 900 2442 de
929 2405 1116 2443 Sirenum
1142 2407 1390 2456 nominibus,
1436 2405 1486 2444 de

34 2471 171 2511 ordine
191 2472 336 2511 Iliados
358 2479 397 2510 et
417 2471 616 2524 Odysseae
636 2485 727 2510 cum
750 2473 931 2524 Appione
950 2473 1150 2523 altercari,
1191 2487 1282 2512 cum
1301 2465 1393 2512 ante
1411 2476 1484 2513 tri-

36 2541 147 2592 ginta
174 2554 297 2580 annos
324 2554 399 2579 nec
425 2538 545 2579 huius
568 2554 643 2578 nec
669 2541 828 2579 alterius
859 2540 1021 2594 quidem
1051 2542 1211 2594 Corippi
1234 2556 1383 2582 nomen
1407 2557 1485 2581 un-

35 2620 158 2661 quam
175 2609 217 2646 in
234 2610 391 2660 Europa
407 2609 557 2647 lectum
577 2607 758 2647 auditum
769 2639 780 2659 ,
810 2608 919 2662 quod
937 2605 1074 2648 sciamss
1133 2611 1349 2664 epigraphe
1366 2613 1487 2663 igitur

34 2675 210 2727 praefert
220 2689 369 2714 nomen
393 2676 681 2725 Grammatici,
708 2691 786 2731 quo
807 2678 904 2717 olim
921 2678 1195 2731 significabant
1218 2695 1298 2720 non
1322 2682 1486 2733 pulvere

37 2741 272 2783 scholastico
299 2743 477 2784 sordidos
505 2752 573 2784 aut
605 2745 854 2798 syllabarum
885 2747 1075 2786 minu'tias
1103 2756 1378 2799 aucupantes,
1418 2747 1491 2787 sed
