1702 3060
385 116 444 160 IN
474 117 827 160 IOHANNIDOS
862 117 928 160 IV
961 115 1164 160 NOTAE.
1410 115 1506 160 253

75 254 77 258 ·
160 229 255 269 169.
314 229 422 279 Virg.
443 229 552 266 Aen.
580 230 632 269 12
663 229 771 268 938:
802 228 908 265 stetit
929 241 1022 265 acer
1042 227 1086 264 in
1106 227 1245 264 armis.

69 294 82 314 ‘³
157 286 252 326 173.
309 286 419 336 Virg.
440 285 548 322 Aen.
571 288 596 326 7
629 284 732 325 499:
753 299 906 336 perque
939 292 1094 321 uterum
1120 285 1251 321 sonitu
1265 295 1417 333 perque
1436 281 1510 318 ilia

37 343 151 379 venit
181 341 351 379 arundo.
415 342 497 379 fere
525 341 635 379 idem
661 339 710 377 de
738 349 866 378 morte
898 342 1050 378 Stutiae
1069 341 1216 391 legitur
1235 338 1341 391 apud
1361 341 1510 376 Proco-

38 399 158 450 pium
176 398 225 435 de
244 397 344 435 bello
367 399 413 437 V
404 399 500 436 and.
525 402 550 438 2
580 396 647 439 24.
706 399 839 435 Victor
859 399 1114 434 Tuuonensis
1135 399 1177 434 in
1203 397 1395 435 Chronico
1416 396 1510 447 plu-

36 457 122 493 -ries
169 453 296 503 edito,
345 462 383 492 et
420 462 620 506 postremo
657 454 699 489 in
729 453 984 491 Bibliotheca
1009 455 1183 491 Patrum
1212 454 1343 490 studio
1368 453 1504 489 Andr.

51 511 253 549 Gallancli
270 518 299 548 t.
322 515 375 553 12
398 525 438 562 p.
461 513 565 558 230,
598 511 654 547 sic
679 511 757 547 ait:
779 518 876 560 post
900 510 1151 547 consulatum
1184 509 1338 546 ‚Basilii
1373 510 1422 546 V.
1460 508 1504 546 C.

44 582 151 605 anno
180 567 206 609 5
242 568 366 605 Stuza
395 575 435 607 tq
436 581 589 604 rannus
619 567 734 616 apud
754 566 1111 618 Africam,port10
1149 568 1298 604 Taeeae
1326 579 1419 616 con„
1405 579 1510 602 ‹Tres—

45 625 152 662 sione
169 624 310 675 sacta,
351 624 543 661 Jolumms
573 623 785 660 Romanae
811 624 979 662 militiae
1003 624 1117 661 ducis
1140 623 1273 660 iac-ulo
1297 636 1510 674 perozi-ssu<

45 688 117 724 est,
136 693 310 732 parique
335 681 418 717 viee
447 679 645 717 Iohannes
679 681 842 728 Sluzae;
873 682 945 732 qui
969 681 1175 732 confestim
1195 681 1386 717 alterutro
1407 681 1509 715 ulri—

45 749 120 789 que
131 737 274 788 gladio
290 737 530 781 ceciderunt,
558 743 597 773 et
613 737 808 774 dominico
826 738 906 783 die,
940 752 1017 789 qno
1030 737 1303 788 pugnasacta
1321 743 1394 780 est,
1424 750 1510 772 mo-

42 795 213 831 riantur.
274 795 529 830 Marcellinus
562 794 704 831 Comes
734 801 867 831 autem
892 796 934 830 iu
970 795 1163 831 Chronico
1187 808 1226 844 p.
1250 796 1304 835 73
1330 792 1393 830 ed.
1416 794 1507 829 Lut.

42 850 166 888 Paris.
188 851 296 890 1619
317 848 417 887 haec
439 848 578 887 habet:
612 851 704 887 lml.
728 853 753 892 8
779 859 873 901 post·
890 851 1141 888 consulatum
1164 850 1318 887 Basilii
1338 863 1445 886 anno
1463 848 1503 888 4.

42 907 88 944 in
110 906 263 958 Africa
290 906 489 944 Iohannes
518 909 680 944 inruens
707 921 826 957 super
855 915 1070 957 tyrannum
1107 908 1286 944 Slotzam
1321 907 1508 943 interimit

43 976 151 1009 eum,
181 970 217 999 et
249 964 333 1013 ipse
362 963 415 1000 ab
447 964 530 1000 eius
558 964 751 1000 occiditur
779 965 990 1014 orngrero.
1052 962 1131 1001 hoc
1159 963 1373 1001 Morcellus
1402 963 1504 1014 Afi'·

49 1019 194 1057 Christ.
213 1025 242 1056 t.
262 1021 287 1060 3
309 1033 348 1070 p.
367 1022 450 1061 298
471 1020 590 1057 refert
611 1019 662 1056 ad
682 1033 831 1057 annum
851 1019 997 1057 Christi
1018 1019 1098 1060 544
1111 1050 1120 1068 ,
1154 1020 1205 1057 ad
1226 1021 1335 1057 cuius
1353 1022 1507 1056 exitum

43 1083 195 1127 spectat
212 1075 377 1113 indictio
394 1078 419 1116 8
433 1105 442 1123 ‚
477 1089 596 1128 quam
612 1078 742 1127 iungit
765 1090 855 1114 cum
875 1091 979 1113 anno
998 1076 1024 1117 4
1046 1078 1092 1114 P.
1112 1078 1154 1114 C.
1174 1078 1315 1114 Basilii
1334 1076 1507 1113 Marcel-

42 1133 173 1180 linus3
205 1138 379 1169 attamen
405 1130 472 1169 hic
500 1132 658 1170 videtur
691 1133 741 1170 ad
771 1141 1007 1186 sequentem
1029 1147 1179 1171 annum
1200 1133 1388 1171 reducere
1409 1132 1506 1181 545,

44 1202 135 1226 cum
163 1201 242 1241 quo
273 1187 484 1226 concordat
504 1191 662 1228 Victor:
693 1189 758 1227 hic
779 1193 886 1227 enim
907 1190 932 1231 5
956 1204 1104 1227 annum
1124 1197 1235 1227 notat
1254 1197 1345 1241 post
1363 1203 1507 1227 consu-

42 1245 169 1284 latum
193 1247 337 1283 initum
360 1246 520 1295 Basilii,
552 1254 590 1284 et
618 1247 686 1284 ille
708 1248 733 1288 4
758 1261 909 1284 annum
926 1255 1017 1298 post
1039 1248 1288 1284 consulatum
1307 1253 1506 1293 exacuun,

42 1309 86 1340 ut
115 1302 296 1340 observat
321 1300 428 1340 Phil.
458 1316 480 1340 a
508 1304 637 1341 Turre
667 1306 709 1340 iu
738 1317 809 1341 sua
830 1305 1000 1341 Dis-sert.
1025 1304 1183 1355 Λροίοὸ
1140 1318 1204 1340 ου’.
1230 1303 1335 1341 edita
1354 1304 1510 1340 Patavii

45 1359 151 1400 1713
172 1372 230 1410 Ρ.-
225 1359 319 1399 -112
341 1365 380 1396 et
401 1359 760 1411 seq.10rnaudes
789 1362 855 1398 De
874 1374 1086 1411 regnorum
1105 1362 1348 1397 successione
1377 1358 1511 1411 (apud

43 1416 232 1452 Murator.
261 1416 359 1452 Rer.
393 1415 529 1452 Italic.
563 1417 754 1466 Scrtplor.
789 1424 817 1454 t.
842 1421 859 1457 1
892 1430 933 1467 p.
956 1415 1064 1466 142)
1104 1419 1147 1453 in
1175 1417 1346 1468 Afiica,
1377 1419 1452 1464 ait,
1483 1430 1511 1453 a

45 1473 209 1508 Mam-is
234 1471 388 1509 dudum
410 1480 611 1523 perempto
646 1473 858 1510 Salomone
889 1474 1028 1510 Stozas
1057 1480 1093 1509 et
1119 1474 1319 1510 Iohannes
1341 1474 1511 1510 invicem

43 1528 245 1579 singulari
275 1530 487 1566 certamine
516 1538 718 1567 corruunt.
781 1537 839 1567 tot
871 1537 991 1567 testes
1020 1532 1228 1579 arcessivi,
1273 1532 1366 1583 quia
1394 1534 1511 1581 poeta

43 1592 178 1621 noster
197 1592 368 1622 mortem
390 1584 579 1623 Iohannis
598 1599 678 1624 non
699 1586 906 1635 describit,
938 1588 1011 1624 etsi
1031 1588 1147 1624 illum
1167 1586 1356 1624 cecidisse
1375 1588 1416 1623 iu
1434 1585 1511 1624 hoo

45 1641 228 1679 conflictu
249 1654 339 1678 cum
356 1642 505 1690 Stutia,
536 1644 602 1679 vel
618 1645 749 1694 potius
766 1645 886 1694 paulo
906 1651 1015 1695 post,
1046 1651 1090 1681 ut
1106 1645 1262 1695 scripsit
1279 1645 1509 1694 Procopius,

45 1699 237 1735 coniicere
256 1699 374 1735 facile
395 1701 563 1750 quisque
580 1707 715 1768 potest
730 1714 781 1737 ex
799 1702 848 1738 iis
868 1714 968 1753 quae
993 1708 1232 1752 sequuntur,
1266 1708 1303 1738 et
1330 1702 1509 1737 maxime

43 1767 97 1791 ex
115 1767 153 1791 V·
166 1756 268 1803 382,
299 1755 368 1792 ubi
389 1757 554 1793 Antalas
574 1753 701 1794 dicit‘
704 1751 854 1794 ‘Primi
860 1757 1060 1808 postsala
1082 1752 1317 1794 Iohannis-f
1374 1757 1511 1794 confer

41 1822 82 1848 v·
107 1812 248 1853 168—-
259 1813 304 1860 9,
336 1813 406 1849 ubi
423 1811 490 1850 hic
513 1815 662 1864 pariter
679 1821 841 1851 vocatur
859 1814 1058 1851 lohannes
1074 1816 1255 1862 Primus,-
1285 1812 1392 1851 unde
1411 1821 1508 1865 puto

42 1865 286 1917 Iohannem,
322 1881 442 1921 quem
462 1870 668 1907 Sisinnioli
686 1871 813 1908 filium
833 1878 947 1908 vocat
967 1872 1204 1922 Procopius,
1234 1878 1509 1922 nuncupatum

41 1924 165 1962 fnisse
199 1926 319 1962 etiam
358 1926 568 1972 Primum,
610 1934 655 1964 ut
693 1928 793 1964 alter
827 1927 1028 1966 lohannes
1063 1929 1365 1979 cognominatur
1393 1927 1510 1964 Felix

42 1982 69 2021 5
101 1981 184 2021 520
210 1979 328 2019 huius
351 1984 561 2033 poematis.

157 2038 251 2080 177.
309 2051 347 2075 v.
368 2052 484 2090 supra
510 2039 560 2076 ad
581 2053 620 2076 v.
646 2042 739 2081 133.

134 2112 136 2114 ’
156 2094 251 2134 178.
308 2096 416 2146 Virg.
430 2096 537 2134 Aen.
554 2098 605 2136 11
637 2096 743 2137 805:
772 2096 1052 2147 dominamque
1067 2104 1245 2134 ruentem
1264 2096 1501 2146 suscipiunt.

155 2151 251 2191 181.
307 2152 416 2202 Virg.
434 2152 542 2190 Aen.
569 2155 593 2192 9
627 2155 704 2194 66:
736 2161 771 2190 et
794 2154 906 2190 (luris
929 2153 1041 2190 dolor
1062 2153 1214 2191 ossibus
1233 2154 1359 2192 ardet.

157 2207 254 2246 186.
313 2222 390 2258 quo
412 2208 558 2245 ruitis?
585 2211 694 2260 Virg.
712 2210 820 2246 Aen.
848 2212 899 2250 12
930 2212 1025 2250 313·

157 2264 252 2302 191.
309 2262 374 2301 hic
397 2267 524 2302 amnis
544 2265 710 2304 fortasse
732 2273 816 2303 erat
838 2268 971 2304 Tusca
984 2295 995 2315 ,
1026 2266 1095 2318 qui
1114 2263 1256 2303 dividit
1273 2265 1505 2304 Numidiam

44 2330 67 2355 a
85 2321 209 2370 pluvii
228 2321 288 2357 οἱα
307 2323 592 2372 proconsulari.

163 2379 255 2417 19?-
311 2377 404 2415 vide
431 2377 483 2415 ad
511 2382 536 2419 3
566 2378 665 2419 251.
723 2379 846 2416 etiam
877 2379 1051 2417 Iustinus
1081 2381 1132 2420 12
1160 2380 1202 2416 in
1229 2379 1307 2416 fine
1345 2380 1510 2432 opponit

45 2431 199 2469 civilem
228 2432 379 2480 hostili,
407 2435 476 2472 ubi
504 2436 581 2472 ait:
613 2436 741 2472 victus
773 2443 859 2473 erat
883 2449 963 2473 non
988 2437 1131 2473 virtute
1149 2436 1263 2474 civili
1280 2437 1351 2474 secl
1352 2437 1395 2488 fi
1398 2437 1510 2473 aude

45 2486 190 2526 hostili.

159 2546 253 2586 197.
310 2548 418 2599 Virg.
443 2547 552 2585 Aen.
585 2549 611 2588 9
642 2546 750 2590 543:
796 2549 1018 2600 confirique
1050 2551 1133 2588 suis
1167 2550 1254 2587 telis
1281 2556 1318 2586 et
1343 2555 1510 2599 pectora

47 2599 147 2637 ιίιινο
168 2604 377 2654 tramjbssi
392 2604 502 2656 ligno
520 2606 697 2643 veniunt.

161 2659 254 2700 199.
311 2661 480 2698 immam
474 2662 666 2712 pondere
689 2662 798 2713 Virg.
820 2662 929 2699 Aen.
954 2662 980 2703 5
1011 2661 1109 2703 401.

158 2715 256 2756 200·
313 2717 538 2755 miseranda
565 2732 710 2755 manus
734 2720 844 2770 Virg.
872 2719 980 2756 Aen.
1014 2721 1060 2759 ll
1095 2718 1191 2759 259.
1249 2714 1317 2753 hic
1348 2714 1507 2753 videtur

45 2769 210 2807 innuere
228 2774 346 2822 poeta
364 2774 485 2810 etiam
501 2781 671 2812 mortem
689 2773 878 2812 Iohannis
893 2775 1041 2822 Primi,
1070 2780 1114 2811 ut
1134 2779 1268 2810 narrat
1289 2773 1505 2823 Procopius
