1702 3060
245 129 338 176 102
845 129 1063 174 compet
1253 95 1255 97 ¹
1651 121 1673 148 “

379 227 535 289 agmina
554 243 660 274 mota
677 243 840 288 pavent:
870 243 1098 276 convertunt
1114 236 1222 288 terg‘a
1241 243 1462 280 retrorsum.

246 301 350 345 1045
378 305 593 355 insequitur
610 305 806 342 Romanus
822 317 962 355 agens,
989 305 1200 355 sternitque
1218 317 1288 354 per
1306 302 1410 355 ipsos
1644 303 1667 341 *i

379 381 538 418 corpora
560 368 679 406 densa
698 370 819 408 locos.
875 369 1050 408 hortatur
1066 383 1243 420 rumpere
1261 363 1390 407 fossas'

379 432 514 471 ductor
536 448 676 484 ovans,
705 437 895 489 laetisque
918 437 1089 474 incendit
1107 443 1260 487 pectora
1281 435 1391 474 dictis

375 493 569 550 “vicistis,
599 504 708 540 socii.
763 504 899 540 faciles
917 517 1019 540 nunc
1040 505 1206 553 rumpite
1223 515 1355 540 muros

379 567 555 616 ensibus,
586 574 624 605 et
642 575 777 619 gentes
797 569 938 620 gladiis
956 577 1130 607 truncate
1153 570 1332 616 cruentis,

246 627 351 670 1050
377 631 571 670 vindictae
589 633 683 671 dum
698 642 854 686 tempus
871 635 999 683 adest,
1033 635 1128 672 dum
1143 636 1272 672 letifer
1288 634 1420 673 hostes
1647 644 1672 675 ’Ξ

377 704 500 736 terror
517 702 616 750 agit,
645 703 767 738 virtus
786 703 924 739 animis
947 701 1040 738 dum
1058 703 1232 739 maxima
1250 701 1402 739 vestris.

379 776 483 801 nunc
500 772 676 817 tempus:
706 770 893 818 pretium,
921 769 1101 815 iuvenes,
1132 768 1326 818 deposcite
1344 770 1452 807 belli.

380 827 557 870 hostibus
578 835 758 871 extinctis
778 833 964 884 praedam
981 846 1135 884 sperare
1155 834 1301 871 licebit.

381 897 486 934 iussa
506 912 577 949 per
596 900 751 950 imperii
780 899 963 951 (videam
983 901 1039 936 sic
1054 900 1204 936 lumina
1223 901 1330 936 Petri
1351 921 1353 925 >

246 960 352 1003 1055
380 964 586 1002 incolumis
605 965 745 1002 dilecta
762 966 862 1014 mei3
894 964 1137 1015 Carthaginis
1156 979 1262 1003 arces

381 1043 536 1068 cernere
557 1033 611 1069 sic
630 1034 752 1069 victor
770 1030 968 1082 merear!)
996 1030 1175 1068 mercede
1193 1031 1372 1068 laborum

381 1098 511 1134 omnia
530 1099 718 1136 militibus
738 1098 927 1138 donamus
949 1105 1070 1135 castra
1090 1098 1278 1134 volentes.

384 1173 463 1198 non
481 1163 580 1201 mihi
592 1193 602 1213 ,
632 1178 711 1202 non
732 1166 803 1202 ulli
821 1164 1025 1202 ductorum
1040 1165 1190 1201 auferre
1205 1163 1337 1200 licebit

386 1225 434 1264 de
455 1229 597 1279 praeda
620 1233 746 1269 soci1s.
801 1229 943 1268 habeat
963 1245 1033 1268 sua
1055 1229 1198 1281 gaudia
1218 1237 1348 1281 raptor

199 1309 202 1312 ·
252 1291 357 1333 1060
383 1296 497 1333 miles
509 1325 519 1344 ,
549 1303 587 1333 et
607 1298 648 1333 in
663 1299 829 1348 propriis
847 1299 1012 1334 laetetur
1028 1298 1164 1334 fortior
1183 1299 1300 1335 ausis.

384 1362 444 1397 eia
466 1363 592 1412 agite,
626 1376 648 1401 o
669 1362 851 1400 iuvenes!
882 1362 1101 1410 hominem,
1131 1377 1269 1414 pecus,
1302 1363 1414 1402 obvia
1437 1377 1613 1418 quaeque

383 1427 623 1478 impediunt,
651 1435 818 1466 mactate
835 1436 981 1477 truces,
1012 1436 1050 1466 et
1067 1430 1190 1466 limite
1208 1430 1317 1479 largo

386 1494 594 1544 implicitas
613 1496 769 1546 planate
789 1497 885 1533 vias.
942 1508 1014 1545 ego
1031 1496 1179 1546 primus
1196 1496 1317 1543 inibo,

385 1560 492 1611 quod
510 1561 636 1609 videt,
665 1569 708 1599 ut
726 1563 843 1599 faciat
861 1575 1017 1600 securus
1036 1563 1150 1599 miles
1166 1563 1207 1598 in
1223 1561 1349 1611 hoste,

252 1622 357 1664 1065
387 1628 569 1678 exemplo
588 1629 669 1665 iam
687 1630 849 1680 quisque
869 1625 1002 1666 1ne0.”
1058 1630 1114 1666 sic
1130 1628 1250 1675 fatus,
1281 1635 1319 1664 et
1334 1629 1419 1679 ipse

386 1700 509 1730 castra
530 1701 666 1744 petens
683 1697 832 1745 primus
850 1708 1037 1746 magnum
1051 1696 1141 1732 ferit
1161 1708 1251 1732 ense
1274 1696 1480 1746 camelum,

375 1771 461 1810 *qua
484 1760 650 1810 pedibus
671 1763 730 1798 vis
750 1763 880 1798 iuncta
900 1762 974 1798 feri
995 1761 1090 1798 latet
1108 1763 1223 1798 insita
1245 1763 1390 1799 nervis.

385 1812 479 1862 tunc
498 1840 568 1877 per
590 1834 798 1879 utrumque
818 1829 946 1864 femur
962 1829 1102 1864 vulnus
1119 1829 1297 1866 transivit
1314 1829 1508 1879 acerbum,

387 1898 426 1927 et
443 1894 618 1941 geminas
637 1896 758 1930 secuit
776 1896 927 1941 conciso
946 1895 1081 1931 robore
1099 1906 1231 1930 coxas.

253 1954 359 1995 1070
388 1964 488 1994 retro
513 1961 589 1996 ruit
611 1962 807 1998 revolutus
831 1959 942 1997 humi
965 1959 1126 1997 stridore
1153 1960 1322 1997 camelus

387 2021 586 2073 horribili,
615 2029 869 2078 geminosque
889 2027 1085 2077 impressit
1103 2025 1273 2076 pondere
1293 2028 1461 2075 Mauros,

387 2102 553 2142 ossaque
575 2094 753 2130 contrivit
771 2094 921 2146 quassis
939 2094 1041 2129 male
1061 2094 1175 2129 mista
1194 2092 1393 2140 medullis,

387 2158 455 2206 qui
477 2157 585 2196 ducis
602 2158 780 2196 horrifico
799 2161 942 2197 celsam
958 2166 1102 2196 terrore
1122 2159 1193 2196 sub
1213 2159 1344 2196 alvum

389 2223 640 2262 condiderant
658 2239 756 2263 sese.
813 2225 950 2262 cecidit
970 2227 1151 2276 resupina
1173 2223 1322 2262 duobus

257 2285 360 2327 1075
389 2302 478 2326 cum
501 2293 642 2340 genitis
663 2293 850 2340 Gaetula,
878 2305 1070 2343 supraque
1092 2290 1272 2328 cadentes

388 2357 537 2393 sarcina
555 2357 646 2394 laxa
665 2360 755 2395 ruit.
813 2358 951 2395 cecidit
973 2357 1223 2409 cal‘athusque
1243 2357 1432 2408 lapisque,

393 2433 472 2472 quo
494 2423 673 2461 Cererem
694 2426 853 2475 frangit.
911 2423 1056 2475 dirupit
1071 2425 1225 2462 vincula
1244 2423 1398 2474 pondus

258 2517 345 2552 1050
365 2517 494 2554 uindice
509 2521 542 2554 '1'
674 2521 759 2556 1058
783 2532 846 2555 non
862 2521 959 2566 mihi]
983 2533 1056 2555 nam
1071 2520 1148 2555 mihi
1163 2521 1256 2564 apud
1271 2521 1310 2554 M
1442 2522 1525 2557 ibid.
1541 2524 1617 2557 nulli
1635 2524 1676 2564 T,

257 2562 332 2595 ullis
355 2564 396 2597 M
528 2566 616 2600 1062
637 2571 776 2599 manare
801 2568 833 2599 Τ
964 2568 1051 2601 1067
1073 2576 1137 2610 quo
1153 2566 1245 2609 apud
1261 2566 1299 2608 M
1430 2568 1503 2601 ibid
1537 2569 1676 2612 pedibus

257 2606 346 2640 uicta
362 2608 424 2642 seri
442 2610 473 2644 Τ
595 2611 677 2644 1071
702 2611 864 2643 horribilis
885 2612 917 2644 Τ
1027 2611 1112 2645 1073
1134 2610 1240 2643 album
1260 2611 1292 2642 'I'
1401 2613 1487 2647 1075
1512 2625 1559 2646 (ιιι
1575 2620 1677 2647 mater

259 2652 430 2686 Gaetula?
576 2656 661 2689 1076
693 2655 782 2690 lassa
804 2657 898 2700 apud
918 2656 958 2690 M
1088 2656 1170 2690 ibid.
1203 2654 1436 2702 calathusqne]
1468 2658 1620 2703 letusque
1649 2659 1681 2692 Τ

259 2698 344 2732 1077
366 2698 476 2743 ponde
490 2701 542 2736 vel
557 2700 666 2746 pende
682 2701 722 2735 Τ.
