1702 3060
485 88 837 134 IOHANNIDOS
869 87 974 132 LIB.
1007 88 1066 133 V.
1404 87 1499 135 105

183 198 280 241 dum
300 201 442 240 conflat
459 199 633 239 nitidum
655 201 815 239 flamma
837 200 1015 238 solvente
1031 199 1252 249 metallum,

183 270 339 322 Syrtica
357 284 430 322 per
448 271 550 309 latos
570 270 777 321 fugiebant
793 270 954 319 agmina
978 282 1152 321 campos,

183 351 285 391 quae
304 337 564 376 cirmunfusus
583 336 716 375 densis
734 339 929 375 exercitus
947 339 1068 375 armis

182 405 421 458 insequitur,
451 412 629 443 sternens
652 406 770 444 variis
791 419 863 457 per
886 404 1001 443 devia
1018 406 1126 443 fatis.

44 470 155 515 1150
180 485 254 510 nec
274 475 403 524 potuit
423 475 634 526 quisquam
650 475 850 511 Romanos
869 474 973 511 ferre
992 479 1216 526 sequentes,

182 547 310 579 morte
329 543 480 592 gravis,
510 541 705 580 fac-iemve
722 542 848 592 fugax
868 542 1053 580 oculosve
1072 542 1253 579 retraxit.

179 610 391 660 proiiciunt
411 622 523 647 enses
542 609 675 661 gelido
693 617 841 648 terrore
860 610 1026 660 subacti,

179 671 493 730 praecipitesque
515 677 673 717 cadunt.
731 679 840 716 facili
860 680 942 716 iam
961 676 1081 716 caede
1099 683 1314 716 trementes

180 745 297 784 miles
317 747 479 784 acerbus
499 747 594 798 agit.
653 747 881 785 Solomonis
902 748 1015 798 signa
1035 746 1224 784 retollunt

43 811 152 856 1155
179 814 308 864 prisca
326 816 401 851 viri
413 844 423 863 ,
458 817 674 867 Iex-uaeque
691 815 813 852 simul
831 817 984 866 captiva
1000 813 1207 853 reducunt.

180 879 341 919 horrida
364 895 436 933 per
454 888 614 920 mmctos
633 889 860 920 sternuntur
879 883 1018 920 funera
1037 893 1221 933 campos:

181 962 254 1002 per
271 950 396 987 valles
415 950 677 1002 scopulosque
697 957 830 988 ruunt.
886 952 969 988 iam
985 951 1147 988 flumina
1167 949 1367 1001 complent

182 1018 409 1070 corporibus
431 1016 589 1066 densis3
620 1031 818 1071 supraque
839 1017 1030 1058 cadavera
1051 1018 1203 1056 calcant

180 1084 476 1139 quadrupedes,
507 1087 740 1139 quassisque
758 1086 872 1124 rubet
890 1087 990 1124 levis
1008 1086 1159 1137 ungula
1177 1084 1381 1122 membris.

43 1156 151 1198 1160
179 1153 275 1192 dant
294 1156 465 1206 gemitus
483 1155 632 1192 miseri·
691 1156 852 1205 sanguis
871 1168 944 1206 per
963 1156 1141 1206 gramina
1161 1155 1292 1202 currit,

178 1223 222 1261 in
241 1223 504 1275 manibusque
523 1225 654 1261 virmn
672 1230 873 1261 concretos
895 1224 1064 1275 glutinat
1086 1235 1200 1260 enses

177 1304 360 1343 aspersus
382 1305 502 1343 super
522 1304 631 1329 arma
651 1304 786 1330 cruor:
812 1292 964 1330 ferrum
985 1305 1102 1329 omne
1124 1289 1310 1328 rubescit.

178 1359 362 1397 occubuit
375 1361 560 1411 princeps
576 1360 703 1397 multa
719 1361 822 1398 inter
841 1361 952 1398 milia
971 1361 1101 1397 lerna.

178 1426 464 1471 Marmaridum
482 1441 555 1465 rex
571 1429 641 1465 ille
662 1429 770 1465 serus
792 1427 1074 1481 quondamque
1097 1427 1290 1478 superbus

39 1494 149 1540 1165
178 1496 382 1534 confossus
401 1497 522 1533 iacuit
540 1495 684 1534 mediis
702 1496 802 1533 bene
823 1495 955 1534 nudus
975 1497 1120 1534 arenis.

237 1565 311 1602 Ille
331 1562 415 1601 dies
435 1565 583 1602 cunctis
601 1577 808 1616 supremus
827 1565 1011 1616 gentibus
1030 1571 1146 1613 esset,

177 1633 212 1670 si
231 1645 341 1670 mora
359 1634 616 1684 praecipitem
636 1634 829 1671 tenuIsset
849 1646 1036 1684 prospera
1055 1633 1195 1681 solem,

178 1701 272 1738 fecit
293 1707 337 1738 ut
358 1708 451 1738 ante
467 1701 606 1739 semel.
663 1702 744 1738 iam
764 1702 925 1752 pronior
943 1701 1079 1738 ordine
1102 1707 1207 1738 certo

178 1770 266 1806 axis
279 1798 290 1818 ,
320 1770 363 1806 in
380 1768 552 1807 occiduis
573 1783 814 1808 summersus
836 1770 1056 1820 flammiger
1074 1767 1205 1816 undis,

40 1839 147 1881 1170
177 1850 229 1874 ex
247 1838 370 1875 oculis
388 1844 604 1890 gentesque
624 1838 719 1889 suga
737 1838 968 1890 bellumque
988 1837 1160 1875 tenebris

175 1906 340 1959 erIpust,
369 1906 570 1959 fortesque
593 1908 696 1944 acies
717 1907 760 1944 in
781 1913 906 1944 castra
924 1905 1099 1944 reduxit.

327 2161 646 2220 *LIBER
726 2160 1196 2234 QUINTUS.

174 2283 386 2359 Victores
403 2310 605 2363 placidam
621 2313 790 2350 Romani
806 2318 921 2349 nocte
943 2312 1122 2364 quietem

174 2391 255 2417 non
276 2379 413 2418 omnes
437 2382 584 2432 petiere
607 2381 748 2429 simul,
779 2379 851 2418 sed
872 2387 997 2418 castra
1021 2380 1195 2418 vicissim

175 2454 407 2485 conservant
431 2449 527 2486 laeti
547 2455 586 2485 et
605 2450 766 2500 vigiles,
796 2461 870 2485 nec
886 2449 1038 2486 lumina
1055 2447 1260 2486 claudunt.

175 2514 279 2551 laeta
299 2528 372 2567 per
387 2517 590 2555 insomnes
610 2516 831 2555 discurrmlt
853 2516 998 2568 gaudia
1017 2523 1186 2555 mentes.

37 2635 129 2670 1146
149 2634 314 2670 maxillum
334 2638 366 2672 Τ
479 2641 566 2676 1149
590 2644 769 2674 externens
790 2640 835 2680 Τ,
859 2645 990 2675 terreus
1006 2640 1047 2674 M
1163 2638 1249 2673 1152
1273 2635 1441 2682 proiciunt
1460 2637 1492 2670 Τ

35 2681 122 2714 ibid.
142 2680 282 2715 subacto
306 2684 400 2728 apud
423 2685 462 2721 M
600 2687 688 2722 1160
710 2686 851 2729 miseros
869 2688 901 2721 Τ
1039 2686 1125 2722 1161
1150 2691 1328 2719 concretus
1345 2682 1394 2718 M.
1440 2701 1485 2708 —

34 2726 59 2762 3
78 2726 162 2762 lucri
178 2732 213 2762 et
226 2727 332 2772 ugiles
349 2730 389 2764 T.
465 2758 468 2761 .
