1702 3060
469 85 547 130 DE
578 84 866 132 LAUDIBUS.
883 85 1114 133 IUSTINI.
1411 84 1507 134 451

64 191 117 232 ad
136 206 286 232 annum
303 193 506 246 pertinens
524 197 627 246 320,
658 208 737 248 quo
755 196 1031 234 Constantinus
1050 197 1218 248 Magnus
1237 208 1317 235 una
1337 209 1426 248 cum
1446 199 1507 235 al-

63 257 146 288 tero
165 251 247 288 filio
268 251 523 289 Constantino
542 253 630 290 Iun.
652 254 802 291 consul.
823 255 849 294 6
869 253 1080 304 processit:
1108 254 1266 292 FELIX
1285 254 1507 292 PROCES-

61 306 156 344 SUS
188 307 296 345 COS.
326 309 352 347 6
379 308 501 345 AUG.
522 309 573 344 N.
630 315 668 346 et
691 310 733 345 in
762 321 926 346 nummo
953 311 1168 358 Maxentii,
1208 322 1327 361 quem
1356 311 1505 360 primus

61 361 185 399 edidit
213 360 498 414 Spanhemius‚
526 365 624 400 FEL
651 365 878 403 PROCESS
909 365 1104 403 CONSUL
1137 367 1265 413 AUG,
1296 372 1336 403 et
1364 368 1406 403 iu
1427 367 1505 403 alio

59 417 167 468 apud
177 417 422 455 Bandurium
438 433 480 469 p.
496 418 597 459 149:
618 421 775 458 FELIX
792 418 1019 460 PROCESS
1038 422 1311 460 CONSULAT
1329 423 1435 460 AUG
1455 425 1503 461 N.

58 472 150 511 vide
163 472 453 525 spanhemium
465 476 570 512 DIss.
594 477 644 516 12
666 473 689 528 §
712 475 754 517 5.
809 477 940 514 Foco.
1315 471 1318 475 ⁸
1511 511 1521 513 e

167 543 267 582 216.
321 543 563 592 suspiciunt]
595 549 676 579 erat
695 549 809 580 antea
827 545 1061 594 suscipiunt.
1120 546 1308 583 DEMrs'r.

166 606 266 650 234.
319 614 455 657 togam
481 609 658 645 omnium
686 607 891 659 ordinum,
923 612 1053 648 omnis
1072 624 1192 649 sexus
1213 613 1362 649 Romae
1380 611 1503 648 fuisse

57 669 283 714 gestamen,
313 665 402 716 quis
422 663 578 701 nescit?
617 663 719 702 addo
743 672 898 703 tantum
926 667 1082 718 Cpolim
1111 669 1230 705 etiam
1257 667 1502 705 translatam.

55 717 261 757 Claudian.
284 718 332 757 de
350 719 456 757 bello
480 719 661 758 Gildon.:
692 734 782 758 cum
809 722 937 759 subito
948 737 1032 772 par
1051 724 1183 760 Roma
1205 723 1321 768 mihi,
1350 723 1503 760 divisa-

55 788 131 825 que
155 777 323 826 sumpsit
345 776 530 826 aequales
557 790 703 813 aurora
729 785 855 829 togas.
916 791 1003 817 rara
1022 777 1071 816 de
1088 786 1180 831 toga
1200 781 1377 817 invenies
1396 778 1503 830 apud

52 829 220 868 SuIdam
238 833 282 869 in
299 827 503 884 τήβεννος.
559 834 746 871 Dssmrsr.

164 899 262 939 237.
317 900 444 950 sectis]
474 899 573 936 forte
593 899 714 937 lectis.
743 901 868 940 Rrrr.
926 899 997 938 sed
1012 902 1127 938 sectis
1144 907 1204 939 est
1222 899 1370 950 divisis,
1394 907 1499 938 certo

52 951 190 991 ordine
214 959 253 990 et
270 966 436 992 numero
456 954 772 1006 procedentibus.
828 958 990 996 Voncx.

161 1018 259 1061 240.
317 1021 492 1072 tegebat]
522 1022 693 1059 formula
712 1029 882 1073 recepta.
942 1024 1049 1060 Curt.
1068 1025 1117 1064 8:
1144 1024 1302 1069 vivunt,
1331 1030 1439 1060 stant
1455 1025 1498 1060 in

49 1077 152 1121 acie,
182 1083 219 1113 te
243 1076 379 1127 eltpds
405 1079 487 1115 suis
499 1084 728 1130 protegunt.
787 1079 858 1116 lib.
877 1080 903 1120 9
925 1079 1010 1129 ipse
1027 1078 1280 1115 Alexander:
1310 1092 1370 1115 me
1387 1081 1499 1128 peri-

49 1132 151 1169 eulis
167 1131 390 1179 obtulerim,
420 1135 492 1184 qui
509 1147 624 1183 saepe
645 1135 769 1171 aciem
789 1134 912 1185 clipeo
932 1136 1021 1171 texi.
1082 1135 1120 1171 T
1123 1135 1238 1184 urpil.
1260 1136 1498 1185 Demiurgo:
1553 1136 1555 1139 ’

50 1189 146 1239 quia
165 1202 246 1225 non
264 1190 397 1226 minus
414 1203 477 1226 res
491 1189 689 1226 hominem
705 1204 826 1240 quam
844 1197 1000 1227 scutum
1019 1191 1127 1241 tegit.
1188 1196 1301 1227 vetus
1326 1193 1500 1228 comicus

48 1243 155 1294 apud
177 1243 401 1283 charisium
418 1244 466 1293 4,
495 1245 596 1282 forte
615 1247 810 1283 Pacuvius
825 1258 837 1282 :
864 1246 951 1283 vicli
975 1252 1163 1297 tegentem
1186 1245 1308 1295 clipeo
1332 1246 1498 1283 classem

45 1301 252 1338 Doricam.
325 1300 564 1338 Claudianus
591 1300 640 1338 de
665 1301 771 1339 bello
801 1303 913 1339 Get.:
946 1309 1105 1351 patrem
1136 1300 1271 1351 clipeis
1300 1301 1498 1353 deffendite

54 1355 218 1394 Tibrim.
280 1363 318 1394 et
342 1356 391 1394 de
413 1357 518 1394 bello
542 1356 721 1394 Gildou.:
753 1357 890 1408 clipeis
915 1365 1031 1394 tectos
1054 1357 1259 1408 galeisque
1287 1360 1489 1394 micantes.

46 1410 95 1449 de
113 1411 224 1450 laud.
244 1412 399 1450 Stilich.
418 1416 467 1453 3:
493 1415 668 1463 protegis
683 1407 790 1450 han'c
806 1414 944 1463 clipeo.
977 1414 1080 1449 infra
1096 1412 1162 1449 hic
1180 1416 1274 1454 373.
1306 1414 1493 1453 DEMPST.

153 1478 252 1521 241.
308 1478 403 1517 hinc
419 1486 669 1531 protegentes
688 1481 806 1517 armis
823 1481 944 1516 latera
962 1480 1150 1530 principis
1170 1481 1376 1530 stipatores
1397 1479 1493 1516 dicti

40 1542 294 1587 protectores.
350 1537 379 1573 l.
408 1538 433 1576 9
463 1537 507 1573 C.
537 1534 693 1572 Theod.
726 1534 774 1572 de
803 1542 967 1586 protect.
990 1543 1027 1572 et
1050 1534 1241 1583 domest.,
1280 1536 1308 1572 l.
1330 1538 1355 1575 6
1378 1536 1421 1572 C.
1443 1534 1494 1572 de

41 1590 180 1629 advoc.
209 1591 355 1630 divers.
378 1591 524 1639 iudic.‚
556 1590 732 1629 Cassiod.
759 1594 805 1631 11
830 1605 892 1642 ep.
912 1594 979 1631 31.
1037 1592 1163 1628 multa
1199 1604 1318 1640 super
1343 1589 1420 1628 hac
1449 1605 1492 1628 re

40 1649 344 1686 communicavit
374 1661 532 1685 mecum
555 1649 815 1684 amicissimus
835 1647 1057 1694 Mamilius,
1089 1659 1189 1698 quae
1206 1645 1309 1682 nihil
1328 1660 1491 1684 necesse

39 1701 107 1740 hic
136 1705 271 1742 inseri.
327 1705 477 1742 mentio
494 1704 523 1741 l.
547 1706 599 1746 10
619 1705 662 1741 C.
682 1702 731 1741 de
749 1705 926 1753 metatis,
957 1710 995 1742 et
1021 1703 1128 1743 alibi.
1187 1715 1305 1753 supra
1332 1704 1359 1742 3
1393 1704 1488 1743 162.

36 1759 225 1798 Dsmrsr.

148 1825 245 1868 244.
303 1827 360 1864 sic
387 1840 504 1880 supra
531 1841 570 1865 v.
595 1825 699 1868 124:
730 1825 865 1862 trahea
892 1828 1132 1871 succinctus,
1159 1826 1225 1862 vel
1255 1838 1334 1863 uno
1365 1825 1486 1863 verbo

39 1880 257 1928 trabeatus,
287 1895 364 1935 quo
381 1885 503 1920 utitur
519 1885 632 1920 initio
650 1881 769 1919 huius
787 1883 879 1919 libri
896 1896 936 1920 v.
958 1885 1008 1923 10
1026 1889 1064 1919 et
1083 1881 1187 1918 infra
1204 1895 1244 1919 v.
1262 1884 1332 1922 31.
1360 1883 1483 1919 ΒΙΤΤ.

147 1949 243 1990 245.
292 1951 446 2001 potens]
468 1950 598 2001 placet
616 1950 837 1986 coniectura
855 1949 1153 2000 Ruiziipatens;
1181 1954 1225 1985 ut
1243 1949 1295 1985 sit
1312 1954 1485 1993 exstans,

29 2007 277 2056 prominens,
303 2006 511 2043 sublimior
527 2007 672 2043 ceteris.
732 2007 855 2042 Rrr'r.

148 2071 244 2112 257.
294 2080 508 2124 postquam
529 2087 603 2110 sua
624 2080 724 2109 tecta
744 2072 981 2121 videndum]
1011 2071 1066 2107 ita
1085 2068 1255 2121 ‘quidem
1275 2069 1422 2119 legitur
1440 2069 1482 2105 in

34 2141 117 2176 ms,
145 2126 218 2165 sed
237 2127 344 2180 quod
362 2129 576 2165 videndum
590 2130 630 2165 in
650 2127 725 2165 hoc
748 2141 886 2175 versu,
922 2127 1076 2164 etiamsi
1096 2138 1267 2175 congrue
1287 2125 1479 2172 fortassis,

34 2185 257 2235 suspicione
276 2190 409 2221 tamen
431 2185 563 2235 aliqua
583 2183 689 2235 apud
705 2197 769 2220 me
786 2197 867 2221 non
887 2189 1027 2221 careat.
1083 2183 1205 2218 Rmz.

144 2249 199 2288 ib.
261 2251 414 2288 correxi
443 2250 634 2295 videnda,
661 2257 706 2287 ut
726 2257 875 2287 constet
893 2249 1051 2300 Corippi
1070 2248 1282 2295 sententia,
1314 2248 1404 2298 qui,
1435 2252 1479 2282 ut

33 2313 160 2344 metro
175 2308 362 2344 inserviat
374 2335 384 2354 ‚
414 2307 612 2356 implicate
635 2305 833 2343 interdum
848 2307 1022 2356 loquitur
1041 2310 1079 2340 et
1098 2305 1284 2340 obscurus
1304 2303 1360 2339 fit.
1400 2305 1478 2339 ita—

35 2375 112 2414 que
131 2360 300 2400 hirundo
326 2375 379 2400 ex
401 2364 509 2412 Virg.
531 2363 672 2412 Georg.
692 2361 717 2402 4
749 2365 827 2402 307
847 2361 1017 2411 garrula
1037 2359 1199 2407 dicitur,
1231 2360 1322 2410 quia
1344 2357 1394 2394 ad
1412 2359 1477 2393 ni-

34 2418 152 2467 dum,
191 2431 311 2470 quem
342 2425 535 2455 tectorum
568 2419 687 2467 tignis
719 2417 957 2468 suspendere
986 2417 1086 2454 solet
1100 2445 1110 2463 ,
1153 2417 1327 2466 garriens
1362 2412 1475 2459 redit,

33 2475 91 2512 sic
107 2474 270 2512 studens
288 2474 440 2522 audiri3
471 2482 509 2511 et
529 2475 675 2511 circum
695 2475 863 2511 volitans
884 2472 1014 2510 studet
1035 2473 1153 2509 etiam
1170 2470 1298 2509 vide-ri
1314 2482 1337 2506 a
1353 2469 1474 2520 pullis

33 2531 114 2568 suis
125 2559 137 2579 ,
165 2538 210 2568 ut
228 2533 271 2568 in
288 2544 492 2568 occursum
513 2531 673 2567 veniant
694 2530 745 2567 ad
764 2529 1000 2568 sumendum
1018 2529 1163 2565 cibum.
1221 2528 1354 2563 Foco.

141 2597 237 2639 258.
290 2597 481 2648 garrula]
513 2597 562 2634 ob
588 2598 866 2648 loquacitatem
890 2597 999 2633 illius
1023 2596 1106 2632 avis
1129 2596 1322 2643 ingratam
1336 2592 1472 2627 insua-

32 2665 216 2707 Vf-'mque-
248 2655 408 2691 Homer.
430 2653 571 2706 Odyss·
590 2655 658 2696 21.
690 2655 746 2692 sic
765 2653 995 2705 exemplum
1010 2651 1162 2689 illustre
1184 2650 1267 2686 eius
1290 2647 1346 2684 rei
1368 2643 1472 2696 apud
