<?xml version="1.0" encoding="UTF-8"?>
<!DOCTYPE html PUBLIC "-//W3C//DTD XHTML 1.0 Transitional//EN"
    "http://www.w3.org/TR/xhtml1/DTD/xhtml1-transitional.dtd">
<html xmlns="http://www.w3.org/1999/xhtml" xml:lang="en" lang="en">
 <head>
  <title>
</title>
<meta http-equiv="Content-Type" content="text/html;charset=utf-8" />
  <meta name='ocr-system' content='tesseract 3.04.00' />
  <meta name='ocr-capabilities' content='ocr_page ocr_carea ocr_par ocr_line ocrx_word'/>
</head>
<body>
  <div class='ocr_page' id='page_1' title='image "./corpusscriptorum35niebuoft_0191.png"; bbox 0 0 1702 3060; ppageno 0'>
   <div class='ocr_carea' id='block_1_1' title="bbox 464 106 1496 153">
    <p class='ocr_par' dir='ltr' id='par_1_1' title="bbox 464 106 1496 153">
     <span class='ocr_line' id='line_1_1' title="bbox 464 106 1496 153; baseline -0.012 0"><span class='ocrx_word' id='word_1_1' title='bbox 464 108 816 153; x_wconf 79' lang='lat' dir='ltr'>loHANNmos</span> <span class='ocrx_word' id='word_1_2' title='bbox 849 107 954 152; x_wconf 77' lang='lat' dir='ltr'>Lm.</span> <span class='ocrx_word' id='word_1_3' title='bbox 986 108 1046 152; x_wconf 89' lang='lat' dir='ltr'>v.</span> <span class='ocrx_word' id='word_1_4' title='bbox 1398 106 1496 153; x_wconf 85' lang='lat'>115</span> 
     </span>
    </p>
   </div>
   <div class='ocr_carea' id='block_1_2' title="bbox 24 218 1348 2502">
    <p class='ocr_par' dir='ltr' id='par_1_2' title="bbox 38 218 1156 277">
     <span class='ocr_line' id='line_1_2' title="bbox 38 218 1156 277; baseline -0.002 -20"><span class='ocrx_word' id='word_1_5' title='bbox 38 221 122 265; x_wconf 76' lang='lat'>320</span> <span class='ocrx_word' id='word_1_6' title='bbox 147 219 276 257; x_wconf 84' lang='lat' dir='ltr'>turba.</span> <span class='ocrx_word' id='word_1_7' title='bbox 333 218 454 256; x_wconf 87' lang='lat' dir='ltr'>simul</span> <span class='ocrx_word' id='word_1_8' title='bbox 470 219 657 257; x_wconf 85' lang='lat' dir='ltr'>miserere</span> <span class='ocrx_word' id='word_1_9' title='bbox 679 220 764 277; x_wconf 78' lang='lat' dir='ltr'>eius</span> <span class='ocrx_word' id='word_1_10' title='bbox 782 220 986 272; x_wconf 70' lang='lat' dir='ltr'>nostrique</span> <span class='ocrx_word' id='word_1_11' title='bbox 1003 218 1156 271; x_wconf 85' lang='lat' dir='ltr'>tuique.</span> 
     </span>
    </p>

    <p class='ocr_par' dir='ltr' id='par_1_3' title="bbox 71 284 1316 539">
     <span class='ocr_line' id='line_1_3' title="bbox 71 284 1316 338; baseline 0 -14"><span class='ocrx_word' id='word_1_12' title='bbox 71 285 73 289; x_wconf 80' lang='grc'><strong>’</strong></span> <span class='ocrx_word' id='word_1_13' title='bbox 147 287 320 338; x_wconf 83' lang='lat' dir='ltr'>respice,</span> <span class='ocrx_word' id='word_1_14' title='bbox 346 300 512 338; x_wconf 81' lang='lat' dir='ltr'>magne,</span> <span class='ocrx_word' id='word_1_15' title='bbox 543 293 644 324; x_wconf 87' lang='lat' dir='ltr'>tuos.</span> <span class='ocrx_word' id='word_1_16' title='bbox 701 287 849 324; x_wconf 86' lang='lat' dir='ltr'>macies</span> <span class='ocrx_word' id='word_1_17' title='bbox 868 287 950 324; x_wconf 82' lang='lat' dir='ltr'>iam</span> <span class='ocrx_word' id='word_1_18' title='bbox 971 284 1167 325; x_wconf 80' lang='lat' dir='ltr'>contrahit</span> <span class='ocrx_word' id='word_1_19' title='bbox 1188 292 1316 335; x_wconf 80' lang='lat' dir='ltr'>artus,</span> 
     </span>
     <span class='ocr_line' id='line_1_4' title="bbox 147 352 1133 405; baseline 0.001 -15"><span class='ocrx_word' id='word_1_20' title='bbox 147 365 315 405; x_wconf 83' lang='lat' dir='ltr'><strong>ossaque</strong></span> <span class='ocrx_word' id='word_1_21' title='bbox 334 353 442 391; x_wconf 87' lang='lat' dir='ltr'>nuda</span> <span class='ocrx_word' id='word_1_22' title='bbox 461 355 589 404; x_wconf 85' lang='lat' dir='ltr'>rigent</span> <span class='ocrx_word' id='word_1_23' title='bbox 608 355 722 392; x_wconf 84' lang='lat' dir='ltr'>siccis</span> <span class='ocrx_word' id='word_1_24' title='bbox 741 360 902 391; x_wconf 82' lang='lat' dir='ltr'>tenuata</span> <span class='ocrx_word' id='word_1_25' title='bbox 920 352 1133 401; x_wconf 84' lang='lat' dir='ltr'>medullis3</span> 
     </span>
     <span class='ocr_line' id='line_1_5' title="bbox 145 421 1154 470; baseline -0.001 -12"><span class='ocrx_word' id='word_1_26' title='bbox 145 421 392 470; x_wconf 83' lang='lat' dir='ltr'>stringuntur</span> <span class='ocrx_word' id='word_1_27' title='bbox 404 423 539 469; x_wconf 80' lang='lat' dir='ltr'>nervi,</span> <span class='ocrx_word' id='word_1_28' title='bbox 570 422 670 459; x_wconf 84' lang='lat' dir='ltr'>outis</span> <span class='ocrx_word' id='word_1_29' title='bbox 689 427 796 470; x_wconf 83' lang='lat' dir='ltr'>aret3</span> <span class='ocrx_word' id='word_1_30' title='bbox 826 421 980 461; x_wconf 85' lang='lat' dir='ltr'>lumina</span> <span class='ocrx_word' id='word_1_31' title='bbox 1000 433 1154 468; x_wconf 86' lang='lat' dir='ltr'>mersa,</span> 
     </span>
     <span class='ocr_line' id='line_1_6' title="bbox 146 487 1094 539; baseline 0 -15"><span class='ocrx_word' id='word_1_32' title='bbox 146 487 317 526; x_wconf 86' lang='lat' dir='ltr'>infectae</span> <span class='ocrx_word' id='word_1_33' title='bbox 336 488 487 539; x_wconf 80' lang='lat' dir='ltr'>pallore</span> <span class='ocrx_word' id='word_1_34' title='bbox 508 500 649 538; x_wconf 82' lang='lat' dir='ltr'>genae.</span> <span class='ocrx_word' id='word_1_35' title='bbox 706 488 789 526; x_wconf 88' lang='lat' dir='ltr'>iam</span> <span class='ocrx_word' id='word_1_36' title='bbox 806 490 944 526; x_wconf 86' lang='lat' dir='ltr'>mortis</span> <span class='ocrx_word' id='word_1_37' title='bbox 959 489 1094 538; x_wconf 80' lang='lat' dir='ltr'>imago</span> 
     </span>
    </p>

    <p class='ocr_par' dir='ltr' id='par_1_4' title="bbox 24 548 1298 879">
     <span class='ocr_line' id='line_1_7' title="bbox 24 548 1194 607; baseline 0 -17"><span class='ocrx_word' id='word_1_38' title='bbox 24 552 118 598; x_wconf 74' lang='lat' dir='ltr'>v825</span> <span class='ocrx_word' id='word_1_39' title='bbox 146 567 309 606; x_wconf 83' lang='lat' dir='ltr'>corpora</span> <span class='ocrx_word' id='word_1_40' title='bbox 327 563 461 594; x_wconf 83' lang='lat' dir='ltr'>nostra</span> <span class='ocrx_word' id='word_1_41' title='bbox 484 562 614 604; x_wconf 86' lang='lat' dir='ltr'>tenet,</span> <span class='ocrx_word' id='word_1_42' title='bbox 643 556 780 593; x_wconf 85' lang='lat' dir='ltr'>sitiens</span> <span class='ocrx_word' id='word_1_43' title='bbox 801 562 839 592; x_wconf 88' lang='lat' dir='ltr'>et</span> <span class='ocrx_word' id='word_1_44' title='bbox 860 557 1022 607; x_wconf 86' lang='lat' dir='ltr'>spiritus</span> <span class='ocrx_word' id='word_1_45' title='bbox 1043 548 1194 592; x_wconf 83' lang='lat' dir='ltr'>ardet.’²</span> 
     </span>
     <span class='ocr_line' id='line_1_8' title="bbox 201 619 1298 675; baseline 0 -15"><span class='ocrx_word' id='word_1_46' title='bbox 201 624 281 661; x_wconf 82' lang='lat' dir='ltr'>Vix</span> <span class='ocrx_word' id='word_1_47' title='bbox 298 636 346 661; x_wconf 78' lang='lat' dir='ltr'>ea</span> <span class='ocrx_word' id='word_1_48' title='bbox 365 624 508 674; x_wconf 83' lang='lat' dir='ltr'>vulgus</span> <span class='ocrx_word' id='word_1_49' title='bbox 525 625 664 674; x_wconf 82' lang='lat' dir='ltr'>inops:</span> <span class='ocrx_word' id='word_1_50' title='bbox 694 623 863 674; x_wconf 91' lang='lat' dir='ltr'>populos</span> <span class='ocrx_word' id='word_1_51' title='bbox 880 630 996 675; x_wconf 85' lang='lat' dir='ltr'>pater</span> <span class='ocrx_word' id='word_1_52' title='bbox 1012 623 1099 673; x_wconf 87' lang='lat' dir='ltr'>ipse</span> <span class='ocrx_word' id='word_1_53' title='bbox 1119 619 1298 660; x_wconf 85' lang='lat' dir='ltr'>dolentes</span> 
     </span>
     <span class='ocr_line' id='line_1_9' title="bbox 147 690 1130 743; baseline 0 -16"><span class='ocrx_word' id='word_1_54' title='bbox 147 691 363 740; x_wconf 82' lang='lat' dir='ltr'><strong>continuit,</strong></span> <span class='ocrx_word' id='word_1_55' title='bbox 394 691 600 743; x_wconf 85' lang='lat' dir='ltr'>fessosque</span> <span class='ocrx_word' id='word_1_56' title='bbox 618 690 746 728; x_wconf 87' lang='lat' dir='ltr'>bonus</span> <span class='ocrx_word' id='word_1_57' title='bbox 768 704 951 729; x_wconf 83' lang='lat' dir='ltr'>sermone</span> <span class='ocrx_word' id='word_1_58' title='bbox 971 690 1130 738; x_wconf 80' lang='lat' dir='ltr'><strong>refecit,</strong></span> 
     </span>
     <span class='ocr_line' id='line_1_10' title="bbox 145 754 1209 810; baseline -0.002 -15"><span class='ocrx_word' id='word_1_59' title='bbox 145 758 241 796; x_wconf 85' lang='lat' dir='ltr'>talia</span> <span class='ocrx_word' id='word_1_60' title='bbox 258 771 375 810; x_wconf 84' lang='lat' dir='ltr'>saepe</span> <span class='ocrx_word' id='word_1_61' title='bbox 396 772 578 797; x_wconf 88' lang='lat' dir='ltr'>monens.</span> <span class='ocrx_word' id='word_1_62' title='bbox 632 754 682 796; x_wconf 82' lang='lat'>“0</span> <span class='ocrx_word' id='word_1_63' title='bbox 703 772 794 810; x_wconf 87' lang='lat' dir='ltr'>spes</span> <span class='ocrx_word' id='word_1_64' title='bbox 811 760 992 797; x_wconf 86' lang='lat' dir='ltr'>Romana</span> <span class='ocrx_word' id='word_1_65' title='bbox 1010 756 1209 809; x_wconf 80' lang='lat' dir='ltr'>decusque</span> 
     </span>
     <span class='ocr_line' id='line_1_11' title="bbox 145 826 1190 879; baseline -0.002 -16"><span class='ocrx_word' id='word_1_66' title='bbox 145 833 264 878; x_wconf 86' lang='lat' dir='ltr'>atque</span> <span class='ocrx_word' id='word_1_67' title='bbox 288 828 395 865; x_wconf 89' lang='lat' dir='ltr'>salus</span> <span class='ocrx_word' id='word_1_68' title='bbox 412 829 584 878; x_wconf 79' lang='lat' dir='ltr'>patriae,</span> <span class='ocrx_word' id='word_1_69' title='bbox 620 827 767 864; x_wconf 86' lang='lat' dir='ltr'>nimios</span> <span class='ocrx_word' id='word_1_70' title='bbox 787 839 839 864; x_wconf 86' lang='lat' dir='ltr'>ne</span> <span class='ocrx_word' id='word_1_71' title='bbox 858 840 1000 879; x_wconf 86' lang='lat' dir='ltr'>sperne</span> <span class='ocrx_word' id='word_1_72' title='bbox 1017 826 1190 864; x_wconf 65' lang='lat' dir='ltr'>labos-es.</span> 
     </span>
    </p>

    <p class='ocr_par' dir='ltr' id='par_1_5' title="bbox 34 893 1276 1215">
     <span class='ocr_line' id='line_1_12' title="bbox 34 893 1276 945; baseline -0.002 -14"><span class='ocrx_word' id='word_1_73' title='bbox 34 894 117 935; x_wconf 82' lang='grc'>330</span> <span class='ocrx_word' id='word_1_74' title='bbox 145 895 259 931; x_wconf 85' lang='lat' dir='ltr'>vince</span> <span class='ocrx_word' id='word_1_75' title='bbox 277 895 385 932; x_wconf 85' lang='lat' dir='ltr'>sitim</span> <span class='ocrx_word' id='word_1_76' title='bbox 404 893 610 945; x_wconf 84' lang='lat' dir='ltr'>diramque</span> <span class='ocrx_word' id='word_1_77' title='bbox 631 894 794 932; x_wconf 81' lang='lat' dir='ltr'>famem.</span> <span class='ocrx_word' id='word_1_78' title='bbox 833 908 941 932; x_wconf 87' lang='lat' dir='ltr'>nunc</span> <span class='ocrx_word' id='word_1_79' title='bbox 960 893 1058 931; x_wconf 79' lang='lat' dir='ltr'>dura</span> <span class='ocrx_word' id='word_1_80' title='bbox 1074 899 1276 930; x_wconf 83' lang='lat' dir='ltr'>memento</span> 
     </span>
     <span class='ocr_line' id='line_1_13' title="bbox 146 962 1143 1014; baseline 0 -16"><span class='ocrx_word' id='word_1_81' title='bbox 146 962 250 998; x_wconf 84' lang='lat' dir='ltr'>facta</span> <span class='ocrx_word' id='word_1_82' title='bbox 268 968 440 1014; x_wconf 86' lang='lat' dir='ltr'>patrum.</span> <span class='ocrx_word' id='word_1_83' title='bbox 498 963 601 999; x_wconf 85' lang='lat' dir='ltr'>vires</span> <span class='ocrx_word' id='word_1_84' title='bbox 618 963 758 1013; x_wconf 88' lang='lat' dir='ltr'>populi</span> <span class='ocrx_word' id='word_1_85' title='bbox 774 975 935 1000; x_wconf 84' lang='lat' dir='ltr'>sensere</span> <span class='ocrx_word' id='word_1_86' title='bbox 950 963 1143 1013; x_wconf 75' lang='lat' dir='ltr'>priorum.</span> 
     </span>
     <span class='ocr_line' id='line_1_14' title="bbox 146 1028 1160 1081; baseline -0.002 -14"><span class='ocrx_word' id='word_1_87' title='bbox 146 1030 203 1067; x_wconf 88' lang='lat' dir='ltr'>sic</span> <span class='ocrx_word' id='word_1_88' title='bbox 226 1028 414 1067; x_wconf 85' lang='lat' dir='ltr'>domuere</span> <span class='ocrx_word' id='word_1_89' title='bbox 431 1035 562 1080; x_wconf 87' lang='lat' dir='ltr'>patres</span> <span class='ocrx_word' id='word_1_90' title='bbox 579 1031 749 1081; x_wconf 85' lang='lat' dir='ltr'>propriis</span> <span class='ocrx_word' id='word_1_91' title='bbox 768 1030 980 1067; x_wconf 80' lang='lat' dir='ltr'>virtutibus</span> <span class='ocrx_word' id='word_1_92' title='bbox 1001 1028 1160 1076; x_wconf 83' lang='lat' dir='ltr'>orbem,</span> 
     </span>
     <span class='ocr_line' id='line_1_15' title="bbox 143 1096 1257 1149; baseline -0.004 -14"><span class='ocrx_word' id='word_1_93' title='bbox 143 1110 284 1149; x_wconf 82' lang='lat' dir='ltr'>aspera</span> <span class='ocrx_word' id='word_1_94' title='bbox 306 1096 402 1134; x_wconf 88' lang='lat' dir='ltr'>dum</span> <span class='ocrx_word' id='word_1_95' title='bbox 417 1097 600 1134; x_wconf 80' lang='lat' dir='ltr'>tolerant.</span> <span class='ocrx_word' id='word_1_96' title='bbox 658 1110 815 1135; x_wconf 85' lang='lat' dir='ltr'>summa</span> <span class='ocrx_word' id='word_1_97' title='bbox 836 1104 895 1135; x_wconf 88' lang='lat' dir='ltr'>est</span> <span class='ocrx_word' id='word_1_98' title='bbox 911 1098 1100 1149; x_wconf 81' lang='lat' dir='ltr'>patientia</span> <span class='ocrx_word' id='word_1_99' title='bbox 1118 1097 1257 1133; x_wconf 79' lang='lat' dir='ltr'>virtus.</span> 
     </span>
     <span class='ocr_line' id='line_1_16' title="bbox 142 1162 1257 1215; baseline -0.002 -14"><span class='ocrx_word' id='word_1_100' title='bbox 142 1162 247 1201; x_wconf 89' lang='lat' dir='ltr'>hanc</span> <span class='ocrx_word' id='word_1_101' title='bbox 268 1171 450 1202; x_wconf 81' lang='lat' dir='ltr'>metuunt</span> <span class='ocrx_word' id='word_1_102' title='bbox 473 1171 627 1215; x_wconf 80' lang='lat' dir='ltr'>gentes.</span> <span class='ocrx_word' id='word_1_103' title='bbox 686 1166 785 1204; x_wconf 84' lang='lat' dir='ltr'>alios</span> <span class='ocrx_word' id='word_1_104' title='bbox 804 1164 904 1203; x_wconf 81' lang='lat' dir='ltr'>haec</span> <span class='ocrx_word' id='word_1_105' title='bbox 922 1166 1074 1202; x_wconf 85' lang='lat' dir='ltr'>territat</span> <span class='ocrx_word' id='word_1_106' title='bbox 1099 1162 1232 1201; x_wconf 83' lang='lat' dir='ltr'>hostes</span> <span class='ocrx_word' id='word_1_107' title='bbox 1247 1193 1257 1210; x_wconf 89' lang='lat'>‚</span> 
     </span>
    </p>

    <p class='ocr_par' dir='ltr' id='par_1_6' title="bbox 31 1229 1190 1551">
     <span class='ocr_line' id='line_1_17' title="bbox 31 1229 1190 1284; baseline -0.003 -12"><span class='ocrx_word' id='word_1_108' title='bbox 31 1229 114 1274; x_wconf 83' lang='lat'>335</span> <span class='ocrx_word' id='word_1_109' title='bbox 144 1230 241 1268; x_wconf 88' lang='lat' dir='ltr'>dum</span> <span class='ocrx_word' id='word_1_110' title='bbox 257 1239 373 1270; x_wconf 89' lang='lat' dir='ltr'>necat</span> <span class='ocrx_word' id='word_1_111' title='bbox 389 1231 477 1271; x_wconf 89' lang='lat' dir='ltr'>hos.</span> <span class='ocrx_word' id='word_1_112' title='bbox 535 1234 707 1284; x_wconf 81' lang='lat' dir='ltr'>geminis</span> <span class='ocrx_word' id='word_1_113' title='bbox 731 1234 836 1271; x_wconf 84' lang='lat' dir='ltr'>acies</span> <span class='ocrx_word' id='word_1_114' title='bbox 854 1233 1017 1271; x_wconf 84' lang='lat' dir='ltr'>inimica</span> <span class='ocrx_word' id='word_1_115' title='bbox 1035 1232 1190 1270; x_wconf 85' lang='lat' dir='ltr'>laborat</span> 
     </span>
     <span class='ocr_line' id='line_1_18' title="bbox 143 1299 1118 1354; baseline 0 -18"><span class='ocrx_word' id='word_1_116' title='bbox 143 1300 300 1337; x_wconf 77' lang='lat' dir='ltr'>exitiis:</span> <span class='ocrx_word' id='word_1_117' title='bbox 333 1299 436 1340; x_wconf 37' lang='lat' dir='ltr'>hinc*</span> <span class='ocrx_word' id='word_1_118' title='bbox 449 1301 552 1338; x_wconf 85' lang='lat' dir='ltr'>sicca</span> <span class='ocrx_word' id='word_1_119' title='bbox 573 1302 658 1340; x_wconf 85' lang='lat' dir='ltr'>sitis</span> <span class='ocrx_word' id='word_1_120' title='bbox 677 1301 890 1354; x_wconf 81' lang='lat' dir='ltr'>fervorque</span> <span class='ocrx_word' id='word_1_121' title='bbox 909 1302 1118 1352; x_wconf 85' lang='lat' dir='ltr'>famesque</span> 
     </span>
     <span class='ocr_line' id='line_1_19' title="bbox 142 1366 1158 1420; baseline -0.002 -14"><span class='ocrx_word' id='word_1_122' title='bbox 142 1370 367 1420; x_wconf 82' lang='lat' dir='ltr'>exagitant,</span> <span class='ocrx_word' id='word_1_123' title='bbox 397 1366 492 1406; x_wconf 89' lang='lat' dir='ltr'>hinc</span> <span class='ocrx_word' id='word_1_124' title='bbox 510 1374 635 1406; x_wconf 83' lang='lat' dir='ltr'>terror</span> <span class='ocrx_word' id='word_1_125' title='bbox 653 1370 736 1420; x_wconf 82' lang='lat' dir='ltr'>agit</span> <span class='ocrx_word' id='word_1_126' title='bbox 753 1371 955 1407; x_wconf 87' lang='lat' dir='ltr'>Romanus</span> <span class='ocrx_word' id='word_1_127' title='bbox 976 1375 1015 1405; x_wconf 88' lang='lat' dir='ltr'>et</span> <span class='ocrx_word' id='word_1_128' title='bbox 1036 1369 1158 1405; x_wconf 86' lang='lat' dir='ltr'>instat</span> 
     </span>
     <span class='ocr_line' id='line_1_20' title="bbox 142 1437 1083 1489; baseline -0.001 -15"><span class='ocrx_word' id='word_1_129' title='bbox 142 1437 237 1474; x_wconf 86' lang='lat' dir='ltr'>solis</span> <span class='ocrx_word' id='word_1_130' title='bbox 259 1437 334 1475; x_wconf 87' lang='lat' dir='ltr'>iter</span> <span class='ocrx_word' id='word_1_131' title='bbox 352 1443 504 1474; x_wconf 84' lang='lat' dir='ltr'>tentare</span> <span class='ocrx_word' id='word_1_132' title='bbox 525 1443 656 1474; x_wconf 85' lang='lat' dir='ltr'>truces</span> <span class='ocrx_word' id='word_1_133' title='bbox 674 1443 885 1489; x_wconf 85' lang='lat' dir='ltr'>partesque</span> <span class='ocrx_word' id='word_1_134' title='bbox 903 1442 1083 1486; x_wconf 86' lang='lat' dir='ltr'>negatas.</span> 
     </span>
     <span class='ocr_line' id='line_1_21' title="bbox 141 1503 1094 1551; baseline 0.001 -11"><span class='ocrx_word' id='word_1_135' title='bbox 141 1510 295 1542; x_wconf 83' lang='lat' dir='ltr'>vestros</span> <span class='ocrx_word' id='word_1_136' title='bbox 311 1516 410 1540; x_wconf 80' lang='lat' dir='ltr'>zona</span> <span class='ocrx_word' id='word_1_137' title='bbox 426 1504 571 1541; x_wconf 87' lang='lat' dir='ltr'>rubens</span> <span class='ocrx_word' id='word_1_138' title='bbox 590 1503 733 1541; x_wconf 87' lang='lat' dir='ltr'>referet</span> <span class='ocrx_word' id='word_1_139' title='bbox 754 1511 897 1541; x_wconf 86' lang='lat' dir='ltr'>testata</span> <span class='ocrx_word' id='word_1_140' title='bbox 915 1504 1094 1551; x_wconf 78' lang='lat' dir='ltr'>labores,</span> 
     </span>
    </p>

    <p class='ocr_par' dir='ltr' id='par_1_7' title="bbox 29 1568 1348 1827">
     <span class='ocr_line' id='line_1_22' title="bbox 29 1568 1214 1623; baseline 0 -15"><span class='ocrx_word' id='word_1_141' title='bbox 29 1570 113 1614; x_wconf 82' lang='lat'>340</span> <span class='ocrx_word' id='word_1_142' title='bbox 140 1570 396 1609; x_wconf 83' lang='lat' dir='ltr'>confirmante</span> <span class='ocrx_word' id='word_1_143' title='bbox 414 1573 522 1623; x_wconf 91' lang='lat' dir='ltr'>polo,</span> <span class='ocrx_word' id='word_1_144' title='bbox 554 1583 780 1623; x_wconf 86' lang='lat' dir='ltr'>magnoque</span> <span class='ocrx_word' id='word_1_145' title='bbox 800 1572 962 1621; x_wconf 84' lang='lat' dir='ltr'>Catone,</span> <span class='ocrx_word' id='word_1_146' title='bbox 993 1568 1214 1609; x_wconf 84' lang='lat' dir='ltr'>secundum</span> 
     </span>
     <span class='ocr_line' id='line_1_23' title="bbox 140 1637 1348 1692; baseline -0.004 -17"><span class='ocrx_word' id='word_1_147' title='bbox 140 1651 206 1676; x_wconf 89' lang='lat' dir='ltr'>me</span> <span class='ocrx_word' id='word_1_148' title='bbox 224 1644 396 1676; x_wconf 82' lang='lat' dir='ltr'>tentasse</span> <span class='ocrx_word' id='word_1_149' title='bbox 413 1639 548 1690; x_wconf 82' lang='lat' dir='ltr'>legent</span> <span class='ocrx_word' id='word_1_150' title='bbox 561 1668 572 1688; x_wconf 89' lang='lat'>‚</span> <span class='ocrx_word' id='word_1_151' title='bbox 602 1652 761 1692; x_wconf 90' lang='lat' dir='ltr'>quoquo</span> <span class='ocrx_word' id='word_1_152' title='bbox 782 1638 886 1677; x_wconf 87' lang='lat' dir='ltr'>hanc</span> <span class='ocrx_word' id='word_1_153' title='bbox 906 1640 1109 1690; x_wconf 79' lang='lat' dir='ltr'>scripsisse</span> <span class='ocrx_word' id='word_1_154' title='bbox 1121 1667 1132 1687; x_wconf 91' lang='lat'>,</span> <span class='ocrx_word' id='word_1_155' title='bbox 1161 1637 1348 1674; x_wconf 82' lang='lat' dir='ltr'>minores.</span> 
     </span>
     <span class='ocr_line' id='line_1_24' title="bbox 140 1706 1308 1759; baseline -0.002 -16"><span class='ocrx_word' id='word_1_156' title='bbox 140 1707 272 1744; x_wconf 79' lang='lat' dir='ltr'>vincat</span> <span class='ocrx_word' id='word_1_157' title='bbox 290 1718 403 1746; x_wconf 83' lang='lat' dir='ltr'>amor</span> <span class='ocrx_word' id='word_1_158' title='bbox 417 1709 566 1759; x_wconf 83' lang='lat' dir='ltr'>patriae</span> <span class='ocrx_word' id='word_1_159' title='bbox 583 1713 762 1744; x_wconf 84' lang='lat' dir='ltr'>montem</span> <span class='ocrx_word' id='word_1_160' title='bbox 772 1736 783 1756; x_wconf 90' lang='lat'>,</span> <span class='ocrx_word' id='word_1_161' title='bbox 817 1714 856 1744; x_wconf 86' lang='lat' dir='ltr'>et</span> <span class='ocrx_word' id='word_1_162' title='bbox 872 1707 958 1746; x_wconf 87' lang='lat' dir='ltr'>sitis</span> <span class='ocrx_word' id='word_1_163' title='bbox 978 1706 1162 1757; x_wconf 87' lang='lat' dir='ltr'>improba</span> <span class='ocrx_word' id='word_1_164' title='bbox 1183 1710 1308 1743; x_wconf 79' lang='lat' dir='ltr'>cesset</span> 
     </span>
     <span class='ocr_line' id='line_1_25' title="bbox 139 1768 1173 1827; baseline 0.002 -17"><span class='ocrx_word' id='word_1_165' title='bbox 139 1774 302 1811; x_wconf 85' lang='lat' dir='ltr'>flumine</span> <span class='ocrx_word' id='word_1_166' title='bbox 326 1788 546 1827; x_wconf 87' lang='lat' dir='ltr'>purpureo,</span> <span class='ocrx_word' id='word_1_167' title='bbox 576 1787 625 1812; x_wconf 86' lang='lat' dir='ltr'>ac-</span> <span class='ocrx_word' id='word_1_168' title='bbox 640 1781 770 1812; x_wconf 83' lang='lat' dir='ltr'>vester</span> <span class='ocrx_word' id='word_1_169' title='bbox 789 1774 994 1812; x_wconf 84' lang='lat' dir='ltr'>satiabitur</span> <span class='ocrx_word' id='word_1_170' title='bbox 1017 1768 1173 1812; x_wconf 64' lang='lat' dir='ltr'>ardon„</span> 
     </span>
    </p>

    <p class='ocr_par' dir='ltr' id='par_1_8' title="bbox 196 1839 1131 1895">
     <span class='ocr_line' id='line_1_26' title="bbox 196 1839 1131 1895; baseline 0.003 -18"><span class='ocrx_word' id='word_1_171' title='bbox 196 1841 263 1878; x_wconf 86' lang='lat' dir='ltr'>Sic</span> <span class='ocrx_word' id='word_1_172' title='bbox 281 1842 415 1879; x_wconf 86' lang='lat' dir='ltr'>Latias</span> <span class='ocrx_word' id='word_1_173' title='bbox 435 1841 594 1895; x_wconf 85' lang='lat' dir='ltr'>placida</span> <span class='ocrx_word' id='word_1_174' title='bbox 614 1843 813 1880; x_wconf 80' lang='lat' dir='ltr'>mulcebat</span> <span class='ocrx_word' id='word_1_175' title='bbox 834 1855 930 1881; x_wconf 82' lang='lat' dir='ltr'>voce</span> <span class='ocrx_word' id='word_1_176' title='bbox 951 1839 1131 1880; x_wconf 86' lang='lat' dir='ltr'>cohortes</span> 
     </span>
    </p>

    <p class='ocr_par' dir='ltr' id='par_1_9' title="bbox 27 1907 1099 1962">
     <span class='ocr_line' id='line_1_27' title="bbox 27 1907 1099 1962; baseline 0.002 -18"><span class='ocrx_word' id='word_1_177' title='bbox 27 1907 110 1952; x_wconf 71' lang='lat'>345</span> <span class='ocrx_word' id='word_1_178' title='bbox 139 1909 323 1959; x_wconf 85' lang='lat' dir='ltr'>egregius</span> <span class='ocrx_word' id='word_1_179' title='bbox 341 1907 500 1959; x_wconf 85' lang='lat' dir='ltr'>ductor,</span> <span class='ocrx_word' id='word_1_180' title='bbox 530 1923 604 1947; x_wconf 82' lang='lat' dir='ltr'>ceu</span> <span class='ocrx_word' id='word_1_181' title='bbox 629 1911 792 1948; x_wconf 87' lang='lat' dir='ltr'>flumine</span> <span class='ocrx_word' id='word_1_182' title='bbox 809 1916 970 1962; x_wconf 80' lang='lat' dir='ltr'>pectora</span> <span class='ocrx_word' id='word_1_183' title='bbox 991 1907 1099 1946; x_wconf 85' lang='lat' dir='ltr'>dulci</span> 
     </span>
    </p>

    <p class='ocr_par' dir='ltr' id='par_1_10' title="bbox 139 1977 1197 2094">
     <span class='ocr_line' id='line_1_28' title="bbox 139 1977 1197 2029; baseline 0.001 -16"><span class='ocrx_word' id='word_1_184' title='bbox 139 1982 279 2014; x_wconf 84' lang='lat' dir='ltr'>cuncta</span> <span class='ocrx_word' id='word_1_185' title='bbox 294 1977 448 2027; x_wconf 86' lang='lat' dir='ltr'>rigans,</span> <span class='ocrx_word' id='word_1_186' title='bbox 480 1979 608 2029; x_wconf 88' lang='lat' dir='ltr'>epulis</span> <span class='ocrx_word' id='word_1_187' title='bbox 624 1980 748 2016; x_wconf 85' lang='lat' dir='ltr'>variis</span> <span class='ocrx_word' id='word_1_188' title='bbox 767 1984 836 2015; x_wconf 85' lang='lat' dir='ltr'>aut</span> <span class='ocrx_word' id='word_1_189' title='bbox 851 1979 1002 2016; x_wconf 81' lang='lat' dir='ltr'>viscera</span> <span class='ocrx_word' id='word_1_190' title='bbox 1024 1977 1197 2029; x_wconf 86' lang='lat' dir='ltr'>replens.</span> 
     </span>
     <span class='ocr_line' id='line_1_29' title="bbox 194 2043 1020 2094; baseline 0.001 -12"><span class='ocrx_word' id='word_1_191' title='bbox 194 2043 351 2082; x_wconf 86' lang='lat' dir='ltr'>Accidit</span> <span class='ocrx_word' id='word_1_192' title='bbox 368 2045 514 2083; x_wconf 84' lang='lat' dir='ltr'>infelix</span> <span class='ocrx_word' id='word_1_193' title='bbox 535 2046 652 2084; x_wconf 86' lang='lat' dir='ltr'>rebus</span> <span class='ocrx_word' id='word_1_194' title='bbox 669 2046 826 2083; x_wconf 85' lang='lat' dir='ltr'>fortuna</span> <span class='ocrx_word' id='word_1_195' title='bbox 843 2046 996 2083; x_wconf 80' lang='lat' dir='ltr'>Latinis</span> <span class='ocrx_word' id='word_1_196' title='bbox 1009 2073 1020 2094; x_wconf 94' lang='lat'>,</span> 
     </span>
    </p>

    <p class='ocr_par' dir='ltr' id='par_1_11' title="bbox 140 2112 1048 2166">
     <span class='ocr_line' id='line_1_30' title="bbox 140 2112 1048 2166; baseline 0.002 -18"><span class='ocrx_word' id='word_1_197' title='bbox 140 2119 325 2164; x_wconf 85' lang='lat' dir='ltr'>quassato</span> <span class='ocrx_word' id='word_1_198' title='bbox 346 2112 498 2152; x_wconf 76' lang='lat' dir='ltr'>validas</span> <span class='ocrx_word' id='word_1_199' title='bbox 513 2127 616 2166; x_wconf 85' lang='lat' dir='ltr'>quae</span> <span class='ocrx_word' id='word_1_200' title='bbox 632 2114 752 2165; x_wconf 83' lang='lat' dir='ltr'>fregit</span> <span class='ocrx_word' id='word_1_201' title='bbox 769 2114 908 2152; x_wconf 85' lang='lat' dir='ltr'>robore</span> <span class='ocrx_word' id='word_1_202' title='bbox 928 2115 1048 2151; x_wconf 80' lang='lat' dir='ltr'>vires.</span> 
     </span>
    </p>

    <p class='ocr_par' dir='ltr' id='par_1_12' title="bbox 139 2178 1184 2234">
     <span class='ocr_line' id='line_1_31' title="bbox 139 2178 1184 2234; baseline 0 -19"><span class='ocrx_word' id='word_1_203' title='bbox 139 2178 416 2232; x_wconf 86' lang='lat' dir='ltr'>quadrupedes</span> <span class='ocrx_word' id='word_1_204' title='bbox 437 2184 587 2219; x_wconf 87' lang='lat' dir='ltr'>cunctis</span> <span class='ocrx_word' id='word_1_205' title='bbox 606 2188 839 2234; x_wconf 83' lang='lat' dir='ltr'>quaerentes</span> <span class='ocrx_word' id='word_1_206' title='bbox 859 2181 1007 2232; x_wconf 85' lang='lat' dir='ltr'>pabula</span> <span class='ocrx_word' id='word_1_207' title='bbox 1034 2179 1184 2230; x_wconf 86' lang='lat' dir='ltr'>campis</span> 
     </span>
    </p>

    <p class='ocr_par' dir='ltr' id='par_1_13' title="bbox 27 2245 1300 2502">
     <span class='ocr_line' id='line_1_32' title="bbox 27 2245 1185 2301; baseline -0.005 -13"><span class='ocrx_word' id='word_1_208' title='bbox 27 2245 112 2290; x_wconf 79' lang='grc'>350</span> <span class='ocrx_word' id='word_1_209' title='bbox 140 2248 342 2286; x_wconf 82' lang='lat' dir='ltr'>errabant:</span> <span class='ocrx_word' id='word_1_210' title='bbox 370 2261 468 2286; x_wconf 87' lang='lat' dir='ltr'>nam</span> <span class='ocrx_word' id='word_1_211' title='bbox 489 2248 574 2286; x_wconf 81' lang='lat' dir='ltr'>dira</span> <span class='ocrx_word' id='word_1_212' title='bbox 591 2250 722 2287; x_wconf 80' lang='lat' dir='ltr'>fames</span> <span class='ocrx_word' id='word_1_213' title='bbox 739 2256 857 2301; x_wconf 86' lang='lat' dir='ltr'>atque</span> <span class='ocrx_word' id='word_1_214' title='bbox 879 2247 997 2286; x_wconf 88' lang='lat' dir='ltr'>ardor</span> <span class='ocrx_word' id='word_1_215' title='bbox 1013 2245 1185 2284; x_wconf 77' lang='lat' dir='ltr'>habebat</span> 
     </span>
     <span class='ocr_line' id='line_1_33' title="bbox 139 2313 1300 2367; baseline -0.003 -15"><span class='ocrx_word' id='word_1_216' title='bbox 139 2329 257 2353; x_wconf 80' lang='lat' dir='ltr'>oume</span> <span class='ocrx_word' id='word_1_217' title='bbox 276 2328 424 2367; x_wconf 81' lang='lat' dir='ltr'>genus3</span> <span class='ocrx_word' id='word_1_218' title='bbox 454 2330 535 2354; x_wconf 88' lang='lat' dir='ltr'>non</span> <span class='ocrx_word' id='word_1_219' title='bbox 552 2315 675 2354; x_wconf 86' lang='lat' dir='ltr'>herba</span> <span class='ocrx_word' id='word_1_220' title='bbox 693 2318 824 2354; x_wconf 81' lang='lat' dir='ltr'>virens</span> <span class='ocrx_word' id='word_1_221' title='bbox 838 2346 848 2365; x_wconf 88' lang='lat'>,</span> <span class='ocrx_word' id='word_1_222' title='bbox 878 2329 960 2353; x_wconf 89' lang='lat' dir='ltr'>non</span> <span class='ocrx_word' id='word_1_223' title='bbox 978 2313 1187 2352; x_wconf 84' lang='lat' dir='ltr'>frondibus</span> <span class='ocrx_word' id='word_1_224' title='bbox 1208 2313 1300 2349; x_wconf 85' lang='lat' dir='ltr'>ullis</span> 
     </span>
     <span class='ocr_line' id='line_1_34' title="bbox 139 2381 1098 2434; baseline 0 -15"><span class='ocrx_word' id='word_1_225' title='bbox 139 2382 255 2420; x_wconf 87' lang='lat' dir='ltr'>arbor</span> <span class='ocrx_word' id='word_1_226' title='bbox 273 2390 368 2432; x_wconf 84' lang='lat' dir='ltr'>erat,</span> <span class='ocrx_word' id='word_1_227' title='bbox 399 2382 532 2422; x_wconf 86' lang='lat' dir='ltr'>densis</span> <span class='ocrx_word' id='word_1_228' title='bbox 547 2385 676 2422; x_wconf 90' lang='lat' dir='ltr'>subito</span> <span class='ocrx_word' id='word_1_229' title='bbox 697 2397 787 2421; x_wconf 88' lang='lat' dir='ltr'>cum</span> <span class='ocrx_word' id='word_1_230' title='bbox 803 2383 946 2434; x_wconf 86' lang='lat' dir='ltr'>palluit</span> <span class='ocrx_word' id='word_1_231' title='bbox 964 2381 1098 2420; x_wconf 85' lang='lat' dir='ltr'>herbis</span> 
     </span>
     <span class='ocr_line' id='line_1_35' title="bbox 141 2450 1079 2502; baseline 0.002 -16"><span class='ocrx_word' id='word_1_232' title='bbox 141 2462 302 2502; x_wconf 81' lang='lat' dir='ltr'>campus</span> <span class='ocrx_word' id='word_1_233' title='bbox 323 2458 362 2489; x_wconf 89' lang='lat' dir='ltr'>et</span> <span class='ocrx_word' id='word_1_234' title='bbox 381 2450 537 2491; x_wconf 83' lang='lat' dir='ltr'>adversi</span> <span class='ocrx_word' id='word_1_235' title='bbox 562 2453 779 2491; x_wconf 86' lang='lat' dir='ltr'>rubuerunt</span> <span class='ocrx_word' id='word_1_236' title='bbox 801 2451 961 2489; x_wconf 84' lang='lat' dir='ltr'>fioribus</span> <span class='ocrx_word' id='word_1_237' title='bbox 979 2451 1079 2502; x_wconf 86' lang='lat' dir='ltr'>agri.</span> 
     </span>
    </p>
   </div>
   <div class='ocr_carea' id='block_1_3' title="bbox 0 2540 1491 2689">
    <p class='ocr_par' dir='ltr' id='par_1_14' title="bbox 0 2540 1491 2689">
     <span class='ocr_line' id='line_1_36' title="bbox 27 2540 1491 2589; baseline -0.024 17"><span class='ocrx_word' id='word_1_238' title='bbox 27 2547 97 2582; x_wconf 63' lang='lat'>3²3</span> <span class='ocrx_word' id='word_1_239' title='bbox 119 2547 240 2582; x_wconf 66' lang='lat'>¹⁰¹³⁵¹¹²</span> <span class='ocrx_word' id='word_1_240' title='bbox 260 2561 370 2584; x_wconf 78' lang='lat' dir='ltr'>merso</span> <span class='ocrx_word' id='word_1_241' title='bbox 396 2552 429 2584; x_wconf 85' lang='grc' dir='ltr'><em>Τ</em></span> <span class='ocrx_word' id='word_1_242' title='bbox 583 2553 652 2589; x_wconf 76' lang='lat'>328</span> <span class='ocrx_word' id='word_1_243' title='bbox 674 2562 812 2586; x_wconf 82' lang='lat' dir='ltr'>mouens</span> <span class='ocrx_word' id='word_1_244' title='bbox 831 2550 864 2584; x_wconf 83' lang='lat'>&#39;1&#39;</span> <span class='ocrx_word' id='word_1_245' title='bbox 1021 2549 1089 2584; x_wconf 85' lang='grc'>337</span> <span class='ocrx_word' id='word_1_246' title='bbox 1112 2546 1257 2582; x_wconf 73' lang='lat' dir='ltr'>romanis</span> <span class='ocrx_word' id='word_1_247' title='bbox 1280 2546 1315 2578; x_wconf 69' lang='lat' dir='ltr'>ot</span> <span class='ocrx_word' id='word_1_248' title='bbox 1336 2543 1440 2576; x_wconf 60' lang='lat' dir='ltr'>§nstar</span> <span class='ocrx_word' id='word_1_249' title='bbox 1459 2540 1491 2572; x_wconf 76' lang='grc' dir='ltr'>ἰ’</span> 
     </span>
     <span class='ocr_line' id='line_1_37' title="bbox 0 2589 1487 2644; baseline -0.009 -13"><span class='ocrx_word' id='word_1_250' title='bbox 0 2602 5 2607; x_wconf 83' lang='grc'><strong>”</strong></span> <span class='ocrx_word' id='word_1_251' title='bbox 28 2592 98 2628; x_wconf 75' lang='lat'>338</span> <span class='ocrx_word' id='word_1_252' title='bbox 121 2598 254 2628; x_wconf 73' lang='lat' dir='ltr'>tentate</span> <span class='ocrx_word' id='word_1_253' title='bbox 267 2596 368 2630; x_wconf 85' lang='lat' dir='ltr'>duces</span> <span class='ocrx_word' id='word_1_254' title='bbox 384 2597 426 2631; x_wconf 88' lang='lat' dir='ltr'><strong><em>M</em></strong></span> <span class='ocrx_word' id='word_1_255' title='bbox 571 2600 637 2634; x_wconf 79' lang='lat'>341</span> <span class='ocrx_word' id='word_1_256' title='bbox 663 2608 797 2644; x_wconf 85' lang='lat' dir='ltr'>quoque</span> <span class='ocrx_word' id='word_1_257' title='bbox 813 2603 848 2629; x_wconf 84' lang='lat' dir='ltr'>et.</span> <span class='ocrx_word' id='word_1_258' title='bbox 863 2596 948 2630; x_wconf 83' lang='lat' dir='ltr'>hanc</span> <span class='ocrx_word' id='word_1_259' title='bbox 963 2596 1102 2642; x_wconf 79' lang='lat' dir='ltr'>petiisse</span> <span class='ocrx_word' id='word_1_260' title='bbox 1118 2595 1156 2627; x_wconf 88' lang='lat' dir='ltr'><strong><em>M</em></strong></span> <span class='ocrx_word' id='word_1_261' title='bbox 1306 2589 1374 2624; x_wconf 62' lang='lat'>312</span> <span class='ocrx_word' id='word_1_262' title='bbox 1397 2597 1487 2619; x_wconf 86' lang='lat' dir='ltr'>mor-</span> 
     </span>
     <span class='ocr_line' id='line_1_38' title="bbox 29 2637 1488 2689; baseline -0.023 6"><span class='ocrx_word' id='word_1_263' title='bbox 29 2646 100 2672; x_wconf 50' lang='grc' dir='ltr'>κω</span> <span class='ocrx_word' id='word_1_264' title='bbox 114 2638 154 2671; x_wconf 73' lang='grc' dir='ltr'>Μ</span> <span class='ocrx_word' id='word_1_265' title='bbox 289 2642 356 2676; x_wconf 77' lang='lat'>343</span> <span class='ocrx_word' id='word_1_266' title='bbox 379 2643 519 2689; x_wconf 69' lang='lat' dir='ltr'>P¹¹⁸³P3⁰</span> <span class='ocrx_word' id='word_1_267' title='bbox 541 2645 574 2678; x_wconf 75' lang='grc' dir='ltr'><strong>Τ</strong></span> <span class='ocrx_word' id='word_1_268' title='bbox 707 2644 773 2678; x_wconf 81' lang='grc'>345</span> <span class='ocrx_word' id='word_1_269' title='bbox 799 2642 905 2677; x_wconf 75' lang='lat' dir='ltr'>uariis</span> <span class='ocrx_word' id='word_1_270' title='bbox 919 2653 980 2676; x_wconf 87' lang='lat' dir='ltr'>ceu</span> <span class='ocrx_word' id='word_1_271' title='bbox 996 2641 1133 2675; x_wconf 82' lang='lat' dir='ltr'>flumine</span> <span class='ocrx_word' id='word_1_272' title='bbox 1146 2637 1236 2672; x_wconf 81' lang='lat' dir='ltr'>dulci</span> <span class='ocrx_word' id='word_1_273' title='bbox 1253 2642 1393 2683; x_wconf 74' lang='lat' dir='ltr'>pectora</span> <span class='ocrx_word' id='word_1_274' title='bbox 1408 2641 1488 2664; x_wconf 80' lang='lat' dir='ltr'>cun-</span> 
     </span>
    </p>
   </div>
   <div class='ocr_carea' id='block_1_4' title="bbox 27 2679 1488 2765">
    <p class='ocr_par' dir='ltr' id='par_1_15' title="bbox 27 2679 1488 2765">
     <span class='ocr_line' id='line_1_39' title="bbox 27 2679 1488 2765; baseline -0.019 -28"><span class='ocrx_word' id='word_1_275' title='bbox 27 2683 222 2765; x_wconf 45' lang='lat' dir='ltr'>{12³³}ng</span> <span class='ocrx_word' id='word_1_276' title='bbox 238 2687 344 2732; x_wconf 65' lang='lat' dir='ltr'><strong>⁰9⁰5ss</strong></span> <span class='ocrx_word' id='word_1_277' title='bbox 361 2689 410 2732; x_wconf 80' lang='lat' dir='ltr'>T,</span> <span class='ocrx_word' id='word_1_278' title='bbox 439 2701 501 2725; x_wconf 84' lang='lat' dir='ltr'>ceu</span> <span class='ocrx_word' id='word_1_279' title='bbox 524 2694 668 2739; x_wconf 78' lang='lat' dir='ltr'>pectora</span> <span class='ocrx_word' id='word_1_280' title='bbox 689 2688 826 2724; x_wconf 80' lang='lat' dir='ltr'>flumine</span> <span class='ocrx_word' id='word_1_281' title='bbox 852 2688 944 2724; x_wconf 78' lang='lat' dir='ltr'>dulci</span> <span class='ocrx_word' id='word_1_282' title='bbox 969 2692 1091 2724; x_wconf 75' lang='lat' dir='ltr'>cuncta</span> <span class='ocrx_word' id='word_1_283' title='bbox 1114 2685 1249 2731; x_wconf 78' lang='lat' dir='ltr'>rigans,</span> <span class='ocrx_word' id='word_1_284' title='bbox 1283 2679 1383 2715; x_wconf 75' lang='lat' dir='ltr'>variis</span> <span class='ocrx_word' id='word_1_285' title='bbox 1405 2687 1488 2725; x_wconf 78' lang='lat' dir='ltr'>epu-</span> 
     </span>
    </p>
   </div>
  </div>
 </body>
</html>
