1702 3060
46 82 292 141 41:01qu
313 82 389 126 DE
414 81 632 127 LAUDIB.
654 81 800 140 IUST.
818 81 1022 126 MINOR.
1040 81 1362 125 DEDICATIO.

63 201 66 204 ’
91 193 120 237 5
147 205 377 232 mensuram
391 194 590 231 transfusa
609 206 764 242 meam,
793 194 994 246 longeque
1015 200 1165 232 remota

147 263 319 312 suspicio
337 263 539 313 mirorque
556 260 718 310 videns,
750 268 788 299 et
808 260 968 299 brachia
986 261 1108 299 tendo

142 331 294 380 ingenii
310 329 508 382 studiique
527 331 623 367 mei.
681 335 758 367 stat
778 329 920 366 fertilis
939 330 1056 367 arbor

144 410 344 435 sacrorum
361 400 401 434 in
420 397 552 435 medio
573 409 783 434 nemorum
795 425 805 444 ,
839 395 1107 447 pulcherrima
1126 398 1230 446 visu,

141 479 214 516 per
227 465 367 502 mundi
389 467 560 516 spatium
582 478 712 502 ramos
732 477 834 516 quae
854 462 981 502 tendit
1001 477 1159 515 opacos,

60 535 114 574 10
141 533 333 570 fructibus
351 534 574 583 omnigenis
591 535 711 570 etiam
728 534 813 570 sine
831 538 1010 583 tempore
1030 532 1166 582 plena,

99 644 102 647 ,
141 607 181 637 et
198 613 300 637 nova
317 603 484 638 maturis
505 600 727 638 admiscens
747 602 927 652 germina
947 601 1102 650 pomis;

141 669 252 705 cuius
273 681 376 720 apex
395 671 541 707 summi
563 670 755 719 contingit
774 668 904 706 sidera
927 669 1042 717 caeli,

140 743 180 774 et
197 736 314 774 radix
333 736 382 774 de
405 738 514 774 fonte
534 738 634 774 bibit
647 766 658 785 ,
688 738 889 788 sacrisque
907 736 1064 773 fluentis

140 805 333 856 expandit
352 806 492 841 satiata
510 818 643 842 comas
656 834 665 852 ,
697 811 736 841 et
756 804 895 841 nubila
915 817 1034 855 supra
1054 811 1130 841 est.

58 872 109 914 15
139 873 287 910 arboris
305 878 343 909 et
363 872 507 919 fontis,
538 874 572 909 si
595 873 654 910 fas
674 885 910 923 componere
930 873 1089 922 magnis

137 953 258 992 parva
278 939 404 986 datur,
434 941 559 978 iustas
577 939 715 976 videor
731 941 910 990 posuisse
927 938 1074 989 figuras
1085 950 1097 974 :

137 1009 202 1046 sin
220 1009 335 1045 aliter
353 1006 513 1056 videar,
541 1009 701 1044 veniam
719 1009 818 1061 petit
830 1037 840 1055 ,
872 1008 1020 1058 optime
1040 1013 1239 1057 quaestor,

132 1077 370 1127 simplicitas
389 1076 527 1126 ignara
546 1075 658 1113 mali.
716 1082 761 1113 tu
779 1076 920 1112 fertilis
939 1075 1056 1112 arbor

134 1144 314 1195 Augusto
337 1142 386 1180 de
404 1145 514 1181 fonte
532 1144 694 1182 bibens:
724 1145 814 1182 fons
832 1145 1036 1180 maximus
1053 1142 1168 1178 aulae
1192 1148 1252 1178 est

50 1213 106 1254 20
134 1213 355 1249 conununis
370 1212 600 1249 benefactor
615 1211 735 1250 herus
748 1242 757 1260 ,
787 1213 877 1250 fons
895 1213 1029 1249 omnia
1050 1209 1195 1257 ditans²

136 1281 205 1331 qui
221 1286 287 1317 tua
306 1293 379 1331 per
394 1281 495 1318 latas
518 1279 658 1318 eduxit
676 1280 836 1318 brachia
856 1287 980 1318 terras

133 1356 173 1386 et
188 1349 358 1399 populos
379 1355 508 1386 vestra
526 1351 770 1401 requiescere
787 1349 883 1386 fecit
896 1349 938 1384 in
955 1347 1111 1384 umbra.

132 1416 209 1454 hoc
230 1414 332 1453 mihi
354 1415 405 1453 da
425 1415 475 1453 de
494 1417 604 1453 fonte
622 1417 777 1464 bibam,
809 1422 853 1452 tu
870 1415 1017 1466 pabula
1035 1414 1243 1465 praebens,

130 1486 220 1522 fons
243 1482 344 1520 mihi
366 1483 492 1521 dulcis
511 1496 649 1535 aquas.
706 1482 806 1520 haec
822 1485 926 1520 inter
944 1495 1112 1519 amoena
1130 1483 1307 1519 libenter·

45 1554 102 1597 25
130 1553 303 1600 nutriar,
335 1559 372 1589 et
394 1559 524 1590 vestra
543 1553 706 1589 satiatus
727 1558 913 1602 protegar
930 1550 1084 1598 umbra,

131 1633 286 1659 summe
305 1621 606 1670 magistrorum,
636 1632 846 1670 procermn
862 1617 995 1666 decus,
1026 1618 1172 1656 arbiter
1190 1617 1315 1664 orbis,

128 1689 319 1740 principis
335 1690 509 1739 auspic-io
530 1689 642 1739 leges
662 1694 701 1724 et
717 1689 804 1725 iura
823 1687 1062 1738 gubernans,

126 1757 301 1794 iustitiae
318 1755 490 1804 vindex,
531 1757 698 1807 inopum
713 1763 846 1807 pater,
880 1755 1013 1792 omnia
1034 1768 1180 1793 curans

126 1823 285 1862 iudiciis
305 1824 481 1861 relevare
500 1825 578 1875 piis
590 1853 600 1872 ,
632 1826 724 1876 quia
742 1835 909 1861 munera
928 1824 1089 1870 temnis,

42 1895 98 1936 30
126 1893 280 1944 spernis
298 1893 505 1929 avaritiam
516 1921 526 1941 ,
559 1893 716 1930 fulvum
734 1894 827 1944 quia
844 1892 998 1942 respuis
1017 1903 1175 1939 aurum,

124 1966 312 2012 quaestor
326 1961 510 1998 Anastasi
522 1989 534 2009 ,
565 1973 688 2012 quem
707 1959 854 1998 Christi
873 1973 1040 1997 munere
1060 1959 1189 1996 fidum

123 2029 309 2079 eognovit
326 2029 510 2079 princeps
529 2030 768 2080 geminoque
791 2031 945 2066 ornavit
964 2027 1131 2066 honore.

124 2097 229 2134 felix
247 2103 307 2133 est
322 2103 426 2134 totus
443 2099 592 2134 Iustino
610 2098 788 2148 principe
806 2096 997 2146 mundus,

123 2164 227 2201 felix
244 2161 345 2200 haec
365 2170 472 2201 aetas
486 2193 496 2212 ,
532 2166 574 2201 in
597 2177 675 2216 qua
696 2166 901 2215 Sapientia
922 2171 1089 2215 regnat:

41 2231 95 2276 85
123 2232 260 2270 felices
279 2233 418 2283 populi
440 2239 478 2270 te
503 2231 656 2281 iudice,
687 2246 787 2285 quos
810 2234 908 2270 facis
928 2234 1015 2283 ipse

122 2300 195 2338 sub
216 2298 386 2337 dominis
406 2298 579 2350 gaudere
603 2302 697 2351 piis.
755 2301 995 2352 generaliter
1016 2299 1102 2337 orbi

122 2379 353 2420 quanquam
374 2365 608 2418 provideas,
637 2371 774 2406 miseri
796 2369 1021 2420 specialiter
1037 2368 1127 2406 Afri

121 2435 164 2473 in
179 2442 218 2472 te
237 2435 371 2472 oculos
397 2441 515 2487 atque
537 2449 604 2473 ora
621 2437 776 2474 ferunt:
809 2438 891 2488 agit
911 2437 1045 2474 Africa
1069 2442 1213 2487 grates,

123 2510 163 2540 et
177 2510 349 2541 vestram
367 2505 449 2540 iam
468 2505 586 2541 sentit
606 2518 723 2556 opem
737 2535 746 2553 ,
778 2504 1004 2557 gaudetque
1023 2503 1129 2558 quod
1147 2502 1281 2552 ampla

40 2566 94 2609 40
123 2581 279 2620 semper
297 2573 496 2609 Anastasii
518 2573 693 2611 referunt
709 2574 849 2611 solatIa
874 2575 992 2610 cives.

124 2649 190 2673 me
213 2650 369 2690 quoque
391 2639 652 2690 gaudentem,
684 2647 939 2693 quaestorum
956 2640 1155 2685 maxime,
1191 2635 1330 2674 redde.

126 2703 236 2757 quod
253 2706 365 2744 labor
386 2707 573 2757 indulsit,
605 2708 714 2763 quod
736 2710 850 2747 sessis
875 2707 1041 2760 provida
1060 2707 1188 2744 Musis

1402 72 1496 126 165
