1702 3060
453 65 530 109 DE
562 64 836 111 LAUDIBUS
868 63 1091 109 msrm.
1136 44 1139 46 ’
1400 59 1499 109 439

50 174 218 215 busdam
244 176 435 214 revocatis
462 183 755 214 auctoramento
784 182 941 214 eentum
970 174 1140 219 milium.
1205 173 1310 212 Plin.
1339 174 1393 214 36
1423 172 1501 214 15:

45 231 321 284 gladiatorum
339 233 567 283 spectacula
587 232 725 270 edebat
745 232 808 284 (C.
829 232 988 283 Curio),
1024 233 1156 282 ipsum
1171 231 1302 282 magis
1316 236 1503 276 auctora-

51 296 138 325 tum
146 288 346 339 populum
363 290 596 326 Romanum
614 290 904 341 circumferens.
966 289 1077 327 Tull.
1105 287 1154 325 de
1182 288 1285 325 offic.
1310 287 1358 327 1:
1389 293 1443 323 est
1460 287 1504 324 in

49 344 133 382 illis
150 346 240 395 ipsa
257 358 402 382 merces
422 353 763 383 auctoramentum
785 346 996 383 servitutis.
1055 345 1162 382 Plin.
1189 343 1241 384 14
1271 344 1334 386 1:v
1357 350 1400 379 ut
1421 343 1510 380 ι’ἰη-

49 401 242 438 demiator
258 408 488 439 auctoratus
503 415 645 453 rogum
664 416 714 438 ac
731 402 931 438 tumulum
950 402 1133 452 exemplat.
1165 401 1285 451 Apul.
1307 400 1437 436 Miles.
1459 401 1507 439 2:

49 455 116 495 Iu‘c
131 463 362 494 auctoratus
383 457 442 495 ad
459 459 679 495 custodiam
698 459 836 495 mariti
856 459 916 494 tui
928 458 1105 506 fidenter
1122 458 1298 494 accessit.
1360 458 1410 495 9:
1441 469 1510 492 ex-

47 512 239 554 secrando
256 513 415 551 metallo
429 514 669 564 pudicitiam
686 528 803 552 suam
814 515 999 564 protinus
1017 520 1226 551 auctorata
1243 520 1310 550 est.
1345 519 1383 549 et
1398 514 1510 562 Apo-

49 568 132 619 log.
159 569 208 610 1:
248 569 297 607 ob
326 570 540 607 mercedem
569 577 607 607 et
633 577 931 608 auctoramenta
966 571 1234 621 impudentiae
1268 569 1510 620 deprehensa

0 627 1 650 ³
49 623 203 664 haberi.
240 624 332 663 vide
353 627 457 664 viros
477 625 612 664 doctos
630 628 671 663 in
689 628 933 664 Petronium.
971 626 1050 664 huc
1072 627 1191 664 refert
1210 628 1386 664 Muretus
1410 624 1511 662 illud

49 681 187 719 Horat.
203 688 284 720 sat.
303 684 330 722 2
348 685 397 723 7:
427 682 530 734 quid
543 683 665 734 refert
682 684 763 729 uri,
783 684 908 734 virgis
916 683 1107 736 fi‘rroque
1125 684 1262 720 necari
1279 676 1511 724 auctoratus

50 750 130 775 eas.
188 739 377 776 Dmsr.

159 795 229 835 23.
286 795 584 846 congeminant]
614 794 704 846 lege
723 796 991 847 congeminat,
1011 802 1055 832 ut
1072 794 1124 833 ad
1144 796 1384 832 concisorem
1403 795 1509 832 refe-

49 855 171 897 ratur.
228 851 290 888 sin
319 851 436 888 malis
463 849 514 888 ad
540 851 716 901 arbores,
755 865 900 904 repone
928 850 1150 904 crebrisque
1177 851 1379 889 securibus
1409 853 1510 889 ictae

31 908 341 957 congeminant.
401 908 563 945 Voncn.

160 964 230 1004 28.
287 964 450 1014 apium]
480 976 605 1013 apum
626 969 708 1000 erat
729 963 771 1000 in
792 963 913 1013 priori
932 961 1118 1012 editione,
1142 965 1262 1002 male.
1318 966 1509 1003 Dnmrs'r.

49 1018 195 1070 scripsi
207 1020 366 1069 apium,
396 1021 470 1056 etsi
490 1020 571 1069 legi
589 1033 705 1070 posse
726 1033 849 1069 apum
866 1032 945 1056 non
965 1033 1152 1071 pernego.
1210 1022 1342 1058 Foco.

20 1075 27 1085 ‘
165 1077 235 1117 29.
292 1075 447 1112 aethere
464 1076 506 1112 in
524 1076 628 1127 alto]
659 1077 693 1112 si
712 1076 841 1126 placet
859 1077 986 1126 magis
1007 1078 1122 1128 sequi
1145 1075 1361 1115 editionem
1383 1078 1513 1114 Ruizii

49 1141 105 1167 ex
122 1142 185 1167 ms
205 1129 292 1169 cod.
312 1143 556 1182 expressam,
587 1133 677 1182 lege
697 1139 854 1182 captas,
885 1130 961 1168 hoc
986 1139 1045 1170 est
1064 1135 1166 1171 aeris
1192 1135 1303 1171 verni
1318 1135 1512 1184 temperie

50 1187 226 1226 allectas.
283 1201 425 1225 verum
461 1186 719 1226 vehementer
759 1189 988 1238 suspicabar
1026 1202 1077 1226 ne
1111 1190 1273 1227 Ruizius
1313 1189 1513 1227 debuisset

48 1244 182 1293 potius
208 1245 250 1280 in
278 1243 366 1281 cod.
391 1245 525 1294 legere
545 1245 698 1282 aethere
718 1244 760 1280 in
777 1244 878 1290 alto,
916 1257 994 1296 qua
1013 1243 1149 1296 phrasi
1166 1247 1358 1297 Corippus
1377 1248 1513 1283 imita-

48 1299 167 1337 batur
192 1301 407 1351 Virgilium
435 1301 665 1352 loquentem
697 1299 746 1337 de
781 1301 920 1351 apibus
953 1302 1096 1352 Georg.
1130 1301 1156 1341 4
1185 1305 1260 1343 78:
1300 1303 1384 1342 eius
1406 1304 1514 1339 enim

49 1368 187 1395 versus
208 1357 251 1393 in
271 1354 347 1394 hac
365 1359 657 1408 comparatione
678 1356 835 1393 videtur
855 1357 905 1394 ob
929 1359 1063 1395 oculos
1083 1357 1284 1396 habuisse.
1312 1359 1445 1396 Foco.

163 1414 233 1454 33.
290 1414 399 1463 virg.
420 1414 564 1464 quorg.
586 1413 612 1454 4
630 1414 699 1454 42.
733 1426 848 1464 porro
868 1412 1013 1451 haereo
1035 1413 1177 1452 dubius
1198 1428 1248 1451 an
1268 1417 1391 1452 satius
1412 1415 1515 1452 fuis-

49 1473 111 1507 set
131 1470 336 1506 restituere
348 1469 540 1520 fingunt,
580 1482 659 1521 qua
688 1482 783 1506 voce
816 1468 866 1506 de
895 1469 972 1508 hoc
1002 1483 1123 1522 apum
1156 1485 1274 1522 opere
1303 1472 1514 1523 loquentes

49 1530 215 1563 utuntur
241 1526 432 1577 Virgilius
462 1526 517 1564 ib.
547 1527 621 1575 57,
666 1527 802 1563 Cicero
835 1524 884 1563 de
909 1527 1021 1565 Offic.
1051 1531 1070 1569 1
1101 1527 1202 1576 157,
1242 1528 1396 1565 Plinius
1415 1530 1442 1568 2
1471 1528 1512 1569 5.

49 1581 181 1620 Foco.

164 1638 233 1679 38.
291 1638 363 1690 qui
380 1638 441 1676 vis
459 1644 620 1676 naturas
640 1638 825 1676 arborum
842 1636 907 1676 hic
928 1653 1136 1690 expressas
1155 1640 1303 1691 legere,
1334 1638 1401 1677 adi
1419 1640 1512 1677 Vir-

50 1693 196 1744 gilium
215 1695 359 1744 Georg.
379 1697 419 1742 2,
449 1697 550 1733 Aen.
573 1698 598 1737 6
623 1702 662 1732 et
682 1696 747 1743 11,
779 1695 1042 1733 Claudianum
1065 1695 1114 1734 de
1135 1704 1250 1747 raptu
1268 1700 1308 1745 2,
1339 1697 1512 1734 Statium

10 1771 15 1794 ς
51 1748 186 1789 Theb.
205 1752 254 1798 6,
297 1751 443 1798 Silium
462 1753 645 1789 Italicum
668 1754 717 1791 10
744 1753 787 1788 in
815 1752 954 1790 funere
982 1754 1099 1790 Pauli
1118 1754 1304 1802 Aemilii,
1340 1765 1511 1805 quorum

49 1806 263 1844 collatione
282 1808 359 1844 tiro
378 1808 572 1858 proficies.
630 1809 816 1846 DsMrs’r.

9 1867 26 1914 J*
161 1862 231 1904 40.
290 1861 442 1914 duplex
479 1878 554 1915 que
583 1866 754 1915 pessime
789 1863 855 1901 hic
886 1865 1086 1904 inseritur.
1134 1865 1255 1916 'legez
1295 1865 1512 1917 Iliciaeque

2 1916 26 1925 ‘⁹
51 1916 322 1970 &abesjbrtes
339 1926 377 1956 et
383 1919 551 1971 pallida
572 1919 711 1959 buxus.
768 1922 930 1959 VONCK.

2 1983 21 2027 J.
164 1974 220 2021 ᾤ.
268 1976 500 2028 Jbrtesque]
532 1979 685 2014 restitui
695 1977 912 2029 sortisque.-
943 1984 1001 2015 est
1029 1977 1137 2014 enim
1155 1977 1287 2015 buxus
1309 1984 1396 2015 tum
1412 1978 1512 2028 ligni

53 2027 198 2069 duritia
216 2038 304 2070 tum
321 2033 473 2083 pallore
495 2033 834 2071 commendabilis.
864 2033 956 2071 vide
975 2034 1150 2071 Plinium
1176 2036 1226 2074 16
1250 2036 1314 2075 16.
1341 2035 1474 2072 Foco.

5 2090 14 2100 ”
164 2086 235 2128 43.
292 2088 492 2140 natabile]
526 2091 667 2127 malim
689 2090 869 2127 natatile.
931 2092 1056 2128 Rrr‘r.

3 2190 7 2191 ⁷
166 2145 236 2185 47.
293 2145 467 2197 aethere]
498 2145 704 2184 Munoker.
727 2145 778 2183 ad
796 2147 944 2198 Hygin.
970 2146 1023 2187 64
1042 2144 1230 2184 emendat
1245 2146 1423 2193 aethera,
1452 2159 1517 2184 re·

4 2230 6 2236 .
54 2205 131 2249 cte,
158 2205 204 2236 ut
223 2206 335 2251 puto.
391 2202 552 2239 Voxcx.
604 2241 606 2243 ,

7 2255 9 2257 ’
167 2253 238 2296 48.
296 2269 403 2295 serra
423 2264 446 2294 a
463 2258 644 2302 stridore,
674 2256 814 2295 Isidor.
841 2259 890 2298 19
914 2259 981 2298 19.
1037 2271 1156 2296 usum
1173 2256 1373 2296 Daedalus
1395 2271 1519 2296 exco-

57 2311 220 2363 gitavit,
249 2314 356 2350 Plin.
377 2316 402 2354 7
425 2314 478 2354 56
492 2343 502 2362 ,
534 2313 651 2353 ducto
673 2315 859 2365 exemplo
883 2326 906 2350 a
926 2316 1135 2366 trissagine
1158 2313 1304 2366 herba,
1333 2314 1443 2353 idem
1463 2314 1518 2355 24

62 2369 127 2410 15.
185 2375 254 2406 aut
270 2371 397 2407 Talus
418 2369 587 2408 Daedali
606 2372 749 2408 sororis
768 2371 886 2418 filius,
916 2370 1078 2409 Diodor.
1101 2371 1226 2410 sicul.
1246 2372 1287 2413 5.
1346 2371 1518 2423 denique

0 2448 12 2461 ι.
58 2431 152 2462 sunt
179 2426 249 2476 qui
275 2425 328 2463 ad
353 2425 562 2464 Perdicem
592 2427 765 2464 referant
796 2429 1092 2477 inventionem,
1131 2428 1206 2465 Iul.
1238 2429 1387 2480 Hygin.
1421 2426 1518 2469 274.

0 2470 13 2513 ¹.
59 2479 175 2519 Ovid.
194 2483 356 2520 Metam.
380 2485 429 2531 8,
459 2484 541 2521 fab.
566 2486 605 2524 3.
648 2481 897 2534 ‘interpretes
915 2482 1071 2535 virgini
1101 2483 1153 2522 ad
1178 2484 1281 2522 illud
1300 2486 1444 2535 oeorg.
1469 2484 1516 2522 1:

0 2522 20 2601 ἑ.
60 2537 264 2589 tumferri
279 2540 388 2591 rigor
401 2546 520 2591 atque
539 2546 710 2591 argutae
730 2540 884 2577 lamina
904 2554 1045 2579 serrae.
1083 2555 1178 2580 usus
1197 2543 1281 2579 eius
1300 2543 1342 2578 in
1363 2541 1517 2591 suppli-

7 2611 10 2622 ·
59 2594 145 2642 ciis,
175 2595 338 2632 Sueten.
363 2596 489 2647 calig.
509 2599 576 2645 27,
608 2598 706 2634 etin
724 2596 903 2635 secandis
919 2599 1109 2636 vestibus.
1146 2599 1318 2636 Martial.
1342 2596 1393 2637 14
1415 2596 1515 2638 143:

9 2651 19 2693 J
61 2656 101 2687 et
110 2651 283 2702 pingues·
301 2652 458 2690 tunicas
474 2667 583 2690 serra
601 2667 733 2696 secare
744 2661 886 2704 potest.
946 2656 1134 2693 Dsmrsr.

12 2702 13 2705 ¹
173 2709 243 2750 50.
299 2721 371 2747 nec
400 2709 634 2762 Inachides]
652 2741 657 2750 .,
681 2711 723 2749 in
751 2724 813 2749 ms
839 2713 1058 2763 exemplari
1085 2710 1305 2761 legebatur.
1362 2720 1434 2745 nos
1464 2719 1517 2744 ex
