1702 3060
450 98 525 142 ne
559 97 833 144 Linnmns
866 97 1087 145 lusum.
1201 74 1212 86 '
1263 96 1268 100 ⁴
1396 96 1490 143 321

155 206 223 250 67.
278 209 427 247 omina.
489 209 545 248 sic
566 211 746 263 reposui:
776 217 866 249 ante
889 217 972 249 erat
992 210 1143 256 omnia,
1170 206 1356 261 idemque
1375 219 1492 246 men-

43 261 138 305 hm
164 265 207 301 in
234 265 453 305 innumeris
480 274 564 304 erat
589 269 729 318 poetis.
787 269 926 306 Franc.
958 266 1114 306 Medius
1142 266 1333 304 observat.
1360 266 1490 305 Valer.

39 311 171 359 flacc.
201 323 351 372 Argon.
379 325 428 364 7:
472 323 558 360 sola
583 323 682 375 sui,
723 325 851 361 tristes
885 324 1084 362 thalamos
1120 324 1341 375 infestaque
1377 334 1491 359 cerno

42 378 190 416 omnia.
249 379 338 429 lege
367 380 513 416 omina.
577 387 781 431 corruptus
815 387 854 418 et
880 379 1085 417 claudian.
1108 378 1156 416 de
1177 381 1202 419 6
1221 381 1369 416 Honor.
1394 391 1490 415 con-

39 433 173 472 sulatu
198 434 241 471 in
267 437 483 486 principio,
513 437 655 473 certius
680 437 813 473 omina
834 443 1019 488 surgunt.-
1051 437 1107 474 sic
1132 437 1242 472 eni-m
1261 442 1299 472 et
1316 436 1490 473 Venetus

40 487 168 527 codex
194 497 233 528 et
261 490 429 542 Gryphii
455 498 494 529 et
517 505 579 530 ms
603 505 732 530 meus.
789 499 827 529 et
855 491 903 529 de
931 498 1046 543 raptu
1063 495 1114 533 2:
1145 493 1278 528 omnia
1299 497 1490 542 perpetuo

33 545 231 597 genitalia
243 547 408 598 jbedere
431 550 572 585 sancit.
632 549 722 599 lege
742 549 893 594 omina,
922 555 966 586 ut
986 550 1072 599 ipse
1096 548 1268 598 explicat
1292 548 1334 584 in
1361 547 1489 585 Ruffi-

37 605 197 644 num2:
230 603 418 640 thalamis
430 605 643 655 proprium
657 604 886 656 genialibus
911 618 1040 650 omen,
1080 611 1118 641 et
1151 603 1200 641 de
1230 603 1339 641 laud.
1368 604 1488 642 Sere-

36 669 134 707 nae,
164 671 285 710 quem
302 660 448 697 librum
468 660 594 698 codex
612 675 726 699 meus
744 675 866 699 manu
885 669 1068 699 exaratus
1085 673 1165 698 non
1184 659 1399 699 Claudiano
1417 659 1489 699 sed

39 713 212 766 Gyraldo
243 714 400 753 cuidam
426 717 582 765 tribuit,
612 718 668 755 ibi
691 730 807 768 ergo:
838 720 971 755 omnia
990 732 1068 755 non
1084 717 1205 754 audet
1217 718 1390 768 genitrix
1406 725 1488 755 tam

37 771 335 822 magnasateri.
397 786 510 810 omen
527 774 707 823 nuptiale
725 787 786 812 res
805 776 895 812 trita
913 781 952 812 et
969 775 1098 812 obvia.
1158 774 1256 812 Stat.
1275 775 1362 811 silv.
1383 776 1404 814 1
1436 777 1462 815 2
1474 786 1490 812 :-

0 826 1 829 ’
37 827 156 864 etiam
179 828 344 866 socialia
359 837 520 879 praesto
543 832 690 867 omina.
721 832 906 869 DEMPST.
965 833 1101 883 scripsi
1124 831 1274 876 omnia,
1303 837 1346 867 ut
1365 830 1487 869 indu—-

33 882 123 921 'hius
145 883 290 935 legisse
310 884 467 923 videtur
485 887 646 924 Ruizius
666 888 706 923 in
730 899 815 925 ms:
846 895 979 939 aptam
1005 890 1111 925 enim
1140 888 1226 925 loco
1249 890 1485 925 seutentiam

35 952 84 976 ea
114 953 196 978 vox
225 940 393 980 conficit.
451 943 520 978 alii
542 942 730 980 suffecere
754 945 901 981 omina.
962 950 1002 981 at
1022 946 1056 982 si
1075 957 1172 996 opus
1192 944 1315 991 foret,
1346 946 1485 982 malim

33 996 206 1033 somniar
261 1010 378 1050 saepe
408 997 569 1050 quidem
596 1000 637 1035 in
670 997 784 1036 codd.
811 997 855 1040 τό
881 1002 1016 1036 omnia
1034 1013 1106 1052 pro
1129 1002 1261 1037 omina
1282 1002 1484 1052 irrepsisse

32 1064 114 1090 non
144 1065 318 1105 pernego
333 1084 342 1102 ,
373 1053 444 1092 sed
471 1067 588 1104 saepe
616 1056 736 1091 etiam
756 1053 797 1091 in
821 1069 903 1093 mss
927 1054 1040 1093 codd.
1065 1058 1255 1104 occurrit,
1288 1063 1332 1093 ut
1352 1058 1384 1094 si
1406 1069 1485 1109 qua

32 1121 114 1146 vox
137 1108 291 1148 desinat
307 1112 349 1148 in
369 1111 500 1148 littera
520 1124 592 1161 per
609 1122 728 1163 quam
749 1112 887 1162 incipit
905 1113 1162 1163 subsequens,
1195 1126 1240 1148 ea
1257 1112 1389 1149 litterar
1403 1126 1484 1150 non

33 1162 274 1216 duplicetur3
319 1174 358 1204 et
391 1173 494 1204 certe
523 1168 651 1218 aptius
681 1169 834 1204 somnia
860 1181 949 1204 cum
977 1168 1097 1204 verbo
1115 1167 1231 1218 fingi
1255 1170 1484 1219 coniunges.

30 1221 168 1272 virgil.
195 1223 282 1259 Ecl.
313 1223 339 1263 8
370 1223 474 1265 108<
506 1223 730 1260 eredimus?
757 1238 830 1270 an,
864 1225 934 1275 qui
954 1230 1110 1269 amant,
1140 1222 1314 1273 ipsisibi
1331 1226 1485 1262 somnia

19 1276 219 1328 fingunt?
246 1279 376 1316 Foco.
435 1280 518 1316 sine
542 1278 660 1316 dubio
681 1280 952 1330 reponendum
972 1287 1044 1317 aut
1060 1280 1197 1317 eredas
1213 1281 1346 1316 omina
1353 1281 1487 1332 fingi,-

31 1331 294 1385 adstipulante
322 1335 467 1371 illustri
489 1337 653 1372 Heinsio
675 1334 726 1372 ad
747 1335 883 1374 Sabin.
907 1337 1020 1387 epist.
1039 1339 1062 1377 3
1087 1349 1125 1373 v.
1146 1337 1213 1376 82.
1270 1349 1410 1373 verum
1434 1335 1484 1374 de

31 1389 166 1427 crebra
182 1389 257 1428 hac
273 1392 560 1442 permutatione
582 1391 684 1428 conf.
709 1392 937 1430 Carrionem
956 1394 998 1428 in
1017 1393 1104 1430 val.
1124 1393 1316 1429 Flaccum.
1333 1393 1355 1432 1
1386 1395 1482 1443 231,

31 1453 70 1484 et
88 1448 165 1485 Ios.
187 1448 351 1484 Mei-cer.
373 1445 424 1483 ad
443 1449 736 1484 Aristaenetum
758 1449 781 1488 1
811 1451 850 1489 3.
908 1450 1068 1487 Voncx.

141 1503 208 1545 58.
267 1515 358 1540 cum
382 1505 534 1552 onmia,
563 1510 652 1541 tumv
669 1502 735 1541 hio
756 1510 842 1541 tum
859 1506 901 1542 in
926 1505 1203 1556 sequentibus,
1233 1504 1357 1542 futuri
1378 1511 1486 1542 tem-⁶

27 1561 134 1611 poris
160 1566 430 1598 memorentur
462 1567 595 1611 gesta,
636 1567 673 1597 et
699 1568 906 1612 praeterea
932 1562 1083 1599 laboret
1112 1568 1306 1610 metrum,
1342 1562 1486 1598 malim*

28 1618 189 1654 omnino
208 1615 420 1654 mirabitur
435 1623 544 1653 acta.
600 1618 759 1657 Voncx.

74 1691 80 1696 ·
140 1673 209 1715 59.
266 1674 454 1724 miratur]
485 1674 693 1724 legebatur
719 1675 908 1710 miratum
940 1675 1064 1711 RrrT.
1131 1674 1319 1724 miratus]
1350 1674 1481 1710 Hora-

27 1729 106 1767 tius
124 1728 150 1770 4
180 1730 206 1770 9
236 1729 302 1771 15.
359 1730 490 1767 Foco.

140 1787 208 1827 60·
257 1787 382 1838 prae]
413 1793 516 1824 recte
548 1785 660 1835 [cum
687 1787 815 1824 Ruizii
841 1786 1043 1837 margine]
1068 1798 1145 1835 per
1164 1798 1203 1822 se
1220 1786 1331 1835 lege,
1361 1782 1403 1821 id
1422 1790 1481 1821 est

21 1841 138 1879 nullo
163 1842 406 1892 impellente.
465 1845 601 1880 Iuven.
635 1846 698 1883 10.
756 1845 892 1879 Horat.
918 1843 988 1878 lib.
1018 1845 1042 1882 3
1074 1841 1139 1878 od.
1159 1841 1206 1881 4:
1235 1843 1294 1877 vis
1326 1841 1482 1877 consilii

26 1910 161 1948 expers
181 1897 282 1934 mole
297 1899 381 1935 ruit
397 1912 484 1935 sua.
516 1900 702 1936 Dnmrs’r.
762 1905 865 1936 recte
881 1911 952 1949 pro
970 1911 1071 1948 prae
1087 1912 1144 1944 se,
1175 1896 1282 1949 quod
1304 1897 1480 1934 olim-le-

25 1954 211 2005 gebatur,
240 1955 496 2006 Dempsterus
526 1956 695 1992 restituit
717 1968 795 2005 per
820 1968 878 2000 se,
907 1953 950 1991 id
980 1961 1037 1991 est
1068 1967 1143 1991 sua-
1168 1961 1327 2004 sponte,
1359 1952 1480 2004 idque

25 2011 108 2049 iam
127 2011 288 2048 Ruizius
305 2012 347 2047 in
366 2012 544 2062 margine
562 2018 728 2049 notarat.
790 2010 930 2049 eadem
949 2011 1095 2048 locutio
1123 2008 1324 2047 reddenda
1346 2010 1479 2046 Curtio

22 2066 95 2104 lib.
114 2065 142 2106 4
169 2066 196 2108 4
225 2067 272 2107 5:
313 2067 547 2118 Neptunum
576 2069 759 2118 occupati
782 2068 904 2104 maris
931 2067 1127 2103 vindicem
1151 2067 1367 2115 arripuisse
1396 2064 1481 2100 bel-

25 2121 154 2168 luam,
182 2135 232 2158 ae
253 2123 393 2160 molem
412 2123 522 2161 brem·
533 2125 709 2175 profecto
727 2125 936 2169 ruituram.
998 2123 1087 2172 lege
1106 2135 1263 2158 mecum
1283 2120 1392 2157 brevi
1402 2134 1480 2170 per

20 2189 65 2218 'le
83 2179 356 2216 corruitur-am.
419 2182 566 2217 etenim
579 2181 760 2231 projecto
781 2181 946 2230 turpiter
964 2179 1140 2229 languet.
1197 2179 1358 2215 VONCK.

136 2237 205 2276 61¹.
261 2235 429 2285 afficiet,
451 2234 528 2272 hoc
556 2244 614 2274 est
642 2235 692 2274 ad
718 2243 895 2273 extrema
923 2247 1050 2286 usque
1074 2246 1351 2285 summamque
1377 2232 1479 2268 inei-

26 2295 109 2328 hm
129 2290 302 2342 rediget,
333 2298 377 2328 ut
391 2304 486 2342 prae
507 2294 644 2330 ceteris
664 2294 790 2343 pressi
807 2294 884 2329 sint
903 2298 941 2339 et
956 2304 1035 2327 non
1054 2289 1225 2327 audeant
1243 2290 1370 2326 malas
1386 2301 1478 2325 suas

26 2355 128 2385 artes
152 2342 349 2385 eitercere.
407 2349 462 2384 ita
479 2349 633 2398 afficere
652 2356 710 2386 est
730 2360 1002 2385 consummare
1016 2377 1025 2395 ,
1056 2345 1162 2398 quod
1181 2346 1345 2383 verbum
1363 2343 1478 2381 vide-

20 2409 90 2440 *tur
110 2405 241 2441 animo
262 2402 448 2441 habuisse
478 2406 709 2442 Cresconius
733 2412 879 2442 noster.
938 2405 1094 2455 pietatis
1128 2409 1260 2440 autem
1291 2408 1373 2438 erat
1397 2413 1477 2437 non

19 2459 149 2511 «plane
165 2460 353 2498 conficere
376 2460 447 2498 sed
466 2460 517 2498 ad
538 2469 714 2499 extrema
737 2459 915 2511 redigere
928 2489 938 2508 ‚
972 2467 1014 2496 ut
1031 2461 1130 2497 v‘erti
1155 2458 1206 2495 ad
1225 2459 1371 2495 bonam
1391 2457 1478 2493 frn-

26 2527 118 2565 gem
142 2523 315 2567 possent.
374 2518 526 2555 Gellius
550 2521 574 2559 3
609 2519 684 2559 16:
715 2517 862 2570 affecta
895 2518 1015 2561 enim,
1044 2517 1146 2553 sieut
1176 2516 1240 2551 M.
1281 2515 1413 2551 Cicero
1444 2518 1479 2547 εἰ,

24 2578 198 2609 veterum
225 2572 505 2624 elegantissimi
532 2573 657 2611 locuti
679 2581 789 2619 sunt,
828 2587 874 2610 ea
898 2573 1060 2623 proprie
1084 2570 1336 2615 dicebantur,
1381 2580 1481 2618 quae

24 2640 109 2664 ‘'²⁰7“
123 2627 310 2675 adfinem
326 2631 458 2679 ipsum
476 2630 547 2667 secl
553 2633 735 2681 proxime
741 2630 872 2678 finem
882 2642 1095 2680 progressa
1115 2628 1333 2664 deductave
1352 2629 1476 2660 erant.

29 2683 221 2735 Corippus
264 2691 398 2722 tamen
441 2687 643 2737 vulgatam
691 2689 904 2738 scripturae
945 2685 1310 2735 interpretationem
1348 2680 1481 2729 potius

13 2750 149 2791 ‚quam
166 2740 282 2777 illum
298 2742 541 2792 antiquitatis
559 2755 676 2781 usum
696 2738 852 2780 se'cutus
874 2740 1042 2780 videtur.
1073 2742 1238 2777 BArcrn.
1298 2748 1367 2786 pro
1388 2733 1482 2783 ‘'ffi-
