1702 3060
321 116 417 165 206
712 117 930 162 CORIPPI
960 115 1036 160 DE
1068 117 1337 163 LAUDIBUS

426 226 592 265 institnit
614 225 843 277 pnlchrmn‚
873 220 1054 264 solidavit
1071 228 1207 265 robore
1228 229 1431 279 templum,

427 297 572 343 coepit,
603 294 764 343 perfecit
785 293 972 345 donisque
994 295 1143 331 ornavit
1165 301 1202 331 et
1221 292 1344 332 auxit.

428 362 507 396 iam
524 358 785 396 Salomoniaci
802 361 913 397 sileat
931 360 1136 411 descriptio
1155 362 1314 411 templi3

427 424 566 461 cedant
584 433 809 462 cunctorum
826 426 1011 464 miracula
1029 434 1121 464 nota
1141 427 1327 464 locorum.

316 491 396 534 285
424 491 557 528 inclita
577 493 821 541 praeclarum
843 493 918 531 duo
945 501 1034 531 sunt
1051 495 1245 530 imitantia
1267 494 1430 542 caelum,

426 556 585 595 consilio
607 558 769 595 fundata
793 558 878 607 dei,
908 561 1128 597 venerabile
1147 561 1339 610 templmn

427 633 464 662 et
485 623 771 675 Sophianarum
792 624 1037 676 splendentia
1064 633 1165 663 tecta
1188 635 1390 674 novarum,

426 693 610 741 principis
631 688 748 739 haec,
778 691 875 729 haec
896 694 984 729 aula
1007 692 1082 729 dei.
1141 692 1236 729 deus
1255 692 1355 731 illud
1373 700 1577 744 utrumque

427 757 655 807 glorificavit
677 770 773 807 opus
785 787 794 805 ,
825 757 895 795 sed
914 756 1125 795 maiestatis
1142 757 1288 796 honore

318 826 398 865 290
426 825 514 874 plus
533 826 724 874 templum
744 827 899 862 terroris
918 823 1058 861 habet:
1087 837 1256 875 namque
1274 822 1364 863 inde
1383 827 1566 876 probatur

429 890 534 942 quod
553 892 602 928 sit
620 892 765 942 ubique,
786 890 881 933 deus
902 904 1085 941 praesens
1097 920 1106 938 ‚
1136 889 1255 928 simul
1272 895 1400 929 omnia
1421 893 1629 942 complens.

428 959 591 994 internis
612 959 733 994 oculis
751 959 832 994 illio
850 959 913 1007 pia
936 955 1103 994 cernitur
1122 970 1206 994 esse

429 1023 597 1060 indivisa
614 1037 777 1060 manens
795 1021 916 1074 patris
932 1025 1130 1074 genitique
1148 1028 1318 1074 potestas

429 1092 584 1140 spiritus
607 1097 644 1126 et
661 1092 798 1126 sancti.
855 1091 1068 1127 substantia
1090 1089 1257 1126 creditur
1274 1102 1366 1137 una,

319 1156 397 1199 295
426 1164 504 1194 tres
520 1162 608 1192 sunt
625 1163 833 1205 personae:
863 1157 1075 1194 subsistunt
1087 1183 1098 1204 ‚
1126 1157 1284 1192 nomina
1299 1157 1472 1205 fulgent3

429 1229 549 1273 utque
571 1229 680 1272 pater
699 1221 793 1259 deus
814 1229 883 1270 est,
914 1222 1067 1272 genitus
1093 1222 1187 1259 deus
1209 1235 1355 1273 aequus
1375 1222 1532 1271 honore,

427 1291 583 1340 spiritus
610 1294 647 1324 et
671 1295 826 1324 sanctus
845 1291 990 1338 pariter
1010 1288 1119 1326 deus.
1177 1301 1230 1325 ex
1247 1290 1369 1326 tribus
1384 1302 1462 1326 una

430 1368 451 1391 e
469 1355 575 1391 caelo
593 1356 752 1391 veniens
771 1355 909 1391 mundi
927 1366 1092 1406 persona
1110 1354 1351 1406 redemptrix

427 1420 590 1458 humani
610 1423 762 1470 generis
783 1422 952 1458 formam
977 1421 1024 1458 de
1045 1424 1194 1471 virgine
1216 1423 1395 1472 sumpsit.

315 1491 396 1530 800
426 1495 563 1538 sponte
583 1500 651 1524 sua
674 1490 799 1536 venit,
828 1489 1028 1539 factorque
1046 1495 1083 1525 et
1105 1484 1280 1525 conditor
1299 1489 1402 1525 orbis

424 1556 551 1591 factus
573 1553 691 1591 homo
712 1561 789 1601 est,
819 1568 1010 1606 verusque
1033 1554 1128 1592 deus
1146 1568 1226 1592 non
1246 1554 1392 1592 destitit
1415 1566 1523 1604 esse3

425 1629 562 1669 natus,
592 1633 669 1658 non
691 1620 840 1667 factus3
873 1622 1035 1671 plenum
1055 1620 1102 1658 de
1121 1622 1270 1657 lumine
1288 1621 1447 1670 lumen3

425 1701 504 1724 una
522 1689 562 1724 111
581 1689 729 1724 naturis
749 1694 906 1725 exstans
926 1701 1090 1738 persona
1109 1687 1280 1735 duabus3

428 1755 641 1791 consimilis
661 1754 803 1791 deitate
821 1756 940 1805 patri,
969 1753 1196 1804 hominique
1214 1753 1388 1803 profecto

317 1820 397 1862 305
428 1822 662 1867 consimilist,
693 1823 775 1858 sine
796 1827 953 1871 peccato
972 1827 1128 1870 peccata
1149 1821 1345 1869 relaxans,

426 1888 592 1938 plurima
613 1899 684 1936 per
699 1888 887 1936 populum
903 1887 1050 1924 faciens
1068 1888 1255 1923 miracula
1276 1886 1464 1926 Christus.

429 1953 592 1989 calcavit
611 1959 778 1989 mortem
797 1955 985 2000 moriens,
1015 1954 1214 2004 vitamque
1231 1967 1436 2003 resurgens

428 2021 509 2057 vita
531 2019 639 2056 dedit
656 2020 801 2056 cunctis
820 2021 862 2055 iu
880 2033 920 2057 se
939 2017 1204 2057 credentibus:
1234 2021 1319 2070 ipse

428 2087 470 2123 in
487 2086 638 2122 caelum
658 2085 869 2123 ascendens
891 2099 913 2122 a
933 2085 1081 2123 dextris
1105 2085 1206 2122 sedit
1226 2085 1383 2123 honoris

318 2157 397 2196 310
426 2155 614 2205 aequaevi
630 2154 768 2203 patris,
796 2152 919 2190 iudex
935 2160 1119 2191 venturus
1142 2154 1183 2189 iu
1206 2153 1340 2190 orbem

426 2227 463 2256 et
484 2233 649 2270 regnum
667 2221 749 2257 siue
768 2219 844 2256 fine
865 2227 1015 2257 tenens.
1070 2218 1175 2257 huuc
1194 2227 1325 2256 mente
1343 2218 1448 2256 fideli

425 2294 606 2335 regnator
626 2289 795 2324 Iustinus
818 2300 974 2335 amans,
1004 2288 1199 2323 trabeatus
1221 2287 1267 2323 ab
1291 2287 1391 2323 aula'

426 2352 628 2402 egrediens
639 2383 648 2401 ‚
678 2355 872 2404 templum
889 2356 1059 2404 primum
1076 2354 1242 2390 sublime
1256 2354 1393 2404 petivit

427 2427 542 2470 atque
561 2419 632 2456 deo
654 2428 782 2470 grates
802 2421 914 2457 solita
933 2422 1076 2471 pietate
1096 2420 1260 2470 peregit.

315 2486 396 2528 315
424 2487 592 2536 plurima
613 2494 791 2523 votorum
810 2489 975 2523 sacravit
998 2486 1098 2523 dona
1116 2498 1286 2532 suorum,

425 2555 694 2604 immensoque
717 2555 824 2602 pium
844 2553 980 2590 ditavit
996 2565 1156 2589 munere
1174 2552 1378 2601 templum.

428 2622 566 2657 obtulit
584 2627 620 2657 et
641 2631 760 2657 ceras.
818 2619 888 2656 sed
904 2620 1009 2656 mitis
1030 2630 1123 2655 voce
1145 2619 1282 2668 petivit

429 2700 495 2724 cor
513 2686 684 2735 humile,
715 2699 737 2724 a
755 2685 971 2738 dextraque
994 2685 1057 2722 dei
1074 2684 1300 2722 benedictus
1318 2682 1450 2730 abivit,
