1702 3060
255 136 353 185 424
664 137 845 180 NOTAE
879 136 937 179 IN
969 138 1180 180 uenum
1213 139 1272 180 111
1644 0 1702 231 ι

257 251 313 281 tes
331 246 373 281 in
391 243 520 287 rebus,
540 254 618 278 non
635 243 821 290 accipere.
852 243 1034 280 Dnmrs'r.
1089 257 1144 294 ag
1144 251 1244 282 entes
1265 246 1308 282 in
1324 246 1435 284 rebus
1448 228 1697 293 dicebantur*

257 307 297 336 et
319 297 599 349 magisterMn&
629 295 735 346 quod
749 309 801 332 ex
817 298 987 334 Novellis
1006 305 1107 334 recte
1125 301 1272 338 notavit
1283 301 1459 338 euiaoins
1478 301 1528 339 ad
1545 305 1603 340 tit.
1616 282 1697 344 201

258 354 327 391 lib.
348 356 398 392 12
418 351 513 389 cod.
543 349 642 387 adde
661 352 924 388 auctoritatem
940 359 1016 389 vet.
1041 354 1236 402 Glossarii,
1266 355 1332 391 ubi
1347 355 1407 393 bis
1425 357 1532 407 legas
1550 370 1669 422 agene

254 410 299 444 in
322 406 434 443 rebus
460 402 753 458 μαγιστριανόςς
792 413 829 442 et
852 407 1023 444 fortassis
1054 408 1341 446 rescribendum
1364 408 1669 463 μαγιστεριανός,
1689 404 1691 409 ¹

255 475 333 499 una
350 462 498 511 syllaba
519 462 679 497 auctius.
735 462 790 497 sic
799 463 959 498 Novella
977 464 1028 502 86
1044 464 1214 501 Iulianus
1231 466 1549 514 magssterianum
1562 468 1667 516 peri-
1681 483 1694 511 j

253 517 403 553 tissime
429 518 701 565 interpretatur
720 523 898 566 agentem
915 518 957 552 in
976 516 1106 563 rebus,
1142 519 1328 568 probante
1351 519 1496 556 ibidem
1515 521 1666 558 cuiacio

254 573 297 607 in
314 571 389 607 fine
410 571 663 621 expositionis
683 583 788 607 suae.
847 570 895 608 de
912 572 1037 608 officio
1057 586 1189 610 eorum
1208 573 1298 611 vide
1328 573 1367 612 d.
1387 581 1418 613 t.
1441 576 1505 622 C.‚
1545 582 1584 612 et
1606 577 1667 612 tit.

255 638 339 676 seq.
355 625 404 662 de
416 623 665 676 principibus
682 632 859 675 agentem
880 628 922 662 in
939 626 1066 664 rebus.
1126 627 1174 664 de
1202 627 1278 666 hoc
1305 641 1445 679 genere
1464 628 1668 667 hominum

256 683 397 718 scitum
421 688 478 718 est
496 679 596 716 illud
620 680 760 716 Iuliani
784 682 1047 731 imperatoris.
1083 697 1233 732 rapere,
1261 697 1339 720 non
1355 685 1527 734 accipere
1543 685 1668 720 sciunt

254 743 411 785 agentes
431 738 474 772 in
490 733 619 781 rebus;
662 734 767 785 quod
785 734 1072 786 apophthegma
1090 738 1156 774 ille
1174 739 1377 787 protulisse
1394 737 1534 776 (licitur
1552 738 1667 776 indu-

253 793 326 827 ctis
357 789 527 840 quadam
556 790 798 827 solelmiitate
822 792 1052 840 agentibus
1042 805 1082 827 ιιι
1106 793 1248 830 rebus·
1237 806 1278 829 ιιι
1300 795 1586 841 consistorium,
1625 799 1668 830 ut

252 857 390 881 aurum
413 847 639 895 acciperent,
661 858 749 881 cum
764 845 922 883 vidisset
940 845 1133 896 quendam
1150 861 1200 883 ex
1219 861 1350 884 eorum
1367 851 1556 886 consortio
1575 861 1665 895 non,

252 907 296 936 ut
314 902 432 937 moris
451 907 544 947 erat,
569 913 739 950 expansa
759 899 965 951 chlamyde
982 900 1052 938 sed
1069 909 1230 954 utraque
1248 915 1367 940 manu
1385 910 1516 940 cavata
1535 916 1666 941 susce—

251 957 370 1005 pisse.
426 969 463 992 v.
484 957 614 991 Amm.
633 957 805 991 Marcell.
833 959 895 996 10.
951 957 1072 992 Βιττ-

367 1012 455 1049 162.
512 1010 715 1059 magistro]
747 1012 779 1046 is
796 1017 877 1046 erat
894 1009 945 1046 ad
963 1023 1080 1061 quem
1101 1010 1303 1061 disciplina
1321 1024 1474 1048 morum
1495 1013 1538 1048 in
1556 1012 1666 1062 paln-

252 1065 308 1100 tio
331 1065 558 1114 pertinebat,
589 1066 699 1114 quasi
718 1063 887 1101 iudicem
904 1072 941 1101 et
958 1067 1184 1114 magistrum
1204 1066 1418 1103 officiorum
1442 1067 1665 1114 aulicormn,

254 1120 390 1170 quales
410 1126 498 1155 sunt
518 1118 750 1155 cubicularii
770 1120 838 1155 lib.
856 1123 884 1167 Ὶ3
907 1121 949 1156 C.
980 1119 1027 1156 de
1052 1133 1228 1170 praepos.
1254 1134 1350 1158 sacr.
1382 1122 1468 1159 cub.
1496 1128 1667 1158 castren-

252 1175 359 1210 siam
375 1181 412 1209 et
428 1174 682 1210 minister-iani
699 1174 726 1209 l.
746 1175 770 1212 3
792 1181 830 1210 et
851 1173 877 1213 4
906 1175 948 1211 C.
979 1182 1017 1211 et
1039 1176 1184 1212 minist.
1213 1176 1418 1212 silentiar&
1443 1177 1471 1212 l.
1493 1175 1518 1215 4
1546 1177 1588 1212 C.
1618 1175 1667 1212 de

254 1229 384 1264 silent.
403 1229 585 1264 decanll.
607 1230 632 1267 2
655 1229 698 1264 C.
713 1227 765 1264 de
789 1227 871 1264 dec.
884 1257 894 1275 ,
940 1230 1006 1279 qui
1030 1242 1164 1267 omnes
1191 1231 1375 1281 obsequio
1397 1237 1434 1268 et
1454 1232 1666 1268 ministerio

253 1284 439 1333 principis
460 1282 580 1319 dediti
597 1289 717 1319 erant.
775 1282 942 1334 denique
959 1298 1044 1333 mae,
1031 1285 1142 1320 nister
1165 1286 1376 1333 ‹ffiecornm
1404 1293 1462 1322 est
1484 1288 1668 1335 magister

253 1352 334 1376 των
363 1337 406 1377 ἐν
431 1340 481 1392 τῇ
509 1333 611 1391 αυλῇ
635 1336 800 1385 ταξέων,
838 1339 900 1374 vel
919 1345 960 1375 ut
979 1337 1211 1376 Theocritus
1231 1341 1305 1387 ait,
1346 1338 1563 1391 ηγοιίμενος
1587 1355 1668 1379 των

253 1393 473 1444 βασιλείων.
500 1392 588 1429 vide
607 1393 736 1429 Cuiac.
755 1394 795 1428 in
813 1399 936 1443 parat.
954 1394 997 1430 C.
1018 1393 1068 1429 ad
1083 1395 1142 1430 tit.
1167 1392 1214 1430 de
1233 1394 1335 1431 offic.
1355 1407 1460 1445 mag.
1481 1394 1546 1432 off.
1578 1394 1667 1432 huic

253 1448 424 1484 similem
448 1448 651 1484 arbitratur
677 1461 767 1483 eum
793 1450 860 1498 qui
883 1449 923 1484 in
951 1449 1086 1484 Galliis
1109 1449 1268 1497 premet
1289 1449 1384 1486 del'
1401 1449 1540 1494 hostel,
1567 1448 1608 1486 h.
1630 1463 1666 1486 e.

251 1515 372 1554 quem
382 1503 746 1552 vulgopraesectum
758 1503 893 1547 aulae,
902 1503 975 1539 den
984 1503 1239 1552 Hofmfflster,
1250 1505 1533 1569 appellitamus:
1546 1506 1664 1544 Rrr'r.

363 1560 452 1597 162.
509 1558 662 1607 singula
679 1558 804 1594 officia
824 1559 994 1622 palatina
1011 1556 1206 1594 habebant
1215 1561 1398 1608 primates
1419 1566 1456 1595 et
1474 1560 1666 1609 principes

247 1625 350 1659 suos,
380 1612 449 1649 sed
466 1620 663 1662 praeterea
680 1614 868 1649 universis
892 1620 1067 1662 praeerat
1083 1626 1169 1663 mab
1155 1615 1278 1650 ι”.·.(ἰει·
1337 1621 1446 1652 vetus
1467 1615 1665 1663 inscriptio

244 1666 351 1717 apud
383 1669 492 1703 Grut.
522 1666 651 1706 4061
635 1672 675 1706 1:
722 1669 1056 1704 FL.EUGEN10
1092 1669 1137 1704 V.
1146 1641 1217 1704 OC.
1255 1670 1327 1704 EX
1364 1669 1664 1706 PRAEFECTO

244 1724 536 1758 PRAETORIO
566 1722 777 1758 CONSULI
798 1723 1070 1760 ORDINARIO
1090 1723 1380 1761 DESIGNATO
1401 1724 1664 1761 MAGISTRO

245 1778 552 1814 OFFICIORUM
575 1778 789 1813 OMNIUM.
847 1784 885 1814 et
909 1779 976 1828 qui
992 1776 1096 1813 hunc
1115 1780 1384 1827 magistratum
1404 1778 1581 1827 gerebat,
1615 1791 1665 1814 ex

245 1832 322 1868 alio
339 1831 469 1881 lapide
490 1830 594 1881 apud
615 1832 724 1868 Grut.
747 1845 787 1881 p.
808 1831 887 1872 599
912 1835 938 1872 6
961 1831 1112 1868 videtur
1130 1834 1246 1868 etiam
1265 1832 1389 1869 dictus
1404 1834 1586 1882 princeps
1603 1833 1666 1882 osl-

232 1887 420 1934 ficiorum
440 1886 716 1935 imperialium:
746 1888 936 1924 NERITO
958 1888 1063 1925 DIVI
1081 1888 1268 1924 CLAUDI
1291 1888 1510 1924 PRINCIPI
1530 1888 1622 1925 OFF
1624 1890 1664 1924 1-

243 1943 312 1979 ΟΠ
342 1943 515 1978 IMPER.
570 1942 699 1978 FOGG.

357 1999 448 2036 163.
504 1997 632 2045 (ιβίοία
669 2003 706 2032 et
734 1993 799 2031 hic
835 2002 874 2032 et
897 1996 998 2032 infra
1025 1996 1229 2059 aliquoties
1258 1997 1388 2046 posuit
1414 2009 1486 2046 per
1509 2002 1663 2046 tropum

243 2052 505 2102 metonymiae
527 2064 596 2101 pro
616 2051 710 2100 ipsis
726 2050 947 2088 hominibus
963 2052 1158 2100 officiariae
1183 2063 1252 2087 seu
1278 2052 1406 2100 (ιβίοία
1423 2050 1658 2100 gerentibus.

246 2107 307 2144 sic
323 2107 536 2143 custodiam
563 2106 814 2142 iureconsulti
838 2118 954 2156 saepe
977 2113 1114 2143 vocant
1145 2107 1275 2155 ipsum
1301 2104 1502 2142 hominem
1530 2107 1598 2156 qui
1621 2104 1663 2142 in

247 2161 422 2198 custodia
441 2163 523 2198 sive
539 2162 704 2198 vinculis
723 2159 900 2197 habetur.
957 2161 1056 2201 128
1075 2157 1124 2210 §⁰
1113 2173 1154 2196 ιιι
1171 2161 1383 2207 exsulibus,
1411 2159 1454 2197 ff.
1475 2159 1523 2196 de
1536 2173 1661 2210 poena

245 2216 275 2252 l.
297 2218 348 2255 12
369 2216 416 2252 de
436 2223 533 2253 cust.
551 2223 589 2252 et
607 2215 740 2252 exhib.
758 2229 856 2252 reor.
884 2216 991 2252 alibi.
1048 2216 1103 2252 sic
1120 2227 1215 2252 mox
1234 2229 1272 2252 v.
1295 2216 1373 2256 165
1392 2216 1529 2265 ingens
1547 2228 1663 2252 ποα-

247 2270 368 2315 ὁίιιιε,
398 2277 436 2307 et
454 2270 479 2310 4
498 2270 590 2317 241,
622 2270 801 2307 dicuntur
818 2272 932 2307 multi
951 2271 1206 2307 excubitores.
1260 2271 1383 2306 Rrr'r.

358 2328 451 2366 169.
505 2338 647 2375 magna
672 2328 773 2362 inter
797 2324 928 2362 doctos
959 2325 1145 2362 dissensio
1175 2323 1223 2361 de
1241 2323 1356 2361 modo
1379 2322 1597 2374 gestandi„
1576 2325 1660 2360 ‹rla-

245 2379 331 2417 dios
361 2391 473 2417 suos.
510 2393 603 2416 nam
623 2383 781 2418 Homer.
810 2380 924 2417 Iliad.
946 2383 994 2420 2·
1033 2376 1137 2431 ἀμφὶ
1163 2375 1302 2431 ‹5'1’2‘9'
1333 2375 1496 2430 ωμοισιν
1522 2375 1661 2430 βάλετο

241 2435 360 2484 ξίφος
389 2430 646 2486 ἀργυρόηλον.
702 2449 860 2472 concors
886 2436 1067 2485 Virgilius
1095 2436 1194 2471 Aen.
1215 2437 1265 2474 8:
1293 2440 1376 2469 tum
1402 2433 1519 2470 laten
1544 2440 1662 2484 atque

242 2490 412 2526 Iucmeris
446 2491 484 2525 Ἰ
478 2502 658 2539 egeaeum
687 2490 863 2540 subligat
886 2503 1024 2526 ensem.
1083 2495 1122 2525 et
1147 2490 1245 2524 Aen.
1274 2490 1322 2528 9:
1363 2487 1520 2524 humero
1543 2487 1664 2524 simul

243 2546 347 2581 exuit
366 2557 492 2581 ensem
505 2552 702 2580 auratum.
734 2552 866 2581 tamen
886 2546 1066 2581 existimo
1083 2545 1276 2580 Romanos
1294 2541 1343 2578 ad
1362 2543 1475 2590 latus,
1495 2549 1539 2580 ut
1556 2555 1660 2579 nunc

240 2600 295 2647 fit,
325 2613 436 2638 enses
453 2605 636 2649 gestasse,
665 2612 745 2636 nou
765 2612 787 2635 a
803 2600 903 2635 collo
924 2606 989 2635 aut
1007 2597 1168 2635 humero
1187 2609 1393 2646 suspensos
1405 2625 1415 2645 ‚
1444 2604 1487 2634 ut
1505 2596 1659 2634 heroico

239 2667 350 2692 aevo.
404 2654 454 2691 de
484 2661 610 2691 statua
635 2655 804 2705 equestri
831 2654 1043 2690 Domitiani
1072 2653 1257 2702 principis
1282 2653 1419 2701 Papin.
1440 2653 1536 2690 silv.
1557 2653 1578 2691 1
1611 2654 1657 2691 1:

239 2711 272 2746 ic
295 2717 398 2762 tergo
414 2710 580 2748 dentis-m
597 2709 790 2760 chlamy-9,
821 2708 926 2746 latus
941 2721 1028 2746 ense
1043 2708 1169 2759 quieto
1185 2719 1374 2745 securum.
1410 2706 1511 2745 dixit
1528 2707 1658 2744 maxi-
