1702 3060
249 130 345 176 412
656 133 838 175 NOTAE
869 132 927 174 IN
960 132 1170 175 LIBRUM
1195 132 1257 175 ῙΠ

248 239 313 276 hic
340 240 512 277 sutilium
541 238 678 274 florum
707 239 857 289 copiam
881 238 1086 286 indicavit,
1128 239 1282 276 subiicit
1307 251 1400 277 mox
1433 241 1657 279 solutorum.

248 297 407 331 ΒΑΗ-ΓΗ.
466 295 622 339 Statius,
653 306 771 344 quem
789 296 990 345 aliquoties
1007 296 1178 330 imitatur
1195 301 1336 342 noster,
1363 292 1491 332 Theb.
1511 297 1536 334 6
1554 299 1656 337 366:

248 351 416 399 dumque
430 347 579 397 chelym
599 348 709 384 lauro
727 356 943 399 textumque
961 350 1109 385 illustre
1122 363 1282 385 coronae
1297 348 1482 400 subligat.
1504 351 1658 388 vortex.¹

249 417 326 440 non
347 405 474 440 solum
491 404 727 452 privatorum
749 403 898 451 domus,
915 403 983 441 sed
1003 405 1119 440 etiam
1137 405 1241 441 urbis
1262 410 1299 440 et
1313 406 1408 441 arcis
1428 415 1534 441 sacra
1550 417 1661 441 moe-

248 460 313 494 nia
343 465 476 494 ornata
505 465 594 494 sunt
627 461 789 495 coronis.
855 461 911 496 sic
942 459 1122 495 videntur
1157 466 1289 496 ornata
1324 458 1524 496 cuiusdam
1555 459 1661 496 urbis

248 515 403 548 moenia
422 513 463 548 iu
480 514 602 548 veteri
619 526 696 560 ara,
727 527 824 565 quae
845 513 1067 550 adservatur
1082 515 1123 550 iu
1137 526 1270 550 museo
1290 515 1517 564 Capitolino.
1572 513 1662 551 vide

247 574 588 603 monumentorum
606 567 720 604 huius
735 571 859 605 musei
879 568 1088 605 editionem
1107 575 1136 604 t.
1157 568 1182 607 4
1205 569 1282 605 tab.
1305 570 1369 608 66.
1425 570 1552 605 FOGG.

361 621 426 661 64.
484 622 622 673 honos]
654 623 941 660 hemistichium
973 623 1048 660 hoc
1080 636 1131 660 ex
1160 623 1370 660 Claudiano
1394 630 1452 660 est
1476 622 1524 660 de
1551 630 1663 673 raptu

249 679 276 716 2
301 679 366 716 72.
397 679 580 714 DEMPST.
620 691 752 714 nemus
770 679 951 727 refertum
967 679 1141 728 frugibus
1159 684 1247 714 sunt
1263 679 1360 715 rami
1380 679 1558 715 arborum
1575 690 1663 714 cum

250 733 345 781 ipsis
364 731 552 768 fructibus
573 734 716 779 avulsi,
755 740 796 769 ut
815 733 986 770 studium
1003 732 1158 770 honoris
1177 734 1322 769 Iustino
1342 734 1516 769 certatim
1535 734 1665 770 collati

251 785 395 822 indicet
421 788 587 836 plenius.
646 787 859 824 notandum
884 795 1036 837 tempus
1062 789 1179 834 anni,
1214 800 1290 838 quo
1314 789 1547 824 lastinianus
1565 789 1664 824 vivis

251 844 431 878 excessit,
460 855 619 878 nemora
639 849 727 878 sunt
749 843 915 880 arbores.
944 845 1121 879 Lucanus
1142 845 1188 882 3:
1211 841 1474 891 procumbant
1491 855 1664 888 nemora,

253 903 289 931 et
303 897 519 944 spoliantur
533 897 664 933 robore
681 898 814 934 silvae.
874 900 1034 934 BARTR.

362 953 428 992 66.
485 952 698 1002 arundine]
737 954 913 1003 quamvis
951 950 1154 1002 grandiore
1188 949 1306 986 herba
1320 979 1330 998 ,
1379 951 1509 988 frutici
1547 963 1665 1002 quam

252 1006 407 1055 plantae
426 1008 624 1043 similiore.
682 1008 854 1058 alioquin
872 1008 1005 1053 fateor,
1037 1019 1153 1058 quem
1169 1006 1315 1042 cultum
1332 1005 1476 1042 arundo
1492 1007 1666 1056 postibus

253 1059 415 1107 dederit,
445 1074 507 1097 me
529 1064 718 1110 ignorare,
737 1064 814 1098 nisi
835 1062 1062 1098 arundinem
1080 1056 1167 1099 κατ’
1190 1058 1326 1110 ἐξοχὴν
1343 1061 1574 1097 nobiliorem
1592 1062 1667 1098 ali-

253 1127 371 1166 quam
393 1129 556 1152 cannam
578 1123 661 1152 tum
679 1116 728 1152 ad
744 1118 836 1152 talia
856 1118 1032 1166 usurpari
1054 1122 1202 1152 suetam
1223 1116 1363 1165 capias.
1396 1117 1556 1152 BAn'rn.

363 1173 427 1210 67.
485 1171 701 1221 velamina]
733 1173 877 1220 tapetia
903 1172 1087 1220 intelligit
1115 1170 1256 1206 talibus
1284 1171 1436 1220 pompis
1466 1170 1667 1220 praetendi

251 1224 377 1261 solita.
420 1227 583 1262 Pacatus
603 1227 861 1276 Panegyrico:
892 1227 991 1275 quid
996 1233 1133 1275 portas
1148 1224 1357 1261 virentibus
1377 1227 1486 1261 sertis·
1506 1239 1668 1262 corona-

251 1286 328 1322 tas,
357 1280 455 1329 quid
473 1280 623 1316 aulaeis
643 1282 835 1317 undantes
847 1281 1003 1330 plateas
1022 1281 1268 1330 accensisque
1277 1279 1492 1329 funalibus
1508 1287 1668 1317 auctum

250 1333 352 1370 diem
371 1335 565 1384 rcy'eram?
622 1337 782 1372 ΒΑΜἪ.

360 1391 425 1429 68.
483 1389 667 1427 laudibus
690 1391 831 1427 addere
849 1391 1005 1441 laudes]
1045 1389 1096 1427 ad
1124 1391 1424 1441 geminationem
1442 1389 1668 1439 praeconio-

250 1455 337 1479 rum
358 1443 516 1491 alludit,
568 1457 667 1495 quae
686 1446 1001 1496 frequentabatur
1029 1445 1125 1482 adeo
1152 1452 1195 1482 ut
1216 1451 1478 1482 numeratores
1497 1456 1576 1480 non
1596 1443 1667 1480 de-

248 1498 405 1545 fuerint,
441 1501 507 1550 qui
527 1507 768 1536 recenserent
789 1502 938 1551 quoties
957 1513 1133 1552 quaeque
1153 1501 1377 1537 acclamatio
1399 1498 1538 1536 honori
1557 1500 1669 1548 prin-

251 1554 347 1602 cipis
369 1553 458 1590 data
478 1561 733 1604 repeteretur,
772 1563 814 1591 ut
837 1557 1017 1605 exempla
1037 1557 1078 1591 in
1102 1557 1270 1592 Historia
1286 1557 1462 1604 Augusta
1484 1561 1669 1603 apparent

249 1619 329 1644 non
353 1621 488 1657 pauca.
547 1610 718 1660 alioquin
746 1612 969 1647 concinnius
992 1612 1164 1660 legatur:
1194 1609 1343 1646 lusibus
1358 1609 1500 1646 addere
1516 1608 1663 1645 laudes.

249 1664 309 1699 vir
329 1661 571 1700 doctissimus
593 1671 630 1700 et
645 1666 833 1714 singulari
852 1665 1040 1702 industria
1059 1664 1498 1714 ThomasDempsterus
1511 1691 1522 1710 ,
1552 1675 1670 1714 quem

250 1715 411 1755 honoris
431 1725 468 1755 et
485 1720 626 1755 amoris
648 1722 770 1769 gratia
790 1722 903 1756 toties
924 1720 1054 1767 laudo,
1077 1722 1144 1771 qui
1161 1720 1341 1757 videlicet
1357 1720 1398 1755 in
1414 1719 1671 1755 illustratione

251 1770 368 1808 huius
391 1777 528 1822 poetae
558 1781 595 1810 et
612 1774 817 1810 Claudiani
846 1777 963 1811 etiam
986 1788 1138 1812 mecum
1161 1774 1299 1812 eodem
1319 1775 1447 1811 animo
1467 1774 1668 1821 concurrit,

251 1827 367 1875 plane
388 1829 529 1863 intacta
551 1827 648 1864 haec
666 1830 835 1879 reliquit.
865 1831 1025 1866 BAn'rn.
1058 1828 1237 1867 Barthius
1253 1843 1332 1866 non
1350 1830 1467 1865 male.
1497 1828 1669 1879 alioquin

253 1879 357 1917 edita
377 1882 550 1918 firmatur
567 1895 619 1918 ex
637 1882 663 1921 4
686 1883 764 1923 164
783 1890 819 1919 et
837 1884 930 1924 275.
988 1891 1102 1935 atque
1119 1886 1171 1920 ita
1189 1887 1347 1934 passim.
1403 1885 1558 1921 Voncx.

362 1938 428 1976 69.
483 1938 739 1986 virgilianum
774 1944 831 1974 est
855 1939 1129 1987 Georgicorum
1157 1942 1204 1979 3:
1247 1939 1367 1975 alliu-5·
1391 1937 1610 1988 ingreditur
1634 1943 1671 1972 et

254 1991 390 2027 mollia
417 2005 532 2028 crura
554 1994 716 2040 reponit.
776 2005 825 2028 ne
857 1994 942 2043 quis
974 2000 1082 2042 putet
1113 1993 1160 2029 de
1186 1992 1309 2030 nihilo
1339 2005 1436 2030 esse.
1491 2003 1670 2040 reponere

253 2052 384 2082 autem
407 2045 506 2082 illud
537 2047 795 2083 sublationem
829 2053 866 2083 et
896 2049 1177 2085 restitutionem
1211 2061 1363 2085 crurum
1400 2046 1570 2084 denotat.
1626 2052 1670 2082 ut

251 2114 440 2137 removere
455 2101 519 2137 fila
539 2101 643 2152 apud
660 2103 894 2140 Venantium
913 2104 1182 2151 Fortunatum,
1222 2116 1320 2155 quae
1337 2102 1449 2154 pulsa
1466 2101 1671 2152 repulsan-

250 2162 326 2192 tur.
383 2157 543 2193 BAfl‘rn.

359 2211 426 2250 72.
483 2224 638 2248 carmen
667 2210 742 2249 hoc
767 2213 821 2248 ita
853 2211 1012 2263 quidem
1031 2219 1088 2250 est
1105 2213 1345 2260 restitutum,
1383 2224 1471 2249 cum
1487 2223 1670 2261 perverse

250 2265 443 2313 legeretur
460 2266 502 2300 in
518 2277 599 2302 ms:
639 2280 806 2316 organa,
838 2267 1049 2316 plectrum,
1087 2268 1174 2318 lyra
1190 2275 1228 2304 et
1246 2274 1365 2304 totam
1383 2268 1581 2303 insonuere
1594 2279 1670 2315 per

251 2318 398 2355 urbem.
458 2318 527 2356 sed
554 2327 592 2356 et
618 2322 659 2357 in
682 2324 859 2371 proxime
882 2321 1030 2359 duobus
1051 2323 1371 2374 subsequentibus
1395 2321 1572 2358 convivia
1597 2332 1670 2370 pro

252 2374 427 2410 convicia
450 2380 487 2410 et
504 2374 701 2412 discursus
720 2389 789 2426 pro
810 2378 1007 2414 discussus·
1025 2377 1328 2414 emendavimus.
1383 2377 1502 2412 Rmz.

358 2427 410 2463 ib.
471 2428 591 2478 lyrae.
652 2431 750 2467 bene
775 2433 831 2468 sic
850 2434 1083 2470 restitutum.
1139 2439 1252 2470 antea
1269 2431 1435 2482 pessime
1451 2429 1667 2480 legebatur.

249 2482 432 2519 Dimrsr.

359 2539 427 2577 73.
482 2538 523 2573 in
543 2550 603 2574 ms
625 2537 755 2576 codice
775 2541 923 2589 legerat
941 2542 1146 2591 Assagrius
1160 2540 1347 2577 convicia.
1408 2541 1665 2590 expunxerat,

251 2603 439 2640 reponens
459 2594 653 2638 convivia,
683 2593 752 2630 sed
768 2596 959 2644 pessime:
988 2609 1081 2632 nam
1107 2596 1250 2645 optime
1274 2593 1366 2630 huic
1389 2594 1474 2631 loco
1493 2593 1667 2630 convicia.

251 2645 454 2696 quadrant.
508 2649 732 2693 Quintilian.
754 2650 775 2688 1
799 2652 843 2689 3:
861 2651 1081 2700 gaudemus
1098 2651 1134 2686 si
1149 2649 1249 2700 qaid
1263 2649 1431 2686 dixerint
1446 2648 1585 2698 (pueri
1601 2648 1666 2683 in-

245 2702 392 2753 genui)
423 2702 612 2740 licentius.
671 2702 788 2741 verba
823 2718 871 2741 ne
899 2705 1181 2742 Alexandrinis
1222 2704 1377 2755 quidem
1406 2701 1666 2754 permittenda
