1702 3060
359 148 420 193 IN
452 149 806 194 IOHANNIDOS
839 149 902 193 ΙΙΙ
933 150 1136 194 NOTAE.
1391 148 1486 196 241

138 258 230 300 149.
287 258 426 301 Claud,
451 261 684 313 szgancom.
707 274 778 299 seu
797 273 917 302 carm.
935 263 989 305 37
1012 264 1091 305 70:
1121 269 1158 299 et
1176 261 1304 299 soc-ias
1323 268 1488 299 trunca-

19 315 82 352 vit
98 329 241 366 aquae.

138 371 230 413 150.
287 372 422 422 refluit
437 373 569 410 amnis
588 373 695 423 Virg.
714 372 822 410 Aen.
845 374 871 414 8
895 371 990 415 240.

139 428 233 468 156.
293 427 470 466 decimus
497 430 688 479 septimus
714 442 735 466 a
763 430 968 466 nativitate
987 430 1155 466 Antalae
1173 442 1300 468 annus
1318 444 1483 483 respon-

29 482 93 521 det
114 497 217 522 anno
241 483 324 526 530
350 483 594 533 Christiano,
626 487 718 537 quia
737 499 854 536 supra
874 484 925 522 ad
945 498 982 526 v.
999 484 1054 526 74
1078 485 1250 523 vidimus
1272 488 1389 525 illum
1408 502 1484 526 na-

28 547 112 578 tum
136 554 221 578 esse
242 553 344 578 anno
360 541 454 582 513.
514 554 639 579 annus
662 555 755 579 vero
773 543 869 583 530
876 549 1098 592 postremus
1116 543 1192 579 fuit
1212 545 1325 593 regni
1342 544 1487 582 Hilde-

28 598 98 634 rici
122 610 192 634 seu
215 597 455 645 Hildemeri,
486 604 531 634 ut
557 612 651 635 eum
673 605 786 636 vocat
805 598 922 650 poeta
940 605 1092 646 noster,
1123 601 1239 636 sicuti
1261 599 1487 639 videbimus

28 653 128 691 infra
146 653 198 691 ad
216 667 252 694 v.
267 655 360 701 198,
387 660 426 690 et
441 656 677 692 centesimus
697 656 808 706 regui
825 654 1124 693 Vaudalorum‘
1115 669 1156 691 ιιι
1173 657 1307 694 Africa
1325 666 1485 711 sumpto

27 712 139 747 initio
161 723 183 747 a
202 712 330 761 primo
351 712 533 760 ingressu
554 712 784 749 Genserici
774 725 816 748 ιιι
839 725 928 748 eam
947 714 1209 763 provinciam

141 779 232 818 158
285 778 372 828 ipse
388 779 579 816 Hercules
599 778 705 830 apud
723 778 836 820 Ovid
851 769 952 816 [Uet.
972 781 996 819 9
1020 780 1101 820 197
1124 781 1181 816 sic
1201 781 1276 818 ait.
1306 781 1370 820 his
1389 772 1498 823 εῖὶειιλ

26 834 129 872 iacet
146 833 266 871 moles
285 833 488 872 Nemeaea
513 835 684 874 lacertis.

139 899 234 944 164.
290 901 396 952 Virg.
419 902 527 939 Aen.
556 906 607 946 12
636 902 712 944 57:
743 915 831 952 spe-s·
857 909 900 939 m
927 916 1035 939 nnnc
1065 916 1148 940 una
1174 912 1368 951 senectae,
1400 913 1439 944 et
1463 909 1489 949 9

29 956 136 1000 423:
165 957 289 994 simul
312 971 400 995 ense
425 958 590 996 recluso.
651 972 723 1010 pro
743 972 837 995 voce
853 960 1039 995 inusitata
1057 959 1237 997 reclauso
1257 961 1348 999 vide
1370 975 1492 1014 supra

28 1013 80 1052 ad
97 1027 134 1054 v,
155 1016 245 1056 118.
301 1015 400 1052 item
417 1017 523 1066 Virg.
539 1015 647 1052 Aen.
664 1017 716 1055 10
741 1015 845 1055 414:
878 1015 1101 1065 Strymonco
1120 1017 1493 1071 dexttamficlgenti

29 1071 169 1122 diripit
189 1084 294 1116 ense,
323 1078 362 1108 et
377 1073 402 1111 3
427 1070 502 1112 49:
532 1073 626 1110 auri
642 1086 733 1109 cum
742 1071 919 1121 pondere
934 1086 1095 1123 magno.

146 1141 236 1182 167.
293 1140 402 1189 Virg.
418 1138 526 1175 Aen.
555 1142 575 1180 1
601 1140 705 1181 215·
737 1146 893 1190 tergora
919 1139 974 1176 cli»
977 1141 1115 1190 ffipmnt
1142 1143 1257 1178 costth·
1281 1150 1317 1179 et
1339 1145 1491 1183 viscera

32 1195 205 1243 nudant;
230 1208 330 1246 par-s·
350 1196 394 1232 in
405 1196 549 1247 frusta
572 1203 708 1234 secant
730 1195 978 1247 verubusque
999 1199 1205 1234 trementia
1215 1199 1374 1250 figunt.

145 1254 236 1294 168.
294 1253 402 1302 virg.
421 1252 529 1289 Aen.
553 1255 577 1293 6
604 1254 709 1294 550:
735 1254 922 1303 flammis
944 1253 1073 1290 ambit
1096 1255 1345 1294 torrentibus.

146 1311 240 1351 171,
299 1315 468 1358 tempore
485 1310 569 1346 iam
585 1323 630 1346 ex
649 1309 720 1346 illo
738 1311 844 1361 Virg.
863 1310 971 1347 Aen.
996 1313 1014 1350 1
1045 1313 1140 1351 627.

146 1365 239 1407 178.
296 1366 404 1415 Virg.
424 1365 515 1402 Ecl.
536 1369 562 1406 2
587 1365 662 1406 40:
695 1373 781 1402 luta
804 1366 904 1403 mihi
923 1366 1028 1404 valle
1046 1367 1204 1416 reperti.

147 1423 239 1463 181.
294 1422 405 1472 Virg.
428 1421 536 1459 Aen.
566 1424 592 1462 8
622 1422 726 1464 647:
757 1424 987 1475 ingentique
1013 1423 1150 1460 urbem
1175 1422 1377 1462 obsidione
1397 1439 1495 1476 pre·

33 1477 175 1516 mebat.

146 1536 237 1575 182,
286 1548 474 1586 perverso
494 1535 656 1572 numine
675 1535 781 1585 Virg.
798 1534 906 1572 Aen.
933 1537 959 1575 7
985 1533 1080 1577 584.

147 1592 239 1632 183.
297 1591 393 1628 latis
412 1592 563 1642 campis
582 1593 688 1641 VIrg.
709 1592 816 1628 Aen.
843 1592 894 1631 11
924 1589 1019 1632 465.

149 1646 242 1688 184,
298 1649 406 1699 Virg,
424 1648 533 1686 Aen.
560 1650 605 1688 11
639 1649 742 1689 587:
760 1648 870 1698 fatis
891 1655 1056 1698 urgetur
1075 1647 1239 1686 acerbis.
1303 1650 1424 1686 etiam
1451 1651 1494 1688 in

35 1702 169 1741 codice
198 1716 276 1755 quo
300 1719 394 1742 usus
421 1711 480 1742 est
507 1704 692 1751 Ruizius‚
722 1711 766 1742 ut
785 1705 934 1755 publici
954 1706 1051 1742 iuris
1070 1705 1219 1743 faceret
1240 1706 1393 1757 reliqua
1415 1707 1495 1749 Go-

35 1762 140 1812 rippi
165 1762 360 1810 carmina,
390 1775 548 1813 semper
566 1774 686 1812 urgeo
704 1761 870 1798 verbum
893 1774 983 1798 cum
1004 1776 1049 1807 a,
1077 1763 1192 1799 litera
1224 1762 1398 1814 liquida,
1428 1765 1496 1800 in-

34 1819 192 1855 venitur
218 1819 274 1855 sic
306 1832 472 1869 urgueo;
506 1831 584 1870 qua
611 1816 660 1854 de
688 1831 730 1855 re
761 1816 1007 1854 monendum
1036 1831 1121 1855 esse
1146 1819 1336 1856 lectorem
1362 1821 1495 1857 visum

36 1881 96 1912 est
118 1874 196 1925 ipsi
221 1873 362 1912 editori
387 1874 438 1912 ad
456 1888 492 1915 v.
513 1876 566 1916 33
578 1874 714 1925 praes
776 1873 1039 1912 Rittershusio
1069 1882 1203 1912 autem
1229 1876 1378 1926 placuit
1396 1875 1498 1914 haec

0 1974 1 1983 ἵ
37 1937 220 1971 constans
241 1929 522 1983 orthographia
544 1938 723 1968 veterum
743 1931 854 1968 verbi
873 1944 994 1982 urgeo
1016 1945 1106 1969 cum
1125 1933 1256 1969 littera
1279 1947 1306 1969 ιι
1328 1947 1478 1983 argaeo
1484 1962 1498 1979 ,

0 2019 1 2034 3
35 1993 79 2024 ut
105 1986 157 2024 ad
185 1989 248 2029 cit.
275 2001 434 2025 versum
457 1994 634 2028 testatur.
691 1985 784 2025 hinc
819 2001 891 2039 ego
924 1989 1071 2025 veritus
1093 2002 1182 2026 sum
1206 1987 1351 2026 codicis
1372 1992 1498 2027 nostri

0 2042 1 2073 ἶ
36 2045 242 2096 antiquam
269 2046 503 2096 scripturam
529 2047 758 2092 immutare,
790 2045 1013 2096 ubicunque
1042 2058 1130 2081 eam
1152 2047 1299 2086 inveni,
1359 2045 1408 2082 de
1429 2059 1496 2083 ra·-

35 2102 142 2138 tione
164 2101 362 2139 scribendi
382 2100 551 2139 eandem
568 2115 708 2139 vocem
725 2100 871 2139 videsis
888 2102 1030 2142 Cellar.
1049 2101 1236 2153 Orthogr.
1251 2102 1348 2138 Lat.
1362 2115 1402 2153 p,
1415 2104 1496 2143 117

36 2156 98 2199 ed.
115 2159 250 2199 Patav.
273 2156 393 2200 1724.

150 2224 244 2267 185.
302 2237 470 2276 reguum
487 2223 757 2263 Vandalorum
774 2225 816 2262 in
837 2225 971 2262 Africa
987 2225 1117 2262 innuit
1134 2221 1200 2261 hic
1218 2227 1335 2275 poeta
1346 2253 1356 2272 ,
1387 2222 1497 2275 quod

37 2281 152 2319 annis
179 2282 331 2319 circiter
361 2284 438 2321 100
464 2283 612 2332 viguit3
644 2295 721 2334 qua
747 2281 795 2319 de
825 2295 866 2318 re
895 2280 987 2318 vide
1015 2294 1133 2332 supra
1160 2280 1212 2317 ad
1236 2294 1274 2321 v.
1299 2282 1349 2321 16
1374 2278 1495 2318 huius

37 2338 142 2379 libri.
173 2379 175 2382 ⁸
200 2351 304 2375 anno
325 2351 470 2388 nempe
487 2338 568 2378 428
586 2351 609 2374 a
624 2339 831 2375 Bonifacio
855 2339 997 2375 comite
1016 2344 1178 2375 vocatus
1194 2338 1322 2374 fuerat
1341 2337 1494 2374 Gense-

40 2396 143 2431 ricus
171 2396 212 2432 in
240 2395 437 2432 auxilium
464 2401 596 2431 contra
626 2396 808 2443 Aetium,
841 2401 879 2431 et
906 2407 1009 2431 auno
1038 2393 1120 2435 430
1148 2395 1231 2431 iam
1255 2401 1381 2431 totam
1411 2394 1496 2430 fere

41 2450 217 2489 Africam
245 2452 320 2489 sibi
345 2452 576 2491 subiecerat.
633 2450 727 2488 hinc
758 2458 909 2488 constat
936 2449 1002 2487 hic
1021 2451 1134 2502 loqui
1155 2458 1356 2488 auctorem
1376 2448 1424 2486 de
1446 2451 1495 2487 iis

43 2519 144 2559 quae
162 2506 311 2545 ibidem
330 2507 554 2545 acciderant
574 2514 738 2545 centeno
754 2515 844 2559 post
863 2521 965 2545 anno
978 2538 988 2555 ,
1019 2508 1167 2544 scilicet
1185 2508 1267 2548 530
1288 2505 1445 2546 Christi.

157 2576 248 2616 189.
302 2583 394 2626 post
419 2577 521 2613 vires
547 2587 687 2612 vocem
706 2574 865 2611 validas
885 2573 1035 2622 adieci,
1066 2575 1158 2626 quia
1180 2587 1345 2611 mancus
1363 2575 1405 2610 in
1427 2585 1495 2609 co-

43 2629 132 2669 dice
151 2637 232 2668 erat
248 2630 314 2669 hic
330 2644 488 2679 versus3
520 2645 687 2684 eamque
705 2632 892 2668 accersivi
911 2644 962 2668 ex
982 2633 1089 2681 Virg.
1108 2631 1215 2667 Aen.
1230 2633 1255 2670 6
1281 2633 1386 2671 833:
1418 2642 1495 2665 neu

36 2688 199 2739 patriae
215 2687 372 2725 validas
387 2690 430 2725 in
448 2690 596 2726 viscera
612 2690 748 2725 vertile
769 2689 881 2727 vires.
939 2687 1017 2724 feci
1035 2688 1223 2738 AVauficr,
1254 2688 1347 2738 quia
1377 2686 1496 2721 etiam

43 2743 148 2782 iufra
169 2745 195 2784 6
219 2741 301 2783 384
325 2750 384 2780 est
400 2745 571 2795 thzffur
588 2744 769 2781 anhelus.
808 2751 982 2781 attamen
999 2744 1125 2781 fateor
1140 2741 1248 2780 hunc
1269 2748 1309 2778 et
1323 2753 1496 2794 sequen-

44 2805 136 2838 tem
144 2812 302 2838 versum
319 2797 450 2837 adhuc
464 2800 642 2851 indigere
658 2800 814 2838 medica
831 2812 966 2840 manu.
