<?xml version="1.0" encoding="UTF-8"?>
<!DOCTYPE html PUBLIC "-//W3C//DTD XHTML 1.0 Transitional//EN"
    "http://www.w3.org/TR/xhtml1/DTD/xhtml1-transitional.dtd">
<html xmlns="http://www.w3.org/1999/xhtml" xml:lang="en" lang="en">
 <head>
  <title>
</title>
<meta http-equiv="Content-Type" content="text/html;charset=utf-8" />
  <meta name='ocr-system' content='tesseract 3.04.00' />
  <meta name='ocr-capabilities' content='ocr_page ocr_carea ocr_par ocr_line ocrx_word'/>
</head>
<body>
  <div class='ocr_page' id='page_1' title='image "./corpusscriptorum35niebuoft_0432.png"; bbox 0 0 1702 3060; ppageno 0'>
   <div class='ocr_carea' id='block_1_1' title="bbox 259 115 1261 161">
    <p class='ocr_par' dir='ltr' id='par_1_1' title="bbox 259 115 1261 161">
     <span class='ocr_line' id='line_1_1' title="bbox 259 115 1261 161; baseline -0.003 0"><span class='ocrx_word' id='word_1_1' title='bbox 259 116 355 161; x_wconf 86' lang='lat'><strong>356</strong></span> <span class='ocrx_word' id='word_1_2' title='bbox 671 116 854 159; x_wconf 89' lang='lat' dir='ltr'><strong>NOTAE</strong></span> <span class='ocrx_word' id='word_1_3' title='bbox 886 116 945 158; x_wconf 90' lang='lat' dir='ltr'><strong>IN</strong></span> <span class='ocrx_word' id='word_1_4' title='bbox 978 116 1189 159; x_wconf 82' lang='lat' dir='ltr'>LIBRUM</span> <span class='ocrx_word' id='word_1_5' title='bbox 1221 115 1261 158; x_wconf 90' lang='grc' dir='ltr'>Π</span> 
     </span>
    </p>
   </div>
   <div class='ocr_carea' id='block_1_2' title="bbox 256 221 1702 933">
    <p class='ocr_par' dir='ltr' id='par_1_2' title="bbox 258 221 1676 659">
     <span class='ocr_line' id='line_1_2' title="bbox 258 221 1671 275; baseline -0.001 -14"><span class='ocrx_word' id='word_1_6' title='bbox 258 231 390 261; x_wconf 85' lang='lat' dir='ltr'><strong>tamen</strong></span> <span class='ocrx_word' id='word_1_7' title='bbox 402 225 509 260; x_wconf 88' lang='lat' dir='ltr'><strong>nulla</strong></span> <span class='ocrx_word' id='word_1_8' title='bbox 527 221 667 258; x_wconf 87' lang='lat' dir='ltr'><strong>harum</strong></span> <span class='ocrx_word' id='word_1_9' title='bbox 685 222 896 259; x_wconf 85' lang='lat' dir='ltr'><strong>lectionum</strong></span> <span class='ocrx_word' id='word_1_10' title='bbox 913 223 1040 274; x_wconf 87' lang='lat' dir='ltr'><strong>potior</strong></span> <span class='ocrx_word' id='word_1_11' title='bbox 1055 224 1104 261; x_wconf 87' lang='lat' dir='ltr'><strong>sit</strong></span> <span class='ocrx_word' id='word_1_12' title='bbox 1122 224 1293 274; x_wconf 83' lang='lat' dir='ltr'><strong>vulgata,</strong></span> <span class='ocrx_word' id='word_1_13' title='bbox 1313 235 1390 275; x_wconf 86' lang='lat' dir='ltr'><strong>qua</strong></span> <span class='ocrx_word' id='word_1_14' title='bbox 1406 222 1508 261; x_wconf 82' lang='lat' dir='ltr'><strong>nihil</strong></span> <span class='ocrx_word' id='word_1_15' title='bbox 1523 223 1671 262; x_wconf 74' lang='lat' dir='ltr'><strong>melius.</strong></span> 
     </span>
     <span class='ocr_line' id='line_1_3' title="bbox 259 275 1670 330; baseline -0.001 -13"><span class='ocrx_word' id='word_1_16' title='bbox 259 286 298 317; x_wconf 90' lang='lat' dir='ltr'><strong>et</strong></span> <span class='ocrx_word' id='word_1_17' title='bbox 317 278 434 315; x_wconf 87' lang='lat' dir='ltr'><strong>dicit:</strong></span> <span class='ocrx_word' id='word_1_18' title='bbox 464 289 563 327; x_wconf 87' lang='lat' dir='ltr'><strong>quae</strong></span> <span class='ocrx_word' id='word_1_19' title='bbox 583 276 716 314; x_wconf 84' lang='lat' dir='ltr'><strong>vident</strong></span> <span class='ocrx_word' id='word_1_20' title='bbox 734 275 926 327; x_wconf 85' lang='lat' dir='ltr'><strong>homines,</strong></span> <span class='ocrx_word' id='word_1_21' title='bbox 948 285 986 315; x_wconf 84' lang='lat' dir='ltr'><strong>et</strong></span> <span class='ocrx_word' id='word_1_22' title='bbox 1003 291 1102 330; x_wconf 86' lang='lat' dir='ltr'><strong>quae</strong></span> <span class='ocrx_word' id='word_1_23' title='bbox 1123 291 1145 315; x_wconf 87' lang='lat' dir='ltr'><strong>a</strong></span> <span class='ocrx_word' id='word_1_24' title='bbox 1158 285 1198 315; x_wconf 89' lang='lat' dir='ltr'><strong>te</strong></span> <span class='ocrx_word' id='word_1_25' title='bbox 1218 279 1323 316; x_wconf 81' lang='lat' dir='ltr'><strong>iussa</strong></span> <span class='ocrx_word' id='word_1_26' title='bbox 1337 286 1427 317; x_wconf 83' lang='lat' dir='ltr'><strong>sunt</strong></span> <span class='ocrx_word' id='word_1_27' title='bbox 1446 291 1527 316; x_wconf 84' lang='lat' dir='ltr'><strong>non</strong></span> <span class='ocrx_word' id='word_1_28' title='bbox 1541 278 1670 327; x_wconf 49' lang='lat' dir='ltr'><strong>wideri3</strong></span> 
     </span>
     <span class='ocr_line' id='line_1_4' title="bbox 259 331 1671 382; baseline 0.001 -11"><span class='ocrx_word' id='word_1_29' title='bbox 259 347 330 371; x_wconf 91' lang='lat' dir='ltr'><strong>seu</strong></span> <span class='ocrx_word' id='word_1_30' title='bbox 346 333 530 369; x_wconf 84' lang='lat' dir='ltr'><strong>mortales</strong></span> <span class='ocrx_word' id='word_1_31' title='bbox 547 338 591 368; x_wconf 91' lang='lat' dir='ltr'><strong>tu</strong></span> <span class='ocrx_word' id='word_1_32' title='bbox 608 331 740 369; x_wconf 80' lang='lat' dir='ltr'><strong>videre</strong></span> <span class='ocrx_word' id='word_1_33' title='bbox 757 334 928 382; x_wconf 87' lang='lat' dir='ltr'><strong>noluisti,</strong></span> <span class='ocrx_word' id='word_1_34' title='bbox 948 340 1037 371; x_wconf 90' lang='lat' dir='ltr'><strong>sunt</strong></span> <span class='ocrx_word' id='word_1_35' title='bbox 1054 340 1142 370; x_wconf 86' lang='lat' dir='ltr'><strong>ante</strong></span> <span class='ocrx_word' id='word_1_36' title='bbox 1161 333 1292 371; x_wconf 87' lang='lat' dir='ltr'><strong>oculos</strong></span> <span class='ocrx_word' id='word_1_37' title='bbox 1306 340 1393 372; x_wconf 82' lang='lat' dir='ltr'><strong>tuos</strong></span> <span class='ocrx_word' id='word_1_38' title='bbox 1407 333 1522 382; x_wconf 83' lang='lat' dir='ltr'><strong>clara,</strong></span> <span class='ocrx_word' id='word_1_39' title='bbox 1550 334 1671 372; x_wconf 79' lang='lat' dir='ltr'><strong>famu-</strong></span> 
     </span>
     <span class='ocr_line' id='line_1_5' title="bbox 261 385 1671 439; baseline 0.002 -16"><span class='ocrx_word' id='word_1_40' title='bbox 261 389 391 424; x_wconf 80' lang='lat' dir='ltr'><strong>lantur</strong></span> <span class='ocrx_word' id='word_1_41' title='bbox 411 387 495 434; x_wconf 89' lang='lat' dir='ltr'><strong>tibi,</strong></span> <span class='ocrx_word' id='word_1_42' title='bbox 526 385 687 424; x_wconf 86' lang='lat' dir='ltr'><strong>adorant</strong></span> <span class='ocrx_word' id='word_1_43' title='bbox 702 394 755 424; x_wconf 89' lang='lat' dir='ltr'><strong>te:</strong></span> <span class='ocrx_word' id='word_1_44' title='bbox 810 401 890 426; x_wconf 88' lang='lat' dir='ltr'><strong>nou</strong></span> <span class='ocrx_word' id='word_1_45' title='bbox 909 396 1038 426; x_wconf 87' lang='lat' dir='ltr'><strong>autem</strong></span> <span class='ocrx_word' id='word_1_46' title='bbox 1057 402 1192 427; x_wconf 80' lang='lat' dir='ltr'><strong>sensus</strong></span> <span class='ocrx_word' id='word_1_47' title='bbox 1210 389 1402 439; x_wconf 80' lang='lat' dir='ltr'><strong>elegantia</strong></span> <span class='ocrx_word' id='word_1_48' title='bbox 1418 390 1461 426; x_wconf 88' lang='grc'><strong>111</strong></span> <span class='ocrx_word' id='word_1_49' title='bbox 1479 388 1555 426; x_wconf 88' lang='lat' dir='ltr'><strong>hoc</strong></span> <span class='ocrx_word' id='word_1_50' title='bbox 1570 393 1671 439; x_wconf 63' lang='lat' dir='ltr'><strong>poete</strong></span> 
     </span>
     <span class='ocr_line' id='line_1_6' title="bbox 259 441 1667 496; baseline 0.001 -17"><span class='ocrx_word' id='word_1_51' title='bbox 259 443 405 493; x_wconf 85' lang='lat' dir='ltr'><strong>ubique</strong></span> <span class='ocrx_word' id='word_1_52' title='bbox 423 441 519 479; x_wconf 82' lang='lat' dir='ltr'><strong>adeo</strong></span> <span class='ocrx_word' id='word_1_53' title='bbox 544 448 601 479; x_wconf 86' lang='lat' dir='ltr'><strong>est</strong></span> <span class='ocrx_word' id='word_1_54' title='bbox 624 442 894 493; x_wconf 80' lang='lat' dir='ltr'><strong>expendenda,</strong></span> <span class='ocrx_word' id='word_1_55' title='bbox 924 445 1015 481; x_wconf 89' lang='lat' dir='ltr'><strong>licet</strong></span> <span class='ocrx_word' id='word_1_56' title='bbox 1032 443 1120 482; x_wconf 89' lang='lat' dir='ltr'><strong>heic</strong></span> <span class='ocrx_word' id='word_1_57' title='bbox 1136 444 1213 481; x_wconf 89' lang='lat' dir='ltr'><strong>loci</strong></span> <span class='ocrx_word' id='word_1_58' title='bbox 1232 446 1325 482; x_wconf 82' lang='lat' dir='ltr'><strong>satis</strong></span> <span class='ocrx_word' id='word_1_59' title='bbox 1343 443 1502 496; x_wconf 90' lang='lat' dir='ltr'><strong>quidem</strong></span> <span class='ocrx_word' id='word_1_60' title='bbox 1522 449 1667 481; x_wconf 78' lang='lat' dir='ltr'><strong>constet</strong></span> 
     </span>
     <span class='ocr_line' id='line_1_7' title="bbox 259 497 1672 551; baseline 0 -16"><span class='ocrx_word' id='word_1_61' title='bbox 259 499 419 535; x_wconf 70' lang='lat' dir='ltr'><strong>Voncx.</strong></span> <span class='ocrx_word' id='word_1_62' title='bbox 475 503 629 534; x_wconf 83' lang='lat' dir='ltr'><strong>secutus</strong></span> <span class='ocrx_word' id='word_1_63' title='bbox 665 511 752 535; x_wconf 90' lang='lat' dir='ltr'><strong>sum</strong></span> <span class='ocrx_word' id='word_1_64' title='bbox 787 498 1099 537; x_wconf 84' lang='lat' dir='ltr'>emendationem</span> <span class='ocrx_word' id='word_1_65' title='bbox 1125 497 1290 537; x_wconf 85' lang='lat' dir='ltr'><strong>Barthii.</strong></span> <span class='ocrx_word' id='word_1_66' title='bbox 1346 513 1426 551; x_wconf 72' lang='lat' dir='ltr'><strong>rum</strong></span> <span class='ocrx_word' id='word_1_67' title='bbox 1449 500 1570 544; x_wconf 69' lang='lat' dir='ltr'><strong>iusta,</strong></span> <span class='ocrx_word' id='word_1_68' title='bbox 1610 497 1672 536; x_wconf 72' lang='lat' dir='ltr'><strong>ho·</strong></span> 
     </span>
     <span class='ocr_line' id='line_1_8' title="bbox 261 553 1676 606; baseline 0.003 -18"><span class='ocrx_word' id='word_1_69' title='bbox 261 558 319 589; x_wconf 89' lang='lat' dir='ltr'><strong>est</strong></span> <span class='ocrx_word' id='word_1_70' title='bbox 340 565 418 588; x_wconf 88' lang='lat' dir='ltr'><strong>non</strong></span> <span class='ocrx_word' id='word_1_71' title='bbox 440 565 567 602; x_wconf 87' lang='lat' dir='ltr'><strong>aequa</strong></span> <span class='ocrx_word' id='word_1_72' title='bbox 593 553 739 590; x_wconf 82' lang='lat' dir='ltr'><strong>viribus</strong></span> <span class='ocrx_word' id='word_1_73' title='bbox 768 556 963 604; x_wconf 85' lang='lat' dir='ltr'><strong>potentiae</strong></span> <span class='ocrx_word' id='word_1_74' title='bbox 991 556 1138 593; x_wconf 81' lang='lat' dir='ltr'><strong>visivae</strong></span> <span class='ocrx_word' id='word_1_75' title='bbox 1152 583 1162 602; x_wconf 93' lang='lat'>‚</span> <span class='ocrx_word' id='word_1_76' title='bbox 1205 567 1275 591; x_wconf 84' lang='lat' dir='ltr'><strong>seu</strong></span> <span class='ocrx_word' id='word_1_77' title='bbox 1303 567 1404 606; x_wconf 80' lang='lat' dir='ltr'><strong>quae</strong></span> <span class='ocrx_word' id='word_1_78' title='bbox 1423 567 1540 591; x_wconf 87' lang='lat' dir='ltr'><strong>nemo</strong></span> <span class='ocrx_word' id='word_1_79' title='bbox 1557 561 1676 605; x_wconf 58' lang='lat' dir='ltr'><strong>potet*-</strong></span> 
     </span>
     <span class='ocr_line' id='line_1_9' title="bbox 261 606 1602 659; baseline 0.002 -16"><span class='ocrx_word' id='word_1_80' title='bbox 261 606 460 644; x_wconf 86' lang='lat' dir='ltr'><strong>oculorum</strong></span> <span class='ocrx_word' id='word_1_81' title='bbox 478 606 638 644; x_wconf 77' lang='lat' dir='ltr'><em>subdere</em></span> <span class='ocrx_word' id='word_1_82' title='bbox 653 609 772 652; x_wconf 71' lang='lat' dir='ltr'><strong>visui,</strong></span> <span class='ocrx_word' id='word_1_83' title='bbox 803 616 843 646; x_wconf 88' lang='lat' dir='ltr'><strong>ut</strong></span> <span class='ocrx_word' id='word_1_84' title='bbox 861 609 994 659; x_wconf 88' lang='lat' dir='ltr'><strong>phrasi</strong></span> <span class='ocrx_word' id='word_1_85' title='bbox 1012 617 1098 647; x_wconf 84' lang='lat' dir='ltr'><strong>utar</strong></span> <span class='ocrx_word' id='word_1_86' title='bbox 1115 611 1286 647; x_wconf 84' lang='lat' dir='ltr'><strong>Lucretii</strong></span> <span class='ocrx_word' id='word_1_87' title='bbox 1304 610 1329 650; x_wconf 89' lang='lat'><em>5</em></span> <span class='ocrx_word' id='word_1_88' title='bbox 1353 611 1443 651; x_wconf 81' lang='grc'><strong>102.</strong></span> <span class='ocrx_word' id='word_1_89' title='bbox 1471 611 1602 647; x_wconf 69' lang='lat' dir='ltr'><strong>Foco.</strong></span> 
     </span>
    </p>

    <p class='ocr_par' dir='ltr' id='par_1_3' title="bbox 256 663 1672 766">
     <span class='ocr_line' id='line_1_10' title="bbox 372 663 1672 716; baseline 0.003 -18"><span class='ocrx_word' id='word_1_90' title='bbox 372 663 438 702; x_wconf 86' lang='lat'><strong>39.</strong></span> <span class='ocrx_word' id='word_1_91' title='bbox 494 663 668 699; x_wconf 73' lang='lat' dir='ltr'><strong>imitatur</strong></span> <span class='ocrx_word' id='word_1_92' title='bbox 685 665 887 701; x_wconf 89' lang='lat' dir='ltr'><strong>Lucanum</strong></span> <span class='ocrx_word' id='word_1_93' title='bbox 912 666 957 705; x_wconf 89' lang='lat'><strong>1:</strong></span> <span class='ocrx_word' id='word_1_94' title='bbox 989 666 1096 704; x_wconf 66' lang='lat' dir='ltr'><strong>iussa</strong></span> <span class='ocrx_word' id='word_1_95' title='bbox 1111 666 1221 716; x_wconf 82' lang='lat' dir='ltr'><strong>sequi</strong></span> <span class='ocrx_word' id='word_1_96' title='bbox 1237 671 1319 702; x_wconf 83' lang='lat' dir='ltr'><strong>tam</strong></span> <span class='ocrx_word' id='word_1_97' title='bbox 1336 663 1435 701; x_wconf 70' lang='lat' dir='ltr'><strong>velle</strong></span> <span class='ocrx_word' id='word_1_98' title='bbox 1451 664 1551 702; x_wconf 78' lang='lat' dir='ltr'><strong>mihi</strong></span> <span class='ocrx_word' id='word_1_99' title='bbox 1565 678 1672 716; x_wconf 83' lang='lat' dir='ltr'><strong>quan</strong></span> 
     </span>
     <span class='ocr_line' id='line_1_11' title="bbox 256 719 864 766; baseline 0.007 -14"><span class='ocrx_word' id='word_1_100' title='bbox 256 730 371 766; x_wconf 81' lang='lat' dir='ltr'><strong>posse</strong></span> <span class='ocrx_word' id='word_1_101' title='bbox 388 730 536 753; x_wconf 76' lang='lat' dir='ltr'><strong>neeesse</strong></span> <span class='ocrx_word' id='word_1_102' title='bbox 555 724 622 754; x_wconf 73' lang='lat' dir='ltr'><strong>est.</strong></span> <span class='ocrx_word' id='word_1_103' title='bbox 680 719 864 756; x_wconf 73' lang='lat' dir='ltr'><strong>DEMPST.</strong></span> 
     </span>
    </p>

    <p class='ocr_par' dir='ltr' id='par_1_4' title="bbox 262 770 1702 933">
     <span class='ocr_line' id='line_1_12' title="bbox 371 770 1702 826; baseline 0.003 -20"><span class='ocrx_word' id='word_1_104' title='bbox 371 770 425 809; x_wconf 83' lang='lat' dir='ltr'><strong>ib.</strong></span> <span class='ocrx_word' id='word_1_105' title='bbox 483 771 582 808; x_wconf 71' lang='lat' dir='ltr'><strong>velle</strong></span> <span class='ocrx_word' id='word_1_106' title='bbox 599 773 792 810; x_wconf 82' lang='lat' dir='ltr'><strong>voluntas.</strong></span> <span class='ocrx_word' id='word_1_107' title='bbox 848 775 1024 811; x_wconf 84' lang='lat' dir='ltr'><strong>Persius:</strong></span> <span class='ocrx_word' id='word_1_108' title='bbox 1054 775 1152 811; x_wconf 75' lang='lat' dir='ltr'><strong>velle</strong></span> <span class='ocrx_word' id='word_1_109' title='bbox 1177 788 1294 812; x_wconf 76' lang='lat' dir='ltr'><strong>suum</strong></span> <span class='ocrx_word' id='word_1_110' title='bbox 1322 776 1463 826; x_wconf 78' lang='lat' dir='ltr'><strong>cuique</strong></span> <span class='ocrx_word' id='word_1_111' title='bbox 1489 781 1546 811; x_wconf 74' lang='lat' dir='ltr'><strong>eet</strong></span> <span class='ocrx_word' id='word_1_112' title='bbox 1555 802 1572 820; x_wconf 82' lang='lat'><em>,</em></span> <span class='ocrx_word' id='word_1_113' title='bbox 1618 787 1672 811; x_wconf 70' lang='lat' dir='ltr'><strong>ne«</strong></span> <span class='ocrx_word' id='word_1_114' title='bbox 1698 809 1702 820; x_wconf 43' lang='lat'><strong>⁴</strong></span> 
     </span>
     <span class='ocr_line' id='line_1_13' title="bbox 262 827 1702 878; baseline 0.003 -16"><span class='ocrx_word' id='word_1_115' title='bbox 262 832 349 863; x_wconf 76' lang='lat' dir='ltr'><strong>voto</strong></span> <span class='ocrx_word' id='word_1_116' title='bbox 369 827 516 863; x_wconf 74' lang='lat' dir='ltr'><strong>vivitur</strong></span> <span class='ocrx_word' id='word_1_117' title='bbox 533 840 623 865; x_wconf 88' lang='lat' dir='ltr'><strong>uno</strong></span> <span class='ocrx_word' id='word_1_118' title='bbox 684 828 803 865; x_wconf 86' lang='lat' dir='ltr'>Silius</span> <span class='ocrx_word' id='word_1_119' title='bbox 820 830 868 868; x_wconf 86' lang='lat'><strong>8:</strong></span> <span class='ocrx_word' id='word_1_120' title='bbox 893 829 993 865; x_wconf 73' lang='lat' dir='ltr'><strong>velle</strong></span> <span class='ocrx_word' id='word_1_121' title='bbox 1013 843 1062 865; x_wconf 88' lang='lat' dir='ltr'><strong>ac</strong></span> <span class='ocrx_word' id='word_1_122' title='bbox 1082 829 1187 866; x_wconf 85' lang='lat' dir='ltr'><strong>nolle</strong></span> <span class='ocrx_word' id='word_1_123' title='bbox 1202 829 1390 867; x_wconf 73' lang='lat' dir='ltr'><strong>ambobus</strong></span> <span class='ocrx_word' id='word_1_124' title='bbox 1407 830 1523 867; x_wconf 86' lang='lat' dir='ltr'><strong>idem.</strong></span> <span class='ocrx_word' id='word_1_125' title='bbox 1581 830 1672 867; x_wconf 81' lang='lat' dir='ltr'><strong>Mar·</strong></span> <span class='ocrx_word' id='word_1_126' title='bbox 1693 837 1702 878; x_wconf 48' lang='grc' dir='ltr'><strong><em>ᾗ</em></strong></span> 
     </span>
     <span class='ocr_line' id='line_1_14' title="bbox 264 882 1603 933; baseline 0.004 -16"><span class='ocrx_word' id='word_1_127' title='bbox 264 882 391 918; x_wconf 78' lang='lat' dir='ltr'><strong>tianus</strong></span> <span class='ocrx_word' id='word_1_128' title='bbox 412 883 591 932; x_wconf 86' lang='lat' dir='ltr'><strong>Capella.</strong></span> <span class='ocrx_word' id='word_1_129' title='bbox 621 895 768 932; x_wconf 76' lang='lat' dir='ltr'><strong>semper</strong></span> <span class='ocrx_word' id='word_1_130' title='bbox 783 882 835 919; x_wconf 86' lang='lat' dir='ltr'><strong>ab</strong></span> <span class='ocrx_word' id='word_1_131' title='bbox 854 885 962 920; x_wconf 88' lang='lat' dir='ltr'><strong>omni</strong></span> <span class='ocrx_word' id='word_1_132' title='bbox 975 884 1074 920; x_wconf 71' lang='lat' dir='ltr'><strong>velle</strong></span> <span class='ocrx_word' id='word_1_133' title='bbox 1094 885 1204 933; x_wconf 74' lang='lat' dir='ltr'><strong>cupis</strong></span> <span class='ocrx_word' id='word_1_134' title='bbox 1223 886 1383 921; x_wconf 73' lang='lat' dir='ltr'><strong>socium.</strong></span> <span class='ocrx_word' id='word_1_135' title='bbox 1439 887 1603 922; x_wconf 48' lang='lat' dir='ltr'><strong>Brut-ru.</strong></span> 
     </span>
    </p>
   </div>
   <div class='ocr_carea' id='block_1_3' title="bbox 262 935 1702 1042">
    <p class='ocr_par' dir='ltr' id='par_1_5' title="bbox 262 935 1702 1042">
     <span class='ocr_line' id='line_1_15' title="bbox 371 935 1702 988; baseline 0.003 -16"><span class='ocrx_word' id='word_1_136' title='bbox 371 935 424 973; x_wconf 87' lang='lat' dir='ltr'><strong>ib.</strong></span> <span class='ocrx_word' id='word_1_137' title='bbox 478 950 593 986; x_wconf 73' lang='lat' dir='ltr'><strong>posse</strong></span> <span class='ocrx_word' id='word_1_138' title='bbox 619 944 849 987; x_wconf 86' lang='lat' dir='ltr'><strong>potestatem</strong></span> <span class='ocrx_word' id='word_1_139' title='bbox 879 944 1002 974; x_wconf 87' lang='lat' dir='ltr'><strong>sonat.</strong></span> <span class='ocrx_word' id='word_1_140' title='bbox 1059 939 1278 976; x_wconf 79' lang='lat' dir='ltr'><strong>Ausonius:</strong></span> <span class='ocrx_word' id='word_1_141' title='bbox 1317 937 1411 975; x_wconf 84' lang='lat' dir='ltr'><strong>bene</strong></span> <span class='ocrx_word' id='word_1_142' title='bbox 1431 951 1546 988; x_wconf 70' lang='lat' dir='ltr'><strong>posse</strong></span> <span class='ocrx_word' id='word_1_143' title='bbox 1568 939 1702 980; x_wconf 49' lang='lat' dir='ltr'><strong>adsim</strong></span> 
     </span>
     <span class='ocr_line' id='line_1_16' title="bbox 262 991 896 1042; baseline 0.002 -15"><span class='ocrx_word' id='word_1_144' title='bbox 262 991 479 1042; x_wconf 83' lang='lat' dir='ltr'><strong>tranquilla</strong></span> <span class='ocrx_word' id='word_1_145' title='bbox 492 998 675 1041; x_wconf 76' lang='lat' dir='ltr'><strong>potestas.</strong></span> <span class='ocrx_word' id='word_1_146' title='bbox 733 994 896 1028; x_wconf 78' lang='lat' dir='ltr'><strong>BARTH.</strong></span> 
     </span>
    </p>
   </div>
   <div class='ocr_carea' id='block_1_4' title="bbox 261 1045 1702 2751">
    <p class='ocr_par' dir='ltr' id='par_1_6' title="bbox 373 1045 1487 1097">
     <span class='ocr_line' id='line_1_17' title="bbox 373 1045 1487 1097; baseline 0.002 -15"><span class='ocrx_word' id='word_1_147' title='bbox 373 1045 427 1083; x_wconf 81' lang='lat' dir='ltr'><strong>ib.</strong></span> <span class='ocrx_word' id='word_1_148' title='bbox 486 1054 530 1082; x_wconf 86' lang='lat' dir='ltr'><strong>tu</strong></span> <span class='ocrx_word' id='word_1_149' title='bbox 547 1045 707 1083; x_wconf 70' lang='lat' dir='ltr'><strong>sublicis</strong></span> <span class='ocrx_word' id='word_1_150' title='bbox 722 1046 866 1097; x_wconf 76' lang='lat' dir='ltr'><strong>hostes]</strong></span> <span class='ocrx_word' id='word_1_151' title='bbox 897 1047 1035 1084; x_wconf 88' lang='lat' dir='ltr'><strong>sumsit</strong></span> <span class='ocrx_word' id='word_1_152' title='bbox 1054 1059 1106 1084; x_wconf 84' lang='lat' dir='ltr'><strong>ex</strong></span> <span class='ocrx_word' id='word_1_153' title='bbox 1126 1045 1309 1088; x_wconf 74' lang='lat' dir='ltr'><strong>Ps.1&#39;45</strong></span> <span class='ocrx_word' id='word_1_154' title='bbox 1365 1049 1487 1085; x_wconf 73' lang='grc' dir='ltr'><strong>Βιττ.</strong></span> 
     </span>
    </p>

    <p class='ocr_par' dir='ltr' id='par_1_7' title="bbox 263 1100 1699 1249">
     <span class='ocr_line' id='line_1_18' title="bbox 373 1100 1699 1153; baseline 0.002 -15"><span class='ocrx_word' id='word_1_155' title='bbox 373 1100 439 1142; x_wconf 82' lang='grc'><strong>40.</strong></span> <span class='ocrx_word' id='word_1_156' title='bbox 498 1115 550 1138; x_wconf 86' lang='lat' dir='ltr'><strong>ex</strong></span> <span class='ocrx_word' id='word_1_157' title='bbox 569 1102 638 1138; x_wconf 84' lang='lat' dir='ltr'><strong>illo</strong></span> <span class='ocrx_word' id='word_1_158' title='bbox 655 1100 882 1138; x_wconf 75' lang='lat' dir='ltr'><strong>Prudentij.</strong></span> <span class='ocrx_word' id='word_1_159' title='bbox 906 1102 1074 1153; x_wconf 79' lang='lat' dir='ltr'><strong>frangit</strong></span> <span class='ocrx_word' id='word_1_160' title='bbox 1094 1102 1189 1139; x_wconf 82' lang='lat' dir='ltr'><strong>deus</strong></span> <span class='ocrx_word' id='word_1_161' title='bbox 1206 1116 1319 1139; x_wconf 90' lang='lat' dir='ltr'><strong>omne</strong></span> <span class='ocrx_word' id='word_1_162' title='bbox 1335 1102 1556 1152; x_wconf 73' lang='lat' dir='ltr'><strong>superbum.</strong></span> <span class='ocrx_word' id='word_1_163' title='bbox 1615 1104 1699 1141; x_wconf 29' lang='lat' dir='ltr'><strong>Alb</strong></span> 
     </span>
     <span class='ocr_line' id='line_1_19' title="bbox 264 1151 1702 1209; baseline 0.003 -17"><span class='ocrx_word' id='word_1_164' title='bbox 264 1157 386 1193; x_wconf 89' lang='lat' dir='ltr'><strong>cimus</strong></span> <span class='ocrx_word' id='word_1_165' title='bbox 407 1155 454 1196; x_wconf 86' lang='lat'><strong>5:</strong></span> <span class='ocrx_word' id='word_1_166' title='bbox 490 1157 517 1191; x_wconf 70' lang='lat' dir='ltr'><strong>it</strong></span> <span class='ocrx_word' id='word_1_167' title='bbox 519 1151 672 1192; x_wconf 80' lang='lat' dir='ltr'><strong>ridente</strong></span> <span class='ocrx_word' id='word_1_168' title='bbox 689 1157 775 1202; x_wconf 80' lang='lat' dir='ltr'><strong>deo,</strong></span> <span class='ocrx_word' id='word_1_169' title='bbox 818 1158 888 1207; x_wconf 84' lang='lat' dir='ltr'><strong>qui</strong></span> <span class='ocrx_word' id='word_1_170' title='bbox 907 1158 1069 1207; x_wconf 77' lang='lat' dir='ltr'><strong>despicit</strong></span> <span class='ocrx_word' id='word_1_171' title='bbox 1086 1170 1237 1194; x_wconf 87' lang='lat' dir='ltr'><strong>omnem</strong></span> <span class='ocrx_word' id='word_1_172' title='bbox 1259 1165 1442 1194; x_wconf 85' lang='lat' dir='ltr'><strong>conatum</strong></span> <span class='ocrx_word' id='word_1_173' title='bbox 1462 1158 1590 1209; x_wconf 81' lang='lat' dir='ltr'><strong>rigido</strong></span> <span class='ocrx_word' id='word_1_174' title='bbox 1614 1159 1702 1196; x_wconf 72' lang='lat' dir='ltr'><strong>mi-</strong></span> 
     </span>
     <span class='ocr_line' id='line_1_20' title="bbox 263 1213 969 1249; baseline 0.003 -2"><span class='ocrx_word' id='word_1_175' title='bbox 263 1213 450 1247; x_wconf 79' lang='lat' dir='ltr'><strong>nitantem</strong></span> <span class='ocrx_word' id='word_1_176' title='bbox 468 1224 574 1247; x_wconf 73' lang='lat' dir='ltr'><strong>vana</strong></span> <span class='ocrx_word' id='word_1_177' title='bbox 590 1218 748 1248; x_wconf 88' lang='lat' dir='ltr'><strong>tumore.</strong></span> <span class='ocrx_word' id='word_1_178' title='bbox 806 1213 969 1249; x_wconf 72' lang='lat' dir='ltr'><strong>BAn’rn.</strong></span> 
     </span>
    </p>

    <p class='ocr_par' dir='ltr' id='par_1_8' title="bbox 263 1263 1702 2034">
     <span class='ocr_line' id='line_1_21' title="bbox 371 1263 1673 1319; baseline 0.003 -18"><span class='ocrx_word' id='word_1_179' title='bbox 371 1263 439 1305; x_wconf 83' lang='lat'><strong>43.</strong></span> <span class='ocrx_word' id='word_1_180' title='bbox 469 1267 510 1302; x_wconf 90' lang='lat' dir='ltr'><strong>in</strong></span> <span class='ocrx_word' id='word_1_181' title='bbox 524 1279 584 1303; x_wconf 89' lang='lat' dir='ltr'><strong>ms</strong></span> <span class='ocrx_word' id='word_1_182' title='bbox 599 1267 800 1316; x_wconf 87' lang='lat' dir='ltr'><strong>legebatur</strong></span> <span class='ocrx_word' id='word_1_183' title='bbox 813 1269 1021 1318; x_wconf 78' lang='lat' dir='ltr'><strong>genitoque</strong></span> <span class='ocrx_word' id='word_1_184' title='bbox 1031 1268 1244 1317; x_wconf 75' lang='lat' dir='ltr'><strong>precantis.</strong></span> <span class='ocrx_word' id='word_1_185' title='bbox 1259 1268 1380 1305; x_wconf 82' lang='lat' dir='ltr'><strong>Rmz.</strong></span> <span class='ocrx_word' id='word_1_186' title='bbox 1402 1268 1673 1319; x_wconf 71' lang='lat' dir='ltr'><strong>concipiebant</strong></span> 
     </span>
     <span class='ocr_line' id='line_1_22' title="bbox 263 1321 1702 1373; baseline 0.003 -17"><span class='ocrx_word' id='word_1_187' title='bbox 263 1321 304 1356; x_wconf 87' lang='lat' dir='ltr'><strong>in</strong></span> <span class='ocrx_word' id='word_1_188' title='bbox 325 1321 447 1357; x_wconf 85' lang='lat' dir='ltr'><strong>veteri</strong></span> <span class='ocrx_word' id='word_1_189' title='bbox 466 1322 683 1371; x_wconf 83' lang='lat' dir='ltr'><strong>exemplari</strong></span> <span class='ocrx_word' id='word_1_190' title='bbox 699 1323 923 1373; x_wconf 80' lang='lat' dir='ltr'><strong>genitoque,</strong></span> <span class='ocrx_word' id='word_1_191' title='bbox 953 1321 1024 1360; x_wconf 89' lang='lat' dir='ltr'><strong>sed</strong></span> <span class='ocrx_word' id='word_1_192' title='bbox 1041 1323 1145 1359; x_wconf 84' lang='lat' dir='ltr'><strong>male</strong></span> <span class='ocrx_word' id='word_1_193' title='bbox 1163 1335 1251 1359; x_wconf 91' lang='lat' dir='ltr'><strong>meo</strong></span> <span class='ocrx_word' id='word_1_194' title='bbox 1273 1321 1439 1360; x_wconf 78' lang='lat' dir='ltr'><strong>iudicio:</strong></span> <span class='ocrx_word' id='word_1_195' title='bbox 1467 1335 1560 1360; x_wconf 80' lang='lat' dir='ltr'><strong>nam</strong></span> <span class='ocrx_word' id='word_1_196' title='bbox 1575 1323 1674 1360; x_wconf 84' lang='lat' dir='ltr'><strong>trini·</strong></span> <span class='ocrx_word' id='word_1_197' title='bbox 1694 1334 1702 1351; x_wconf 64' lang='lat'><em>⁴</em></span> 
     </span>
     <span class='ocr_line' id='line_1_23' title="bbox 263 1377 1702 1429; baseline 0.002 -18"><span class='ocrx_word' id='word_1_198' title='bbox 263 1382 385 1412; x_wconf 87' lang='lat' dir='ltr'><strong>tatem</strong></span> <span class='ocrx_word' id='word_1_199' title='bbox 401 1377 579 1426; x_wconf 83' lang='lat' dir='ltr'><strong>precibus</strong></span> <span class='ocrx_word' id='word_1_200' title='bbox 596 1378 733 1414; x_wconf 83' lang='lat' dir='ltr'><strong>Iustini</strong></span> <span class='ocrx_word' id='word_1_201' title='bbox 749 1379 932 1415; x_wconf 85' lang='lat' dir='ltr'><strong>annuisse</strong></span> <span class='ocrx_word' id='word_1_202' title='bbox 947 1378 1044 1415; x_wconf 84' lang='lat' dir='ltr'><strong>vult.</strong></span> <span class='ocrx_word' id='word_1_203' title='bbox 1099 1378 1199 1414; x_wconf 88' lang='lat' dir='ltr'><strong>bene</strong></span> <span class='ocrx_word' id='word_1_204' title='bbox 1219 1389 1310 1427; x_wconf 86' lang='lat' dir='ltr'><strong>ergo</strong></span> <span class='ocrx_word' id='word_1_205' title='bbox 1321 1391 1469 1427; x_wconf 73' lang='lat' dir='ltr'><strong>parens</strong></span> <span class='ocrx_word' id='word_1_206' title='bbox 1482 1380 1638 1429; x_wconf 75' lang='lat' dir='ltr'><strong>genitm·</strong></span> <span class='ocrx_word' id='word_1_207' title='bbox 1655 1391 1674 1414; x_wconf 89' lang='lat' dir='ltr'><strong>e</strong></span> <span class='ocrx_word' id='word_1_208' title='bbox 1698 1391 1702 1394; x_wconf 94' lang='lat'>·</span> 
     </span>
     <span class='ocr_line' id='line_1_24' title="bbox 263 1431 1702 1486; baseline 0.003 -20"><span class='ocrx_word' id='word_1_209' title='bbox 263 1432 424 1480; x_wconf 74' lang='lat' dir='ltr'><strong>spiritus</strong></span> <span class='ocrx_word' id='word_1_210' title='bbox 445 1439 620 1477; x_wconf 78' lang='lat' dir='ltr'><strong>sanctus,</strong></span> <span class='ocrx_word' id='word_1_211' title='bbox 649 1433 697 1470; x_wconf 92' lang='lat' dir='ltr'><strong>ob</strong></span> <span class='ocrx_word' id='word_1_212' title='bbox 713 1434 966 1483; x_wconf 76' lang='lat' dir='ltr'><strong>pelagianam</strong></span> <span class='ocrx_word' id='word_1_213' title='bbox 982 1431 1196 1480; x_wconf 88' lang='lat' dir='ltr'><strong>haeresim,</strong></span> <span class='ocrx_word' id='word_1_214' title='bbox 1227 1445 1326 1484; x_wconf 86' lang='lat' dir='ltr'><strong>quae</strong></span> <span class='ocrx_word' id='word_1_215' title='bbox 1351 1439 1482 1470; x_wconf 86' lang='lat' dir='ltr'><strong>contra</strong></span> <span class='ocrx_word' id='word_1_216' title='bbox 1505 1434 1702 1486; x_wconf 50' lang='lat' dir='ltr'><strong>maiestas-f</strong></span> 
     </span>
     <span class='ocr_line' id='line_1_25' title="bbox 263 1489 1675 1538; baseline 0.002 -17"><span class='ocrx_word' id='word_1_217' title='bbox 263 1493 345 1522; x_wconf 88' lang='lat' dir='ltr'><strong>tem</strong></span> <span class='ocrx_word' id='word_1_218' title='bbox 382 1494 646 1524; x_wconf 84' lang='lat' dir='ltr'><strong>sacrosanctae</strong></span> <span class='ocrx_word' id='word_1_219' title='bbox 680 1489 863 1525; x_wconf 85' lang='lat' dir='ltr'><strong>trinitatis</strong></span> <span class='ocrx_word' id='word_1_220' title='bbox 903 1495 1121 1525; x_wconf 85' lang='lat' dir='ltr'><strong>commenta</strong></span> <span class='ocrx_word' id='word_1_221' title='bbox 1157 1489 1279 1538; x_wconf 85' lang='lat' dir='ltr'><strong>impia</strong></span> <span class='ocrx_word' id='word_1_222' title='bbox 1309 1494 1403 1525; x_wconf 83' lang='lat' dir='ltr'><strong>tunc</strong></span> <span class='ocrx_word' id='word_1_223' title='bbox 1438 1490 1675 1538; x_wconf 79' lang='lat' dir='ltr'><strong>excogitarat</strong></span> 
     </span>
     <span class='ocr_line' id='line_1_26' title="bbox 264 1541 1675 1594; baseline 0 -17"><span class='ocrx_word' id='word_1_224' title='bbox 264 1542 448 1579; x_wconf 68' lang='lat' dir='ltr'><strong>Dum-ST.</strong></span> <span class='ocrx_word' id='word_1_225' title='bbox 504 1555 640 1580; x_wconf 86' lang='lat' dir='ltr'><strong>verum</strong></span> <span class='ocrx_word' id='word_1_226' title='bbox 670 1549 728 1580; x_wconf 89' lang='lat' dir='ltr'><strong>est</strong></span> <span class='ocrx_word' id='word_1_227' title='bbox 752 1542 857 1594; x_wconf 90' lang='lat' dir='ltr'><strong>quod</strong></span> <span class='ocrx_word' id='word_1_228' title='bbox 886 1550 925 1580; x_wconf 90' lang='lat' dir='ltr'><strong>et</strong></span> <span class='ocrx_word' id='word_1_229' title='bbox 947 1545 1199 1594; x_wconf 87' lang='lat' dir='ltr'><strong>Dempsterus</strong></span> <span class='ocrx_word' id='word_1_230' title='bbox 1225 1541 1341 1590; x_wconf 82' lang='lat' dir='ltr'><strong>vidit,</strong></span> <span class='ocrx_word' id='word_1_231' title='bbox 1379 1543 1593 1580; x_wconf 81' lang='lat' dir='ltr'><strong>trinitatem</strong></span> <span class='ocrx_word' id='word_1_232' title='bbox 1625 1541 1675 1579; x_wconf 73' lang='lat' dir='ltr'><strong>hi·</strong></span> 
     </span>
     <span class='ocr_line' id='line_1_27' title="bbox 265 1595 1675 1649; baseline 0.002 -17"><span class='ocrx_word' id='word_1_233' title='bbox 265 1598 498 1646; x_wconf 83' lang='lat' dir='ltr'><strong>percenseri.</strong></span> <span class='ocrx_word' id='word_1_234' title='bbox 550 1599 709 1648; x_wconf 77' lang='lat' dir='ltr'><strong>genitus</strong></span> <span class='ocrx_word' id='word_1_235' title='bbox 730 1600 835 1635; x_wconf 89' lang='lat' dir='ltr'><strong>enim</strong></span> <span class='ocrx_word' id='word_1_236' title='bbox 853 1598 1002 1646; x_wconf 88' lang='lat' dir='ltr'><strong>filium,</strong></span> <span class='ocrx_word' id='word_1_237' title='bbox 1031 1605 1068 1635; x_wconf 90' lang='lat' dir='ltr'><strong>et</strong></span> <span class='ocrx_word' id='word_1_238' title='bbox 1087 1597 1247 1649; x_wconf 83' lang='lat' dir='ltr'><strong>quidem</strong></span> <span class='ocrx_word' id='word_1_239' title='bbox 1266 1595 1384 1644; x_wconf 73' lang='lat' dir='ltr'><strong>deum</strong></span> <span class='ocrx_word' id='word_1_240' title='bbox 1400 1597 1537 1645; x_wconf 83' lang='lat' dir='ltr'><strong>filium,</strong></span> <span class='ocrx_word' id='word_1_241' title='bbox 1563 1599 1675 1648; x_wconf 84' lang='lat' dir='ltr'><strong>signi·</strong></span> 
     </span>
     <span class='ocr_line' id='line_1_28' title="bbox 266 1651 1699 1704; baseline 0.001 -16"><span class='ocrx_word' id='word_1_242' title='bbox 266 1652 366 1688; x_wconf 89' lang='lat' dir='ltr'><strong>ficat.</strong></span> <span class='ocrx_word' id='word_1_243' title='bbox 403 1653 459 1689; x_wconf 87' lang='lat' dir='ltr'><strong>sic</strong></span> <span class='ocrx_word' id='word_1_244' title='bbox 478 1653 581 1689; x_wconf 80' lang='lat' dir='ltr'><strong>infra</strong></span> <span class='ocrx_word' id='word_1_245' title='bbox 602 1654 679 1692; x_wconf 86' lang='lat'><strong>61:</strong></span> <span class='ocrx_word' id='word_1_246' title='bbox 709 1667 804 1704; x_wconf 78' lang='lat' dir='ltr'><strong>quos</strong></span> <span class='ocrx_word' id='word_1_247' title='bbox 821 1652 909 1698; x_wconf 85' lang='lat' dir='ltr'><strong>tibi,</strong></span> <span class='ocrx_word' id='word_1_248' title='bbox 938 1667 1034 1703; x_wconf 84' lang='lat' dir='ltr'><strong>quos</strong></span> <span class='ocrx_word' id='word_1_249' title='bbox 1049 1654 1180 1704; x_wconf 79' lang='lat' dir='ltr'><strong>genito</strong></span> <span class='ocrx_word' id='word_1_250' title='bbox 1203 1652 1342 1703; x_wconf 80' lang='lat' dir='ltr'><strong>digno-s</strong></span> <span class='ocrx_word' id='word_1_251' title='bbox 1359 1651 1550 1689; x_wconf 70' lang='lat' dir='ltr'><strong>solvemus</strong></span> <span class='ocrx_word' id='word_1_252' title='bbox 1568 1653 1676 1690; x_wconf 78' lang='lat' dir='ltr'><strong>hono·</strong></span> <span class='ocrx_word' id='word_1_253' title='bbox 1698 1675 1699 1678; x_wconf 65' lang='lat'><em>=</em></span> 
     </span>
     <span class='ocr_line' id='line_1_29' title="bbox 266 1707 1676 1758; baseline 0.001 -16"><span class='ocrx_word' id='word_1_254' title='bbox 266 1720 324 1743; x_wconf 80' lang='lat' dir='ltr'><strong>res</strong></span> <span class='ocrx_word' id='word_1_255' title='bbox 338 1721 411 1756; x_wconf 84' lang='lat' dir='ltr'><strong>pro</strong></span> <span class='ocrx_word' id='word_1_256' title='bbox 430 1710 566 1753; x_wconf 76' lang='lat' dir='ltr'><strong>tantis,</strong></span> <span class='ocrx_word' id='word_1_257' title='bbox 590 1707 787 1745; x_wconf 81' lang='lat' dir='ltr'><strong>benedicta</strong></span> <span class='ocrx_word' id='word_1_258' title='bbox 790 1736 806 1754; x_wconf 88' lang='lat'><em>,</em></span> <span class='ocrx_word' id='word_1_259' title='bbox 837 1707 975 1745; x_wconf 74' lang='lat' dir='ltr'><strong>bonis?</strong></span> <span class='ocrx_word' id='word_1_260' title='bbox 1029 1707 1287 1746; x_wconf 87' lang='lat' dir='ltr'><strong>Prudentius.</strong></span> <span class='ocrx_word' id='word_1_261' title='bbox 1310 1720 1385 1756; x_wconf 81' lang='lat' dir='ltr'><strong>per</strong></span> <span class='ocrx_word' id='word_1_262' title='bbox 1405 1707 1599 1744; x_wconf 73' lang='lat' dir='ltr'><strong>Christum</strong></span> <span class='ocrx_word' id='word_1_263' title='bbox 1618 1721 1676 1758; x_wconf 80' lang='lat' dir='ltr'><strong>ge-</strong></span> 
     </span>
     <span class='ocr_line' id='line_1_30' title="bbox 265 1762 1702 1813; baseline 0.002 -16"><span class='ocrx_word' id='word_1_264' title='bbox 265 1763 410 1807; x_wconf 83' lang='lat' dir='ltr'><strong>nitum,</strong></span> <span class='ocrx_word' id='word_1_265' title='bbox 438 1770 570 1799; x_wconf 76' lang='lat' dir='ltr'><strong>sancte</strong></span> <span class='ocrx_word' id='word_1_266' title='bbox 581 1771 716 1813; x_wconf 80' lang='lat' dir='ltr'><strong>pater,</strong></span> <span class='ocrx_word' id='word_1_267' title='bbox 745 1771 869 1801; x_wconf 85' lang='lat' dir='ltr'><strong>tuum.</strong></span> <span class='ocrx_word' id='word_1_268' title='bbox 929 1765 1165 1802; x_wconf 86' lang='lat' dir='ltr'><strong>Venantius:</strong></span> <span class='ocrx_word' id='word_1_269' title='bbox 1202 1762 1376 1799; x_wconf 77' lang='lat' dir='ltr'><strong>humano</strong></span> <span class='ocrx_word' id='word_1_270' title='bbox 1399 1764 1536 1813; x_wconf 80' lang='lat' dir='ltr'><strong>generi</strong></span> <span class='ocrx_word' id='word_1_271' title='bbox 1553 1765 1702 1813; x_wconf 61' lang='lat' dir='ltr'><strong>genui}</strong></span> 
     </span>
     <span class='ocr_line' id='line_1_31' title="bbox 266 1816 1702 1870; baseline 0.001 -17"><span class='ocrx_word' id='word_1_272' title='bbox 266 1830 362 1867; x_wconf 81' lang='lat' dir='ltr'><strong>quos</strong></span> <span class='ocrx_word' id='word_1_273' title='bbox 378 1819 498 1854; x_wconf 72' lang='lat' dir='ltr'><strong>Heva</strong></span> <span class='ocrx_word' id='word_1_274' title='bbox 511 1819 675 1864; x_wconf 72' lang='lat' dir='ltr'><strong>dolores,</strong></span> <span class='ocrx_word' id='word_1_275' title='bbox 696 1821 849 1856; x_wconf 77' lang='lat' dir='ltr'><strong>curavit</strong></span> <span class='ocrx_word' id='word_1_276' title='bbox 863 1820 1038 1870; x_wconf 78' lang='lat' dir='ltr'><strong>genitus,</strong></span> <span class='ocrx_word' id='word_1_277' title='bbox 1057 1820 1167 1869; x_wconf 74' lang='lat' dir='ltr'><strong>virgo</strong></span> <span class='ocrx_word' id='word_1_278' title='bbox 1185 1819 1340 1862; x_wconf 85' lang='lat' dir='ltr'><strong>Maria,</strong></span> <span class='ocrx_word' id='word_1_279' title='bbox 1360 1816 1702 1869; x_wconf 63' lang='lat' dir='ltr'><strong>tuu8.hy1nnu:·-</strong></span> 
     </span>
     <span class='ocr_line' id='line_1_32' title="bbox 264 1874 1702 1924; baseline 0.002 -16"><span class='ocrx_word' id='word_1_280' title='bbox 264 1879 373 1909; x_wconf 80' lang='lat' dir='ltr'><strong>vetus</strong></span> <span class='ocrx_word' id='word_1_281' title='bbox 392 1874 433 1908; x_wconf 88' lang='grc'><strong>111</strong></span> <span class='ocrx_word' id='word_1_282' title='bbox 450 1875 650 1911; x_wconf 88' lang='lat' dir='ltr'><strong>Zenonem</strong></span> <span class='ocrx_word' id='word_1_283' title='bbox 666 1876 952 1912; x_wconf 83' lang='lat' dir='ltr'><strong>Veronensem:</strong></span> <span class='ocrx_word' id='word_1_284' title='bbox 978 1875 1152 1924; x_wconf 78' lang='lat' dir='ltr'><strong>gloriam</strong></span> <span class='ocrx_word' id='word_1_285' title='bbox 1172 1874 1287 1922; x_wconf 80' lang='lat' dir='ltr'><strong>patri</strong></span> <span class='ocrx_word' id='word_1_286' title='bbox 1307 1885 1524 1910; x_wconf 71' lang='lat' dir='ltr'><strong>resonemus</strong></span> <span class='ocrx_word' id='word_1_287' title='bbox 1543 1886 1672 1910; x_wconf 71' lang='lat' dir='ltr'><strong>omnes</strong></span> <span class='ocrx_word' id='word_1_288' title='bbox 1695 1901 1702 1911; x_wconf 93' lang='lat'><strong>.</strong></span> 
     </span>
     <span class='ocr_line' id='line_1_33' title="bbox 264 1926 1675 1981; baseline 0.003 -19"><span class='ocrx_word' id='word_1_289' title='bbox 264 1934 298 1963; x_wconf 89' lang='lat' dir='ltr'><strong>et</strong></span> <span class='ocrx_word' id='word_1_290' title='bbox 314 1926 386 1963; x_wconf 83' lang='lat' dir='ltr'><strong>tibi</strong></span> <span class='ocrx_word' id='word_1_291' title='bbox 408 1928 575 1974; x_wconf 78' lang='lat' dir='ltr'><strong>Christo,</strong></span> <span class='ocrx_word' id='word_1_292' title='bbox 599 1931 731 1980; x_wconf 81' lang='lat' dir='ltr'><strong>genito</strong></span> <span class='ocrx_word' id='word_1_293' title='bbox 748 1931 923 1979; x_wconf 77' lang='lat' dir='ltr'><strong>superni,</strong></span> <span class='ocrx_word' id='word_1_294' title='bbox 943 1943 1032 1966; x_wconf 84' lang='lat' dir='ltr'><strong>cum</strong></span> <span class='ocrx_word' id='word_1_295' title='bbox 1051 1928 1192 1981; x_wconf 79' lang='lat' dir='ltr'><strong>quibus</strong></span> <span class='ocrx_word' id='word_1_296' title='bbox 1211 1933 1371 1965; x_wconf 75' lang='lat' dir='ltr'><strong>sanetus</strong></span> <span class='ocrx_word' id='word_1_297' title='bbox 1388 1927 1510 1966; x_wconf 75' lang='lat' dir='ltr'><strong>simul</strong></span> <span class='ocrx_word' id='word_1_298' title='bbox 1525 1935 1563 1964; x_wconf 88' lang='lat' dir='ltr'><strong>et</strong></span> <span class='ocrx_word' id='word_1_299' title='bbox 1582 1941 1675 1966; x_wconf 85' lang='lat' dir='ltr'><strong>crea-</strong></span> 
     </span>
     <span class='ocr_line' id='line_1_34' title="bbox 263 1985 1702 2034; baseline 0.003 -16"><span class='ocrx_word' id='word_1_300' title='bbox 263 1989 321 2019; x_wconf 89' lang='lat' dir='ltr'><strong>tor</strong></span> <span class='ocrx_word' id='word_1_301' title='bbox 338 1985 496 2033; x_wconf 74' lang='lat' dir='ltr'><strong>spiritus</strong></span> <span class='ocrx_word' id='word_1_302' title='bbox 515 1991 650 2021; x_wconf 79' lang='lat' dir='ltr'><strong>exstat.</strong></span> <span class='ocrx_word' id='word_1_303' title='bbox 710 1987 871 2022; x_wconf 75' lang='lat' dir='ltr'><strong>BARTH.</strong></span> <span class='ocrx_word' id='word_1_304' title='bbox 1700 2032 1702 2034; x_wconf 14' lang='lat' dir='ltr'>q</span> 
     </span>
    </p>

    <p class='ocr_par' dir='ltr' id='par_1_9' title="bbox 261 2038 1702 2594">
     <span class='ocr_line' id='line_1_35' title="bbox 372 2038 1702 2090; baseline 0.001 -16"><span class='ocrx_word' id='word_1_305' title='bbox 372 2038 426 2076; x_wconf 80' lang='lat' dir='ltr'><strong>ib.</strong></span> <span class='ocrx_word' id='word_1_306' title='bbox 467 2041 719 2090; x_wconf 85' lang='lat' dir='ltr'><strong>Dempsterus</strong></span> <span class='ocrx_word' id='word_1_307' title='bbox 738 2042 780 2077; x_wconf 91' lang='lat' dir='ltr'><strong>in</strong></span> <span class='ocrx_word' id='word_1_308' title='bbox 801 2040 922 2077; x_wconf 88' lang='lat' dir='ltr'><strong>veteri</strong></span> <span class='ocrx_word' id='word_1_309' title='bbox 940 2041 1157 2090; x_wconf 85' lang='lat' dir='ltr'><strong>exemplari</strong></span> <span class='ocrx_word' id='word_1_310' title='bbox 1174 2041 1255 2090; x_wconf 85' lang='lat' dir='ltr'><strong>legi</strong></span> <span class='ocrx_word' id='word_1_311' title='bbox 1274 2040 1392 2077; x_wconf 84' lang='lat' dir='ltr'><strong>refert</strong></span> <span class='ocrx_word' id='word_1_312' title='bbox 1409 2040 1554 2090; x_wconf 79' lang='lat' dir='ltr'><strong>genito.</strong></span> <span class='ocrx_word' id='word_1_313' title='bbox 1585 2051 1675 2090; x_wconf 82' lang='lat' dir='ltr'><strong>quo(</strong></span> <span class='ocrx_word' id='word_1_314' title='bbox 1693 2043 1702 2074; x_wconf 77' lang='grc' dir='ltr'>ἶ</span> 
     </span>
     <span class='ocr_line' id='line_1_36' title="bbox 262 2093 1702 2146; baseline -0.001 -16"><span class='ocrx_word' id='word_1_315' title='bbox 262 2107 330 2130; x_wconf 88' lang='lat' dir='ltr'><strong>cur</strong></span> <span class='ocrx_word' id='word_1_316' title='bbox 349 2093 447 2130; x_wconf 87' lang='lat' dir='ltr'><strong>adeo</strong></span> <span class='ocrx_word' id='word_1_317' title='bbox 471 2101 649 2144; x_wconf 88' lang='lat' dir='ltr'><strong>spernat,</strong></span> <span class='ocrx_word' id='word_1_318' title='bbox 678 2109 759 2132; x_wconf 86' lang='grc'><strong>11011</strong></span> <span class='ocrx_word' id='word_1_319' title='bbox 782 2095 921 2132; x_wconf 85' lang='lat' dir='ltr'><strong>video:</strong></span> <span class='ocrx_word' id='word_1_320' title='bbox 951 2095 1047 2146; x_wconf 91' lang='lat' dir='ltr'><strong>quid</strong></span> <span class='ocrx_word' id='word_1_321' title='bbox 1066 2097 1172 2132; x_wconf 88' lang='lat' dir='ltr'><strong>enim</strong></span> <span class='ocrx_word' id='word_1_322' title='bbox 1188 2097 1318 2132; x_wconf 86' lang='lat' dir='ltr'><strong>notius</strong></span> <span class='ocrx_word' id='word_1_323' title='bbox 1335 2096 1436 2132; x_wconf 85' lang='lat' dir='ltr'><strong>iuter</strong></span> <span class='ocrx_word' id='word_1_324' title='bbox 1454 2093 1676 2131; x_wconf 65' lang='lat' dir='ltr'><strong>Christianos</strong></span> <span class='ocrx_word' id='word_1_325' title='bbox 1699 2104 1702 2121; x_wconf 80' lang='lat'><strong><em>1</em></strong></span> 
     </span>
     <span class='ocr_line' id='line_1_37' title="bbox 264 2149 1702 2201; baseline 0.001 -17"><span class='ocrx_word' id='word_1_326' title='bbox 264 2149 312 2184; x_wconf 84' lang='lat' dir='ltr'><strong>ab</strong></span> <span class='ocrx_word' id='word_1_327' title='bbox 342 2150 450 2186; x_wconf 81' lang='lat' dir='ltr'><strong>omni</strong></span> <span class='ocrx_word' id='word_1_328' title='bbox 478 2163 573 2187; x_wconf 79' lang='lat' dir='ltr'><strong>aevo</strong></span> <span class='ocrx_word' id='word_1_329' title='bbox 601 2162 720 2201; x_wconf 88' lang='lat' dir='ltr'><strong>quam</strong></span> <span class='ocrx_word' id='word_1_330' title='bbox 745 2150 942 2188; x_wconf 80' lang='lat' dir='ltr'><strong>Christum</strong></span> <span class='ocrx_word' id='word_1_331' title='bbox 968 2152 1010 2187; x_wconf 90' lang='lat' dir='ltr'><strong>in</strong></span> <span class='ocrx_word' id='word_1_332' title='bbox 1039 2152 1155 2188; x_wconf 87' lang='lat' dir='ltr'><strong>caelis</strong></span> <span class='ocrx_word' id='word_1_333' title='bbox 1184 2149 1362 2187; x_wconf 85' lang='lat' dir='ltr'><strong>fidelium</strong></span> <span class='ocrx_word' id='word_1_334' title='bbox 1392 2162 1549 2187; x_wconf 81' lang='lat' dir='ltr'><strong>causam</strong></span> <span class='ocrx_word' id='word_1_335' title='bbox 1575 2161 1677 2199; x_wconf 69' lang='lat' dir='ltr'><strong>agere</strong></span> <span class='ocrx_word' id='word_1_336' title='bbox 1699 2166 1702 2167; x_wconf 44' lang='lat'><em>⁷</em></span> 
     </span>
     <span class='ocr_line' id='line_1_38' title="bbox 264 2203 1677 2256; baseline -0.001 -16"><span class='ocrx_word' id='word_1_337' title='bbox 264 2217 412 2254; x_wconf 89' lang='lat' dir='ltr'><strong>proque</strong></span> <span class='ocrx_word' id='word_1_338' title='bbox 441 2205 490 2242; x_wconf 87' lang='lat' dir='ltr'><strong>iis</strong></span> <span class='ocrx_word' id='word_1_339' title='bbox 520 2205 625 2255; x_wconf 88' lang='lat' dir='ltr'><strong>apud</strong></span> <span class='ocrx_word' id='word_1_340' title='bbox 651 2213 802 2256; x_wconf 85' lang='lat' dir='ltr'><strong>patrem</strong></span> <span class='ocrx_word' id='word_1_341' title='bbox 828 2219 943 2243; x_wconf 89' lang='lat' dir='ltr'><strong>suum</strong></span> <span class='ocrx_word' id='word_1_342' title='bbox 975 2207 1153 2256; x_wconf 86' lang='lat' dir='ltr'><strong>precibus</strong></span> <span class='ocrx_word' id='word_1_343' title='bbox 1179 2203 1448 2242; x_wconf 63' lang='lat' dir='ltr'><strong>intercedere?</strong></span> <span class='ocrx_word' id='word_1_344' title='bbox 1509 2205 1677 2254; x_wconf 67' lang='lat' dir='ltr'><strong>placuer«</strong></span> 
     </span>
     <span class='ocr_line' id='line_1_39' title="bbox 264 2258 1702 2312; baseline 0.001 -18"><span class='ocrx_word' id='word_1_345' title='bbox 264 2260 395 2310; x_wconf 86' lang='lat' dir='ltr'><strong>itaque</strong></span> <span class='ocrx_word' id='word_1_346' title='bbox 415 2273 548 2309; x_wconf 87' lang='lat' dir='ltr'><strong>preces</strong></span> <span class='ocrx_word' id='word_1_347' title='bbox 570 2262 708 2297; x_wconf 88' lang='lat' dir='ltr'><strong>Iustiui</strong></span> <span class='ocrx_word' id='word_1_348' title='bbox 729 2260 801 2299; x_wconf 91' lang='lat' dir='ltr'><strong>deo</strong></span> <span class='ocrx_word' id='word_1_349' title='bbox 819 2262 941 2312; x_wconf 80' lang='lat' dir='ltr'><strong>patri3</strong></span> <span class='ocrx_word' id='word_1_350' title='bbox 984 2267 1022 2298; x_wconf 92' lang='lat' dir='ltr'><strong>et</strong></span> <span class='ocrx_word' id='word_1_351' title='bbox 1041 2261 1120 2298; x_wconf 83' lang='lat' dir='ltr'><strong>filio</strong></span> <span class='ocrx_word' id='word_1_352' title='bbox 1138 2274 1209 2311; x_wconf 90' lang='lat' dir='ltr'><strong>pro</strong></span> <span class='ocrx_word' id='word_1_353' title='bbox 1229 2274 1274 2298; x_wconf 90' lang='lat' dir='ltr'><strong>eo</strong></span> <span class='ocrx_word' id='word_1_354' title='bbox 1297 2259 1520 2311; x_wconf 80' lang='lat' dir='ltr'><strong>deprecanti</strong></span> <span class='ocrx_word' id='word_1_355' title='bbox 1539 2258 1677 2296; x_wconf 81' lang='lat' dir='ltr'><strong>adnuit</strong></span> <span class='ocrx_word' id='word_1_356' title='bbox 1696 2289 1702 2292; x_wconf 91' lang='grc'>.</span> 
     </span>
     <span class='ocr_line' id='line_1_40' title="bbox 264 2313 1702 2366; baseline 0 -16"><span class='ocrx_word' id='word_1_357' title='bbox 264 2314 363 2350; x_wconf 88' lang='lat' dir='ltr'><strong>forte</strong></span> <span class='ocrx_word' id='word_1_358' title='bbox 384 2321 421 2350; x_wconf 89' lang='lat' dir='ltr'><strong>et</strong></span> <span class='ocrx_word' id='word_1_359' title='bbox 440 2316 495 2351; x_wconf 87' lang='lat' dir='ltr'><strong>sic</strong></span> <span class='ocrx_word' id='word_1_360' title='bbox 515 2316 595 2366; x_wconf 80' lang='lat' dir='ltr'><strong>legi</strong></span> <span class='ocrx_word' id='word_1_361' title='bbox 616 2323 769 2365; x_wconf 83' lang='lat' dir='ltr'><strong>posset:</strong></span> <span class='ocrx_word' id='word_1_362' title='bbox 805 2317 993 2366; x_wconf 82' lang='lat' dir='ltr'><strong>placuere</strong></span> <span class='ocrx_word' id='word_1_363' title='bbox 1016 2317 1176 2365; x_wconf 85' lang='lat' dir='ltr'><strong>parenti</strong></span> <span class='ocrx_word' id='word_1_364' title='bbox 1204 2317 1351 2352; x_wconf 70' lang='lat' dir='ltr'><strong>orantis</strong></span> <span class='ocrx_word' id='word_1_365' title='bbox 1367 2315 1443 2364; x_wconf 85' lang='lat' dir='ltr'><strong>pia</strong></span> <span class='ocrx_word' id='word_1_366' title='bbox 1469 2313 1587 2350; x_wconf 77' lang='lat' dir='ltr'><strong>verba</strong></span> <span class='ocrx_word' id='word_1_367' title='bbox 1614 2314 1674 2350; x_wconf 74' lang='lat' dir='ltr'><strong>vir</strong></span> <span class='ocrx_word' id='word_1_368' title='bbox 1698 2314 1702 2320; x_wconf 83' lang='lat'>&#39;</span> 
     </span>
     <span class='ocr_line' id='line_1_41' title="bbox 261 2367 1677 2422; baseline 0 -17"><span class='ocrx_word' id='word_1_369' title='bbox 261 2370 504 2419; x_wconf 76' lang='lat' dir='ltr'><strong>gemitusque</strong></span> <span class='ocrx_word' id='word_1_370' title='bbox 510 2385 527 2416; x_wconf 89' lang='lat'><em>;</em></span> <span class='ocrx_word' id='word_1_371' title='bbox 567 2373 751 2420; x_wconf 79' lang='lat' dir='ltr'><strong>precanti</strong></span> <span class='ocrx_word' id='word_1_372' title='bbox 775 2372 929 2408; x_wconf 79' lang='lat' dir='ltr'><strong>adnuit.</strong></span> <span class='ocrx_word' id='word_1_373' title='bbox 988 2384 1115 2422; x_wconf 90' lang='lat' dir='ltr'><strong>neque</strong></span> <span class='ocrx_word' id='word_1_374' title='bbox 1144 2372 1249 2408; x_wconf 82' lang='lat' dir='ltr'><strong>enim</strong></span> <span class='ocrx_word' id='word_1_375' title='bbox 1273 2369 1505 2416; x_wconf 79' lang='lat' dir='ltr'><strong>Christiani,</strong></span> <span class='ocrx_word' id='word_1_376' title='bbox 1547 2369 1615 2406; x_wconf 82' lang='lat' dir='ltr'><strong>ubi</strong></span> <span class='ocrx_word' id='word_1_377' title='bbox 1641 2367 1677 2405; x_wconf 64' lang='lat' dir='ltr'><strong>dn</strong></span> 
     </span>
     <span class='ocr_line' id='line_1_42' title="bbox 266 2424 1677 2478; baseline 0 -18"><span class='ocrx_word' id='word_1_378' title='bbox 266 2424 407 2462; x_wconf 81' lang='lat' dir='ltr'><strong>divinis</strong></span> <span class='ocrx_word' id='word_1_379' title='bbox 426 2428 602 2474; x_wconf 88' lang='lat' dir='ltr'><strong>personis</strong></span> <span class='ocrx_word' id='word_1_380' title='bbox 621 2427 846 2478; x_wconf 89' lang='lat' dir='ltr'><strong>loquuntur,</strong></span> <span class='ocrx_word' id='word_1_381' title='bbox 875 2427 994 2463; x_wconf 86' lang='lat' dir='ltr'><strong>trium</strong></span> <span class='ocrx_word' id='word_1_382' title='bbox 1010 2439 1164 2476; x_wconf 87' lang='lat' dir='ltr'><strong>semper</strong></span> <span class='ocrx_word' id='word_1_383' title='bbox 1179 2426 1420 2462; x_wconf 84' lang='lat' dir='ltr'><strong>mentionem</strong></span> <span class='ocrx_word' id='word_1_384' title='bbox 1434 2424 1595 2471; x_wconf 84' lang='lat' dir='ltr'><strong>faciunt,</strong></span> <span class='ocrx_word' id='word_1_385' title='bbox 1619 2436 1677 2460; x_wconf 78' lang='lat' dir='ltr'><strong>set</strong></span> 
     </span>
     <span class='ocr_line' id='line_1_43' title="bbox 263 2479 1672 2532; baseline 0 -16"><span class='ocrx_word' id='word_1_386' title='bbox 263 2481 327 2516; x_wconf 76' lang='lat' dir='ltr'><strong>vel</strong></span> <span class='ocrx_word' id='word_1_387' title='bbox 352 2481 471 2530; x_wconf 83' lang='lat' dir='ltr'><strong>patris</strong></span> <span class='ocrx_word' id='word_1_388' title='bbox 502 2487 540 2516; x_wconf 90' lang='lat' dir='ltr'><strong>et</strong></span> <span class='ocrx_word' id='word_1_389' title='bbox 564 2480 656 2528; x_wconf 87' lang='lat' dir='ltr'><strong>filii,</strong></span> <span class='ocrx_word' id='word_1_390' title='bbox 693 2482 756 2518; x_wconf 85' lang='lat' dir='ltr'><strong>vel</strong></span> <span class='ocrx_word' id='word_1_391' title='bbox 785 2482 942 2532; x_wconf 84' lang='lat' dir='ltr'><strong>spiritus</strong></span> <span class='ocrx_word' id='word_1_392' title='bbox 972 2494 1017 2518; x_wconf 88' lang='lat' dir='ltr'><strong>ac</strong></span> <span class='ocrx_word' id='word_1_393' title='bbox 1039 2482 1182 2531; x_wconf 80' lang='lat' dir='ltr'><strong>patris,</strong></span> <span class='ocrx_word' id='word_1_394' title='bbox 1228 2486 1294 2516; x_wconf 83' lang='lat' dir='ltr'><strong>aut</strong></span> <span class='ocrx_word' id='word_1_395' title='bbox 1330 2479 1401 2516; x_wconf 82' lang='lat' dir='ltr'><strong>filii</strong></span> <span class='ocrx_word' id='word_1_396' title='bbox 1436 2479 1672 2530; x_wconf 82' lang='lat' dir='ltr'><strong>spiritusque</strong></span> 
     </span>
     <span class='ocr_line' id='line_1_44' title="bbox 263 2536 1612 2594; baseline -0.001 -20"><span class='ocrx_word' id='word_1_397' title='bbox 263 2536 420 2574; x_wconf 75' lang='lat' dir='ltr'><strong>VoncK.</strong></span> <span class='ocrx_word' id='word_1_398' title='bbox 1583 2570 1612 2594; x_wconf 50' lang='grc' dir='ltr'><strong><em>ο</em></strong></span> 
     </span>
    </p>

    <p class='ocr_par' dir='ltr' id='par_1_10' title="bbox 263 2587 1678 2751">
     <span class='ocr_line' id='line_1_45' title="bbox 372 2587 1673 2641; baseline -0.002 -15"><span class='ocrx_word' id='word_1_399' title='bbox 372 2589 440 2631; x_wconf 82' lang='lat'><strong>44.</strong></span> <span class='ocrx_word' id='word_1_400' title='bbox 497 2588 592 2640; x_wconf 89' lang='lat' dir='ltr'><strong>quid</strong></span> <span class='ocrx_word' id='word_1_401' title='bbox 623 2597 679 2626; x_wconf 90' lang='lat' dir='ltr'><strong>est</strong></span> <span class='ocrx_word' id='word_1_402' title='bbox 713 2589 814 2626; x_wconf 86' lang='lat' dir='ltr'><strong>illud</strong></span> <span class='ocrx_word' id='word_1_403' title='bbox 848 2590 1059 2641; x_wconf 79' lang='lat' dir='ltr'><strong>regnator?</strong></span> <span class='ocrx_word' id='word_1_404' title='bbox 1110 2602 1155 2626; x_wconf 87' lang='lat' dir='ltr'><strong>ea</strong></span> <span class='ocrx_word' id='word_1_405' title='bbox 1180 2602 1261 2626; x_wconf 80' lang='lat' dir='ltr'><strong>vox</strong></span> <span class='ocrx_word' id='word_1_406' title='bbox 1288 2587 1476 2626; x_wconf 82' lang='lat' dir='ltr'><strong>mendosa</strong></span> <span class='ocrx_word' id='word_1_407' title='bbox 1508 2601 1597 2625; x_wconf 87' lang='lat' dir='ltr'><strong>cum</strong></span> <span class='ocrx_word' id='word_1_408' title='bbox 1625 2588 1673 2624; x_wconf 77' lang='lat' dir='ltr'><strong>sit</strong></span> 
     </span>
     <span class='ocr_line' id='line_1_46' title="bbox 263 2643 1678 2694; baseline -0.002 -12"><span class='ocrx_word' id='word_1_409' title='bbox 263 2646 395 2682; x_wconf 86' lang='lat' dir='ltr'><strong>omnia</strong></span> <span class='ocrx_word' id='word_1_410' title='bbox 410 2647 577 2683; x_wconf 85' lang='lat' dir='ltr'><strong>intricat.</strong></span> <span class='ocrx_word' id='word_1_411' title='bbox 634 2643 881 2682; x_wconf 83' lang='lat' dir='ltr'><strong>scribendum</strong></span> <span class='ocrx_word' id='word_1_412' title='bbox 907 2658 984 2682; x_wconf 87' lang='lat' dir='ltr'><strong>una</strong></span> <span class='ocrx_word' id='word_1_413' title='bbox 1003 2646 1131 2682; x_wconf 83' lang='lat' dir='ltr'><strong>littera</strong></span> <span class='ocrx_word' id='word_1_414' title='bbox 1149 2645 1279 2681; x_wconf 75' lang='lat' dir='ltr'><strong>minus</strong></span> <span class='ocrx_word' id='word_1_415' title='bbox 1295 2650 1469 2694; x_wconf 76' lang='lat' dir='ltr'><strong>regnato.</strong></span> <span class='ocrx_word' id='word_1_416' title='bbox 1527 2656 1601 2680; x_wconf 74' lang='lat' dir='ltr'><strong>vox</strong></span> <span class='ocrx_word' id='word_1_417' title='bbox 1619 2643 1678 2678; x_wconf 64' lang='lat' dir='ltr'><strong>ille</strong></span> 
     </span>
     <span class='ocr_line' id='line_1_47' title="bbox 264 2698 1678 2751; baseline -0.003 -14"><span class='ocrx_word' id='word_1_418' title='bbox 264 2715 415 2739; x_wconf 81' lang='lat' dir='ltr'><strong>areana</strong></span> <span class='ocrx_word' id='word_1_419' title='bbox 434 2699 498 2737; x_wconf 84' lang='lat' dir='ltr'><strong>dei</strong></span> <span class='ocrx_word' id='word_1_420' title='bbox 515 2713 560 2738; x_wconf 79' lang='lat' dir='ltr'><strong>ea</strong></span> <span class='ocrx_word' id='word_1_421' title='bbox 580 2707 639 2739; x_wconf 88' lang='lat' dir='ltr'><strong>est</strong></span> <span class='ocrx_word' id='word_1_422' title='bbox 665 2713 783 2751; x_wconf 85' lang='lat' dir='ltr'><strong>quam</strong></span> <span class='ocrx_word' id='word_1_423' title='bbox 798 2713 895 2739; x_wconf 78' lang='lat' dir='ltr'><strong>mox</strong></span> <span class='ocrx_word' id='word_1_424' title='bbox 916 2699 1022 2739; x_wconf 84' lang='lat' dir='ltr'><strong>dicit.</strong></span> <span class='ocrx_word' id='word_1_425' title='bbox 1078 2706 1233 2738; x_wconf 83' lang='lat' dir='ltr'><strong>sanctus</strong></span> <span class='ocrx_word' id='word_1_426' title='bbox 1261 2700 1419 2751; x_wconf 76' lang='lat' dir='ltr'><strong>spiritus</strong></span> <span class='ocrx_word' id='word_1_427' title='bbox 1443 2698 1591 2750; x_wconf 86' lang='lat' dir='ltr'><strong>inquit,</strong></span> <span class='ocrx_word' id='word_1_428' title='bbox 1627 2709 1678 2733; x_wconf 83' lang='lat' dir='ltr'><strong>re-</strong></span> 
     </span>
    </p>
   </div>
  </div>
 </body>
</html>
