1702 3060
388 81 448 124 IN
480 80 832 125 IOHANNIDOS
865 79 930 125 IV
962 81 1163 125 NOTAE.
1408 82 1504 128 261

163 189 259 235 495.
315 191 424 245 Virg.
439 191 547 231 Aen.
573 195 625 235 10
646 195 751 235 869:
782 206 871 230 aere
890 199 1012 243 caput
1017 191 1192 244 fulgens
1209 191 1405 243 cristaque
1420 192 1504 230 hir—

48 255 166 296 optus
193 249 353 301 equina.
414 255 454 287 et
486 252 537 291 12
563 248 749 292 492-3.
791 250 946 300 apicem
974 256 1105 286 tamen
1145 249 1269 286 incita
1306 262 1504 287 summum.

49 304 169 344 kasta
188 305 282 343 tulit
298 319 550 357 summasque
566 307 732 344 excussit
748 307 891 344 vertice
907 306 1058 343 cristas.

161 361 260 404 496.
317 375 356 404 v.
376 375 494 414 supra
513 360 565 399 ad
583 365 610 404 2
632 365 724 404 131.

160 418 257 460 497.
317 419 426 470 Virg.
446 418 555 456 Aen.
580 420 605 458 9
623 418 731 461 305:
761 419 915 469 vagina
933 424 1097 469 aptarat
1115 416 1278 455 eburna.

161 474 257 517 498.
320 474 439 513 dubia
468 482 528 513 est
556 476 748 526 scriptura
777 474 946 523 codicis,
993 474 1165 511 ubitam
1186 476 1368 512 vinxerat
1387 489 1506 528 quam

49 533 234 570 itm-verat
250 532 333 583 legi
347 538 490 583 potest.
551 544 622 582 pro
643 532 824 569 vinxerat
839 538 975 568 tamen
994 531 1127 582 aliquo
1141 529 1261 568 modo
1283 532 1378 568 facit
1391 534 1500 584 Virg.

48 587 158 626 Aen.
183 588 206 628 1
226 586 303 629 341
319 600 331 626 z
352 601 634 639 purpureoque
655 587 735 624 alte
758 601 873 625 suras
893 588 1043 625 vincire
1062 586 1251 624 cothurno
1263 615 1277 632 ,
1308 595 1347 624 et
1365 589 1455 625 ΕΟΖ.
1479 593 1505 630 7

46 641 151 688 322‘
158 645 330 695 puniceo
356 644 482 681 stabis
510 658 627 681 suras
650 645 805 682 evincta
831 644 1034 682 cothurno.
1096 646 1198 681 Item
1213 643 1322 682 Aen.
1346 646 1372 686 8
1392 645 1503 687 624:

43 699 149 739 leves·
164 714 297 739 ocreas
316 700 454 738 electro
471 714 650 752 auroque
669 708 831 738 recocto.

156 757 253 800 499.
312 759 422 808 Virg.
442 757 550 794 Aen.
578 758 629 798 11
653 758 735 799 488
753 765 792 795 et
814 759 867 799 12
887 756 991 799 430:
1022 770 1137 794 suras
1154 756 1370 795 incluserat
1387 772 1500 795 auro.

33 812 184 852 mand.
208 813 258 851 de
274 821 396 864 raptu
416 815 600 864 Proserp.
626 816 653 855 2
671 813 749 856 94:
789 813 985 851 Parthica
1017 826 1119 864 quae
1149 815 1271 850 tantis
1294 816 1504 851 variantur

31 870 210 922 cingula
236 872 417 922 gemmis.
481 870 639 922 cingula
672 877 806 908 autem
836 871 1071 923 praesertim
1102 870 1291 908 militaria
1322 870 1421 908 fiunt
1450 885 1503 909 ex

43 939 164 966 cono.

155 982 253 1027 505.
312 985 422 1034 Virg.
445 981 552 1020 Aen.
575 985 602 1024 2
622 981 727 1024 511:
758 983 898 1020 densos
904 983 1044 1034 firtur
1062 983 1276 1020 moriturus
1297 984 1340 1020 in
1357 983 1498 1021 hostes.

156 1040 251 1082 506.
310 1041 418 1091 Virg.
442 1039 550 1077 Aen.
573 1039 601 1081 4
623 1042 786 1081 42—3:
818 1039 974 1089 lateque
985 1039 1172 1090 fiorentes
1191 1039 1378 1076 Barcaei.
1410 1048 1503 1078 sunt

42 1097 73 1134 ii
90 1096 228 1147 populi
249 1096 409 1133 Africae
438 1109 460 1131 a
481 1097 615 1132 Barce
643 1094 788 1146 oppido
817 1094 1084 1143 denominati,
1128 1101 1173 1132 ut
1201 1097 1256 1133 ait
1276 1096 1438 1134 Servius
1460 1098 1502 1134 in

42 1151 215 1191 eundem
238 1164 397 1190 versum
423 1151 601 1202 Virgilii,
657 1150 766 1202 quod.
794 1164 817 1188 a
847 1152 1131 1189 recentioribus
1159 1151 1299 1190 Barca
1326 1160 1501 1201 vocatur,

41 1209 140 1247 olim
164 1208 398 1259 metropolis
429 1209 543 1258 regni
568 1206 748 1244 eiusdem
778 1208 967 1245 nominis.
1029 1219 1053 1243 a
1082 1207 1182 1244 Silio
1210 1210 1363 1246 iuvenis
1390 1209 1503 1246 Bar-

39 1278 158 1304 caeus
173 1272 336 1304 vocatur
351 1264 548 1312 Ann'ibal,
578 1262 650 1301 sed
670 1264 805 1301 forsan
824 1265 956 1314 potius
975 1276 997 1300 a
1016 1263 1172 1300 familia
1193 1262 1362 1301 Barcha
1380 1277 1502 1316 quam

38 1335 63 1360 a
80 1322 220 1374 patria.
281 1319 358 1359 hoc
385 1327 519 1358 autem
544 1321 623 1358 loci
653 1319 760 1372 apud
784 1320 1000 1372 Corippum
1019 1319 1229 1356 Barcaeus
1256 1328 1314 1359 est
1334 1320 1501 1360 adiecti-

38 1391 134 1418 vum
157 1392 180 1416 a
194 1380 318 1416 Barce
338 1376 573 1415 derivatum.

149 1435 245 1476 507.
312 1434 491 1485 Senator]
523 1432 601 1470 hoc
629 1445 777 1470 nomen
805 1438 863 1470 est
895 1433 1100 1484 proprium
1124 1445 1272 1470 nomen
1294 1434 1388 1483 viri,
1419 1448 1500 1473 non

32 1491 159 1534 ,officii
181 1497 247 1528 aut
265 1488 469 1541 dignitatis
485 1502 495 1527 :
524 1491 602 1527 fuit
624 1491 732 1526 enim
752 1490 871 1526 etlam
889 1489 1199 1527 Mediolanensis
1224 1491 1431 1542 episcopus
1450 1493 1493 1530 S.

35 1548 206 1586 Senator
229 1547 280 1584 ab
309 1560 413 1584 anno
441 1546 525 1589 472
554 1544 606 1583 ad
633 1545 739 1595 475,
780 1544 829 1583 de
858 1559 937 1598 quo
960 1544 1052 1584 vide
1075 1545 1273 1584 Oltrocchi
1294 1547 1497 1586 Ecclesiae

36 1603 352 1642 Mediolanensis
379 1603 587 1640 historiam
611 1603 865 1653 Ligusticum
890 1616 931 1654 p.
961 1604 1016 1643 92
1042 1609 1081 1640 et
1107 1615 1191 1655 seq.
1224 1604 1323 1640 item
1351 1606 1430 1647 132
1458 1613 1497 1643 et

35 1673 149 1713 seqq.
211 1659 389 1698 eiusdem
407 1661 603 1707 nominis,
644 1659 846 1696 Senatoris
869 1672 1014 1710 nempe
1028 1688 1038 1707 ‚
1080 1660 1248 1696 occurrit
1271 1660 1370 1698 alter
1392 1661 1497 1698 San-

36 1725 121 1755 ctus
143 1718 187 1754 in
206 1715 496 1768 Martyrologio
518 1717 703 1753 Romano
726 1716 798 1752 sub
825 1714 888 1752 die
907 1718 960 1758 26
982 1716 1227 1766 Septembris
1241 1745 1251 1764 ‚
1281 1717 1350 1753 ubi
1369 1718 1495 1756 Baro-

33 1775 126 1812 nius
145 1774 187 1810 in
204 1779 298 1810 nota
316 1774 392 1810 ait:
427 1773 522 1824 suit
539 1780 674 1809 autem
698 1772 892 1818 Senator,
930 1773 988 1808 ita
1006 1772 1135 1810 dictus
1146 1801 1161 1818 ,
1192 1774 1357 1810 intimus
1379 1773 1494 1812 homo

38 1830 85 1868 S.
113 1830 307 1868 Germani
320 1830 494 1880 episcopi
506 1828 845 1866 Antisiodorensis
854 1856 871 1874 ,
902 1828 951 1866 de
972 1842 1049 1879 quo
1071 1829 1325 1867 Constantius
1345 1831 1389 1867 in
1410 1833 1494 1868 vita

30 1886 146 1924 illius
164 1889 192 1928 2
211 1888 251 1927 6.
300 1886 395 1938 suit
414 1893 452 1922 et
470 1885 577 1923 alius
597 1885 770 1922 eiusdem
790 1886 963 1923 nominis
974 1885 1185 1923 Romanus
1203 1885 1413 1939 (debuerat
1431 1887 1496 1925 di-

31 1956 121 1982 cere
138 1942 470 1993 Mediolanensis)
482 1942 714 1993 presbyter,
758 1943 829 1993 qui
837 1941 1014 1993 functus
1035 1950 1093 1979 est
1111 1942 1307 1994 legatione
1328 1957 1419 1981 cum
1446 1945 1492 1982 S.

30 1999 226 2038 Abundto
245 2013 296 2038 ac
312 2000 426 2036 sociis
450 1999 605 2049 Cpolim
623 1999 754 2036 missis
771 2012 798 2035 a
824 2000 868 2036 S.
893 1999 1027 2036 Leone
1035 2013 1171 2050 papa,
1201 2007 1247 2037 ut
1265 2008 1433 2051 apparet
1450 2015 1495 2038 ex

20 2058 157 2108 ‘ipsius
187 2055 352 2108 epistola
380 2058 433 2097 33
445 2070 462 2103 ;
505 2057 675 2107 itemque
709 2055 966 2093 Cassiodorus
995 2056 1126 2094 dictus
1156 2063 1213 2093 est
1240 2064 1494 2107 cognomento

34 2113 216 2152 Senator.
252 2112 388 2163 [immo
406 2114 564 2164 proprio
581 2114 758 2151 nomine.
791 2125 831 2150 v.
856 2111 1056 2150 Sinnond.
1082 2111 1133 2150 ad
1154 2111 1292 2150 Sidon.
1316 2126 1358 2164 p.
1375 2113 1435 2165 4.]

142 2170 238 2212 508.
298 2170 409 2219 Virg.
434 2167 542 2206 Aen.
569 2172 618 2211 11
644 2171 750 2211 678:
784 2175 821 2204 et
840 2183 916 2219 quo
936 2176 1099 2207 venator
1115 2169 1268 2222 Iapyge
1279 2169 1431 2220 fertur.

139 2226 239 2268 509.
298 2227 471 2276 stipante
488 2232 647 2263 caterva
663 2227 774 2276 Virg.
801 2225 909 2262 Aen.
935 2226 958 2265 1
984 2227 1062 2268 501
1089 2232 1128 2263 et
1151 2225 1178 2266 4
1201 2228 1294 2268 136.

139 2283 237 2324 513.
296 2295 360 2320 ms
385 2283 632 2333 equiperans.
693 2283 751 2319 ita
782 2294 899 2319 suum
930 2294 1089 2334 quoque
1119 2280 1266 2320 habere
1299 2281 1488 2333 codicem,

27 2338 189 2378 Ruizius
207 2345 395 2387 testatur,
437 2338 490 2376 ad
507 2339 578 2375 lib.
603 2341 631 2379 2
656 2339 705 2377 de
722 2338 835 2375 laad.
862 2338 961 2375 Iust.
989 2352 1029 2376 v.
1049 2341 1127 2387 803
1169 2346 1208 2376 et
1233 2341 1374 2390 probat
1401 2354 1489 2378 eam

27 2396 222 2434 rationem
234 2394 520 2434 Rittershusius
541 2394 593 2432 ad
607 2408 647 2433 v.
667 2393 722 2435 74
743 2393 923 2432 eiusdem
940 2395 1046 2432 libri.
1078 2395 1265 2434 Barthius
1289 2399 1362 2435 etsi
1385 2396 1489 2434 nihil

29 2450 146 2490 dicat
155 2451 204 2490 de
221 2451 298 2490 hac
315 2450 619 2503 orthographia,
650 2458 825 2489 attamen
847 2451 981 2489 scribit
999 2450 1150 2490 ibidem
1169 2454 1418 2505 aequiperat,
1448 2461 1487 2491 et

29 2509 284 2559 aequiperata
305 2523 345 2560 p.
366 2511 449 2551 320
476 2508 583 2560 apud
604 2509 856 2560 Fogginium.

41 2598 45 2600 ,
79 2617 104 2662 5
141 2564 237 2608 516.
298 2565 508 2604 Iohannes.
570 2566 604 2604 is
626 2573 685 2604 est
704 2566 871 2603 fortasse
892 2565 963 2618 qui
984 2565 1183 2604 Iohannes
1199 2566 1312 2604 Felix
1327 2572 1487 2604 vocatur

141 2676 239 2718 517.
297 2678 406 2728 Virg.
429 2677 538 2715 Aen.
566 2681 592 2719 6
611 2679 717 2723 304:
749 2679 874 2717 cruda
892 2679 962 2716 deo
985 2679 1200 2730 viridisque
1218 2685 1404 2715 senectus.

142 2733 237 2775 520.
295 2734 462 2783 gemmis
479 2748 653 2786 auroque
680 2737 790 2787 Virg.
825 2736 930 2773 Aen.
966 2738 987 2775 1
1017 2736 1097 2778 659
1122 2743 1161 2773 et
1183 2738 1277 2777 732.
1340 2735 1436 2771 item
1458 2733 1484 2774 5
