1702 3060
233 99 326 146 134
666 137 669 143 .
832 98 1048 140 CORIPPI

339 206 496 259 agmina
515 211 650 244 cuncta
670 211 815 249 movet.
871 205 961 242 latis
980 203 1159 242 incedere
1181 204 1338 256 campis

344 281 383 311 et
398 275 487 310 forti
501 284 707 323 properare
726 269 816 308 duci
833 271 1053 308 veneranda
1071 280 1247 309 senectus

346 341 574 389 evigilanter
589 339 668 388 agit
685 338 861 388 populos.
920 340 1134 375 reverentia
1149 339 1246 375 tanti

344 406 473 455 pulsat
491 417 675 455 amorque
693 405 788 451 viri3
818 406 987 454 gravitas
1006 406 1235 456 seniumque
1256 404 1457 455 laborque·

238 470 320 513 205
347 471 542 522 verbaque
557 469 702 507 blanda
718 471 874 518 iuvant,
904 473 1032 508 tristes
1050 472 1260 508 mulcentia
1279 478 1443 507 mentes.

349 549 440 587 ergo
462 543 518 574 tot
532 538 727 587 impensas
750 538 901 586 genitor
918 543 1010 574 tunc
1030 539 1084 574 ire
1105 537 1282 585 iubebat,

350 609 389 640 et
412 604 534 640 socios
548 603 710 653 urgebat
729 615 867 652 agens,
894 604 1062 655 fortique
1080 605 1264 654 magistro
1283 637 1285 640 Α

353 671 558 706 consilium
576 676 705 719 gratus
723 670 852 706 senior
865 669 1074 707 mandabat
1095 672 1278 707 amicum.

351 748 424 772 nec
442 749 521 773 non
540 736 716 785 egregius
735 734 961 785 dispensans
980 738 1110 773 omnia
1127 739 1283 783 Petrus,

243 802 325 843 210
353 814 423 838 ceu
441 803 540 838 foret
559 802 627 838 ille
645 814 766 838 senex
779 829 789 849 ‚
818 814 961 851 magno
983 802 1165 838 mandata
1185 802 1336 852 parenti

353 869 454 904 ferre
470 869 578 905 iubet
597 870 741 906 celeres
757 869 974 919 iterumque
992 869 1134 905 referre
1156 869 1366 905 ministros.

358 947 477 986 quam
494 935 702 972 reverende
722 933 840 986 puer!
875 935 1026 986 Libyen
1046 948 1135 971 clun
1152 941 1260 985 patre
1278 934 1399 981 tueri,

359 1013 408 1037 an
427 1003 546 1051 patris
564 1004 688 1052 pietas
706 1003 880 1038 animum
896 1008 1028 1038 movet
1038 999 1058 1038 ’ἒ
1106 999 1180 1037 hoc
1197 1013 1288 1051 ego,
1318 996 1504 1051 quicquid

359 1079 443 1103 esse
461 1075 598 1117 putent
617 1067 793 1104 dicantve
805 1096 814 1114 ,
846 1073 967 1103 ratus:
998 1067 1175 1103 mirabile
1195 1069 1350 1117 signum
1367 1072 1448 1113 est,

250 1131 330 1174 215
358 1130 428 1169 has
447 1146 544 1183 puer
564 1141 607 1171 ut
624 1141 757 1171 tenero
777 1133 972 1170 discernas
991 1141 1143 1184 pectore
1163 1146 1286 1170 curas.

361 1199 441 1235 iam
461 1207 594 1250 gentes
612 1213 764 1237 rumore
783 1207 850 1237 tuo
869 1202 1119 1251 pavitumque
1135 1205 1402 1250 tremuntque,

364 1264 624 1318 deficiuntque
640 1274 761 1315 metu,
791 1267 932 1318 palmis
953 1267 1150 1317 oculisque
1170 1268 1351 1304 timorem

365 1331 496 1369 audito
517 1335 626 1383 parvi
643 1335 839 1384 signantes
859 1334 1015 1369 nomine
1032 1333 1151 1369 Petri.

420 1400 471 1435 At
488 1400 626 1435 famuli
645 1401 789 1450 pariter
806 1411 895 1435 cura
910 1401 1167 1448 praestantius
1190 1399 1297 1436 omni

257 1465 339 1504 220
366 1478 436 1515 pro
455 1465 568 1502 rebus
587 1478 807 1516 magnoque
828 1465 1004 1501 laborant
1255 1465 1463 1516 magistro,

367 1531 557 1580 pellentes
574 1530 709 1569 dubias
731 1533 837 1568 exire
859 1533 899 1568 in
919 1531 1064 1582 proelia
1082 1538 1255 1580 turma83

369 1596 648 1649 hortanturque
668 1600 769 1635 viros
782 1627 792 1646 ‚
821 1599 1055 1650 flectuntque
1069 1606 1304 1650 moventque
1323 1597 1514 1636 docendo.

369 1662 434 1700 hic
452 1678 565 1715 prece
582 1678 685 1701 nunc
702 1666 846 1713 socios,
879 1678 990 1716 asper
1005 1678 1108 1702 nunc
1127 1667 1299 1715 increpat
1317 1666 1408 1702 ille:

371 1730 453 1767 odit
473 1744 601 1768 amare
617 1744 743 1768 moras
764 1738 925 1782 angusto
948 1733 989 1768 in
1007 1739 1179 1782 tempore
1201 1733 1316 1768 cives.

263 1795 345 1838 225
374 1799 516 1848 quippe
540 1796 649 1834 dolor
667 1799 867 1849 pietasque
885 1799 1012 1835 virum
1031 1799 1240 1849 magnique
1258 1796 1441 1836 Iohannis

373 1865 502 1913 pulsat
521 1877 629 1901 amor
644 1871 808 1901 mentes.
864 1863 1015 1914 placido
1033 1864 1149 1900 modo
1166 1870 1319 1914 pectore
1340 1866 1469 1902 vultus

374 1937 522 1978 versat,
553 1937 590 1967 et
610 1931 787 1967 absentes
807 1931 946 1967 animis
967 1929 1151 1981 auditque
1169 1929 1352 1981 videtque

376 1997 583 2045 sollicitus,
616 1996 893 2048 dominumque
911 2003 1019 2047 rogat
1039 2010 1108 2047 pro
1128 1998 1284 2033 nomine
1305 1997 1403 2032 tanti

376 2076 524 2114 proque
543 2065 666 2101 salute
686 2063 806 2101 ducis.
863 2065 1010 2114 pavitat
1030 2076 1236 2114 secumque
1255 2063 1415 2110 volutat,

268 2129 348 2169 230
376 2136 491 2180 atque
512 2132 651 2168 animis
670 2137 752 2167 tam
773 2129 866 2166 dura
886 2137 1026 2180 putans
1046 2131 1110 2179 pia
1131 2128 1244 2165 corda
1267 2129 1418 2178 fatigat.

378 2208 454 2245 quo
471 2203 580 2246 pater
596 2198 662 2233 ille
679 2195 796 2234 modo
807 2226 816 2244 ‚
848 2209 923 2248 quo
941 2209 1044 2232 nunc
1062 2196 1286 2232 Recinarius
1302 2207 1392 2243 una,

379 2262 527 2298 scilicet
547 2264 706 2301 infando
728 2265 926 2301 tristantur
946 2269 1100 2313 pectora
1122 2275 1225 2298 casu.

381 2328 491 2365 ardet
506 2328 610 2366 adire
628 2332 732 2367 viam
744 2359 754 2378 ‚
793 2329 952 2366 dilectas
972 2342 1126 2366 cernere
1143 2335 1290 2364 turmas
1301 2356 1312 2376 ,

384 2396 513 2432 oscula
531 2397 595 2432 vel
617 2396 759 2446 plantis
777 2403 913 2447 optans
931 2395 1088 2433 libanda
1106 2395 1303 2445 magistri3

276 2533 343 2569 204
363 2545 454 2568 amor
473 2535 504 2568 T
568 2536 634 2570 206
656 2536 797 2581 impesas
816 2537 861 2579 T,
884 2547 1037 2580 proceres
1053 2536 1094 2568 M
1156 2537 1221 2569 208
1244 2533 1367 2567 amicus
1386 2533 1417 2566 T
1478 2533 1542 2567 211
1559 2531 1645 2564 forte
1665 2531 1698 2563 T

278 2581 345 2614 212
364 2580 502 2614 rei-ende
520 2581 551 2614 T
657 2582 723 2615 214
745 2586 855 2625 putem
870 2582 974 2614 dicam
990 2592 1031 2613 ue
1049 2582 1080 2613 T
1181 2581 1247 2613 216
1267 2579 1385 2612 timore
1404 2579 1436 2611 T
1535 2577 1599 2610 217
1625 2587 1694 2608 mo-

279 2637 348 2659 rem
379 2627 410 2659 '1'
576 2627 642 2661 220
678 2627 827 2660 laborant
855 2626 977 2670 quique
1011 2624 1165 2668 magistro
1196 2625 1236 2658 M
1397 2623 1464 2658 222
1500 2622 1634 2655 flettunt
1667 2621 1698 2654 Τ

278 2672 343 2706 225
367 2671 552 2716 quodppec.
