1702 3060
246 203 377 233 xxxvt
736 183 1174 229 MAZZUCCHELLII

243 299 426 350 prefatus
456 296 635 333 dominus
663 293 1007 344 Archiepiscopus.
1077 292 1285 342 Relinquit
1318 290 1500 328 Sacristie
1531 303 1626 340 supr
1658 291 1659 294 ’

250 366 391 414 scripte
420 363 572 398 ecclesie
604 360 723 397 libros
750 374 838 397 suos
864 361 907 396 in
932 359 1105 396 maxima
1127 372 1253 396 suma.
1319 357 1398 406 Qui
1411 356 1504 394 libri
1519 349 1667 407 repo-3⁶

251 436 341 466 sunt
374 429 416 463 in
445 426 610 464 libraria
635 428 758 477 ipsius
770 426 930 478 fabrice
955 427 1126 462 existenti
1151 427 1193 462 in
1218 437 1353 474 campo
1374 431 1506 460 sancto
1518 414 1672 474 prefat’

251 494 418 531 ecclesie.
478 494 534 529 Et
557 501 804 531 numerentur
824 493 992 544 Aluysio
1015 493 1062 529 de
1084 493 1125 528 la
1147 498 1270 528 strata
1296 504 1340 526 ex
1371 489 1580 527 ordinariis
1606 503 1625 524 s
1674 530 1675 534 Ἰ

246 561 479 611 prascriptis
502 559 622 597 libras
643 561 744 598 duas
761 559 888 596 soldos
909 566 990 595 octo
1011 558 1274 608 imperialium
1293 556 1361 594 lib.
1385 557 1446 594 IJ.
1469 569 1520 592 ss.
1548 555 1592 592 V
1584 555 1669 591 IIJ.

253 626 302 663 de
322 626 396 663 hac
413 626 650 664 bibliotheca
671 629 712 663 in
735 639 870 676 campo
894 632 1025 662 sancto
1046 639 1166 676 prope
1196 625 1389 675 templum
1410 624 1537 660 maius
1567 622 1687 674 εκεῖ-ὴ

252 695 369 731 stenti
395 694 513 729 aliam
531 695 763 730 memoriam
783 691 882 728 mihi
901 693 1091 742 praestitit
1116 690 1276 743 quidam
1296 691 1417 738 liber,
1446 691 1488 726 in
1509 701 1586 740 quo
1605 679 1686 742 de-Jl

252 762 415 809 scriptae
434 760 588 795 fuerant
609 759 882 795 conventiones
904 765 1118 795 contractus
1137 765 1174 794 et
1194 758 1292 793 aliae
1309 753 1536 793 huiusmodi
1551 746 1687 805 atino-{i

251 827 418 863 tationes
451 823 502 860 ad
528 826 657 875 ipsam
685 825 874 861 fabricam
898 827 1134 875 pertinentes
1159 825 1207 860 ab
1230 837 1332 860 anno
1356 821 1459 864 1428
1481 833 1604 872 usque
1627 817 1687 866 ad}

255 890 374 931 1439.
432 891 488 927 ibi
516 891 570 928 fo.
603 894 655 932 29
685 893 829 942 legitur
856 889 1049 942 quaedam
1080 891 1282 928 conventio
1315 890 1416 926 inter
1446 880 1689 938 magistrum'·

251 955 496 1006 Stephanum
512 953 734 991 Pandinum
752 960 790 990 et
802 959 1049 1002 negotiorum
1069 965 1239 1002 gestares
1259 955 1491 994 venerabilis
1507 954 1682 990 fabricae

244 1035 321 1073 pro
353 1035 434 1058 una
454 1021 635 1071 fenestra
664 1023 787 1059 vitrea
812 1019 860 1055 ab
887 1019 956 1055 illo
988 1018 1136 1068 fienda,
1166 1020 1235 1056 ubi
1261 1025 1363 1055 inter
1391 1021 1467 1058 alia
1488 1026 1601 1071 pacta
1620 1025 1680 1056 est

253 1091 372 1126 etiam
399 1101 567 1139 sequens
580 1117 590 1136 ‚
619 1099 785 1139 nempe:
817 1087 914 1123 Item
933 1093 1053 1136 pacto
1074 1094 1119 1123 ut
1131 1099 1252 1136 supra
1273 1084 1380 1136 quod
1394 1084 1521 1121 dictus
1537 1086 1684 1136 Magi:

251 1163 328 1193 ster
358 1154 558 1206 Steffauus
577 1156 706 1205 possit
730 1155 790 1190 uti
815 1167 969 1191 camera
996 1155 1069 1191 illa
1097 1168 1186 1191 cum
1200 1151 1377 1205 fiirnello
1397 1157 1433 1187 et
1450 1151 1686 1187 utensilibusa

252 1222 333 1258 illis
358 1222 400 1257 in
419 1235 464 1258 ea
482 1220 727 1258 existentibus
745 1234 818 1271 que
833 1228 926 1257 sunt
942 1221 1042 1258 dicte
1049 1221 1208 1273 fitbrice
1216 1248 1232 1266 ‚
1263 1233 1336 1270 que
1357 1232 1512 1256 camera
1528 1219 1605 1255 sita
1624 1223 1683 1254 est

252 1290 294 1325 in
329 1301 465 1338 campo
487 1284 625 1324 ’sancto
662 1289 785 1337 ipsius
801 1287 960 1338 fabrice
989 1303 1110 1339 supra
1148 1287 1354 1324 librariam
1383 1286 1484 1323 dicte
1501 1270 1690 1336 fabrice.⁴

250 1357 358 1406 prius
384 1362 517 1391 tamen
547 1355 587 1390 in
615 1355 700 1404 ipso
727 1355 874 1404 templo
902 1356 1041 1391 maiori
1068 1354 1246 1392 exstabat
1268 1351 1407 1390 eadem
1427 1349 1685 1399 bibliotheca,

249 1423 292 1458 in
324 1433 399 1471 qua
428 1421 588 1469 repositi
620 1420 796 1467 fuerant,
825 1420 1078 1469 probabiliter
1105 1422 1236 1458 statim
1263 1433 1307 1456 ac
1339 1419 1435 1456 obiit
1457 1419 1526 1455 ille
1545 1424 1679 1455 noster

251 1489 432 1534 antistes,
464 1484 615 1522 codices
645 1486 692 1522 ab
720 1499 765 1522 eo
791 1487 938 1534 relicti3
971 1488 1074 1523 inter
1093 1499 1190 1538 quos
1209 1486 1372 1523 sortasse
1392 1485 1678 1522 enumeraban-

249 1562 314 1591 tur
334 1555 452 1590 etiam
470 1565 551 1589 mss
571 1554 601 1588 Ι.
622 1553 668 1588 L.
691 1551 738 1588 de
757 1554 891 1590 Bonis.
959 1553 1143 1604 equidem
1158 1551 1200 1589 id
1216 1551 1316 1590 mihi
1337 1558 1485 1589 constat
1505 1564 1558 1588 ex
1575 1551 1676 1588 libro

248 1633 310 1658 ms
342 1621 405 1656 cui
432 1619 567 1656 titulus
598 1625 681 1655 est:
723 1620 781 1655 M
781 1598 926 1656 CCC&
946 1621 1111 1656 secundo
1133 1618 1256 1655 Liber
1280 1624 1455 1667 copertus
1477 1616 1592 1654 rubro
1604 1616 1678 1667 Je-

247 1693 510 1723 ramentorum
529 1698 611 1720 cere
627 1691 742 1734 atque
761 1685 997 1722 diversorum
1015 1685 1239 1722 utensilium
1254 1685 1511 1734 spectantium
1518 1682 1679 1733 fabrice

248 1752 582 1804 quamplurimum
610 1752 826 1788 venerande
846 1753 1110 1803 Immenseque
1136 1752 1290 1789 ecclesie
1319 1751 1486 1801 virginis
1509 1749 1677 1800 gloriose

249 1822 313 1858 dei
322 1822 524 1872 genitricis
543 1821 694 1858 domine
711 1823 870 1859 maioris
880 1823 1102 1860 ,Mediolani
1112 1822 1229 1859 Anni
1240 1821 1413 1872 predicti
1430 1820 1488 1860 M
1487 1798 1682 1857 CCCE'IJ

248 1890 425 1925 incoatus
444 1901 517 1938 per
545 1888 729 1925 Teoldum
751 1889 798 1926 cle
821 1889 974 1925 scaldia
995 1890 1075 1926 eius
1096 1894 1316 1939 sumptuOse
1321 1886 1482 1939 fabrice
1500 1887 1677 1923 rationa-

249 1962 368 1991 torem
394 1967 420 1990 a
449 1961 559 1991 carta
587 1969 750 2006 quorum
771 1956 1104 2006 ferramentorum
1133 1970 1214 1993 cere
1241 1963 1278 1992 et
1305 1953 1528 1992 utensilium
1549 1953 1678 1989 existit

247 2021 548 2058 admenistralor
576 2022 806 2070 caneparius
835 2029 952 2072 atqu-e
972 2022 1214 2073 gubernator
1238 2021 1458 2072 Alegrinus
1485 2020 1532 2057 de
1552 2019 1675 2070 gala-

246 2095 331 2124 rate
339 2087 498 2138 fabrice
510 2087 667 2137 prefate
686 2087 846 2135 ositialis
864 2095 908 2124 ut
927 2089 1043 2138 Infra
1061 2089 1235 2125 ordinate
1253 2095 1290 2124 et
1305 2087 1426 2124 latius
1441 2087 1669 2124 continetur.

246 2153 323 2191 hoc
352 2160 482 2190 autem
506 2155 547 2190 in
572 2155 672 2191 libro
699 2155 754 2192 fo.
774 2157 851 2196 323
878 2154 976 2192 haec
990 2156 1192 2206 leguntur:
1222 2155 1420 2205 Magister
1437 2151 1675 2189 Arexmolus

245 2221 294 2258 de
311 2221 445 2257 sirturi
460 2221 710 2271 Inzegnerius
729 2227 765 2257 et
781 2222 977 2272 [Magister
992 2237 1017 2258 a
1036 2223 1252 2272 lignamine
1270 2228 1342 2258 etc.
1372 2218 1482 2257 debet
1494 2219 1589 2256 dare
1595 2231 1673 2268 pro

247 2287 365 2324 corda
396 2300 478 2323 una
509 2289 649 2337 canepi
675 2302 702 2324 a
728 2288 877 2325 rodella
895 2289 1017 2325 eidem
1040 2290 1135 2326 data
1159 2295 1203 2325 ut
1224 2301 1345 2337 supra
1366 2287 1429 2323 die
1451 2285 1669 2324 XXVIII.

245 2353 468 2404 septembris
474 2367 551 2403 pro
567 2355 788 2404 opperandc
805 2356 932 2405 ipsam
940 2370 1018 2406 pro
1036 2370 1173 2406 oppere
1193 2356 1340 2392 cas-sine
1357 2353 1538 2390 alziande
1551 2353 1594 2389 in
1610 2365 1673 2388 ec—

244 2421 364 2458 clesia
388 2421 572 2472 predicta
601 2420 652 2457 ab
683 2421 810 2458 altare
837 2423 978 2459 Maius
1000 2436 1121 2473 usque
1140 2422 1198 2459 ad
1210 2421 1354 2458 sullam
1372 2419 1531 2457 librarie
1544 2419 1674 2469 posite

240 2490 287 2526 in
308 2490 414 2527 dicta
434 2488 596 2526 ecclesia
616 2489 663 2525 cle
691 2501 823 2525 versus
848 2502 1039 2539 arengum
1059 2491 1118 2526 uti
1135 2490 1349 2525 continetur
1366 2493 1439 2523 etc.
1495 2486 1672 2536 quinimo

242 2555 442 2607 quondam
467 2569 561 2606 prae
589 2555 770 2593 manibus
803 2554 924 2592 habui
957 2556 1103 2591 librum
1126 2553 1421 2604 pontificalem,
1448 2559 1492 2589 ut
1516 2558 1670 2600 vocant,

243 2623 398 2660 saeculo
418 2622 467 2663 14
489 2629 713 2671 exaratum,
747 2622 814 2674 qui
833 2634 978 2658 nomen
997 2634 1089 2672 prae
1115 2634 1156 2658 se
1176 2620 1326 2658 ferebat
1346 2631 1464 2670 supra
1485 2616 1578 2655 dicti
1596 2630 1669 2654 an-

242 2690 374 2727 tistitis
389 2691 511 2727 nostri
527 2691 690 2728 Antonii
709 2688 757 2726 de
774 2689 936 2726 Salutiis
952 2689 1010 2724 uti
1027 2688 1274 2738 possessoris,
1305 2687 1450 2738 quique
1467 2691 1669 2738 praeterea.

240 2753 342 2793 hanc
362 2757 481 2794 allam
498 2763 634 2796 notam
651 2754 842 2795 habebat:
877 2755 977 2793 Sum
994 2754 1167 2792 Ecclesie
1186 2752 1504 2791 Mediolanensis.
1563 2751 1667 2790 anti-
