<?xml version="1.0" encoding="UTF-8"?>
<!DOCTYPE html PUBLIC "-//W3C//DTD XHTML 1.0 Transitional//EN"
    "http://www.w3.org/TR/xhtml1/DTD/xhtml1-transitional.dtd">
<html xmlns="http://www.w3.org/1999/xhtml" xml:lang="en" lang="en">
 <head>
  <title>
</title>
<meta http-equiv="Content-Type" content="text/html;charset=utf-8" />
  <meta name='ocr-system' content='tesseract 3.04.00' />
  <meta name='ocr-capabilities' content='ocr_page ocr_carea ocr_par ocr_line ocrx_word'/>
</head>
<body>
  <div class='ocr_page' id='page_1' title='image "./corpusscriptorum35niebuoft_0018.png"; bbox 0 0 1702 3060; ppageno 0'>
   <div class='ocr_carea' id='block_1_1' title="bbox 203 133 1065 177">
    <p class='ocr_par' dir='ltr' id='par_1_1' title="bbox 203 133 1065 177">
     <span class='ocr_line' id='line_1_1' title="bbox 203 133 1065 177; baseline -0.001 -1"><span class='ocrx_word' id='word_1_1' title='bbox 203 147 286 177; x_wconf 84' lang='lat' dir='ltr'>vm</span> <span class='ocrx_word' id='word_1_2' title='bbox 779 133 1065 177; x_wconf 85' lang='lat' dir='ltr'>NIEBUHRJI</span> 
     </span>
    </p>
   </div>
   <div class='ocr_carea' id='block_1_2' title="bbox 92 240 1659 2761">
    <p class='ocr_par' dir='ltr' id='par_1_2' title="bbox 206 240 1632 422">
     <span class='ocr_line' id='line_1_2' title="bbox 207 240 1631 292; baseline 0.001 -14"><span class='ocrx_word' id='word_1_3' title='bbox 207 243 316 279; x_wconf 78' lang='lat' dir='ltr'>mina</span> <span class='ocrx_word' id='word_1_4' title='bbox 343 241 490 292; x_wconf 84' lang='lat' dir='ltr'>pellere</span> <span class='ocrx_word' id='word_1_5' title='bbox 527 240 630 278; x_wconf 86' lang='lat' dir='ltr'>dicat</span> <span class='ocrx_word' id='word_1_6' title='bbox 643 270 653 289; x_wconf 98' lang='lat'>,</span> <span class='ocrx_word' id='word_1_7' title='bbox 695 255 786 279; x_wconf 88' lang='lat' dir='ltr'>eum</span> <span class='ocrx_word' id='word_1_8' title='bbox 819 240 1251 279; x_wconf 87' lang='lat' dir='ltr'>consubstantiationem</span> <span class='ocrx_word' id='word_1_9' title='bbox 1279 240 1448 292; x_wconf 79' lang='lat' dir='ltr'>aliquam</span> <span class='ocrx_word' id='word_1_10' title='bbox 1479 240 1631 280; x_wconf 85' lang='lat' dir='ltr'>divinae</span> 
     </span>
     <span class='ocr_line' id='line_1_3' title="bbox 208 306 1632 359; baseline 0.001 -14"><span class='ocrx_word' id='word_1_11' title='bbox 208 309 396 345; x_wconf 85' lang='lat' dir='ltr'>essentiae</span> <span class='ocrx_word' id='word_1_12' title='bbox 416 321 503 345; x_wconf 89' lang='lat' dir='ltr'>cum</span> <span class='ocrx_word' id='word_1_13' title='bbox 525 321 625 359; x_wconf 83' lang='lat' dir='ltr'>aqua</span> <span class='ocrx_word' id='word_1_14' title='bbox 644 309 685 343; x_wconf 89' lang='lat' dir='ltr'>in</span> <span class='ocrx_word' id='word_1_15' title='bbox 706 321 812 345; x_wconf 90' lang='lat' dir='ltr'>sacro</span> <span class='ocrx_word' id='word_1_16' title='bbox 840 309 993 346; x_wconf 79' lang='lat' dir='ltr'>lavacro</span> <span class='ocrx_word' id='word_1_17' title='bbox 1023 306 1196 344; x_wconf 86' lang='lat' dir='ltr'>adhibita</span> <span class='ocrx_word' id='word_1_18' title='bbox 1224 307 1298 344; x_wconf 88' lang='lat' dir='ltr'>sibi</span> <span class='ocrx_word' id='word_1_19' title='bbox 1324 306 1466 358; x_wconf 87' lang='lat' dir='ltr'>fingere</span> <span class='ocrx_word' id='word_1_20' title='bbox 1494 322 1632 346; x_wconf 85' lang='lat' dir='ltr'>mone-</span> 
     </span>
     <span class='ocr_line' id='line_1_4' title="bbox 206 373 1095 422; baseline -0.001 -10"><span class='ocrx_word' id='word_1_21' title='bbox 206 375 321 422; x_wconf 80' lang='lat' dir='ltr'>bam3</span> <span class='ocrx_word' id='word_1_22' title='bbox 351 374 394 411; x_wconf 89' lang='lat' dir='ltr'>id</span> <span class='ocrx_word' id='word_1_23' title='bbox 413 387 501 411; x_wconf 84' lang='lat' dir='ltr'>vero</span> <span class='ocrx_word' id='word_1_24' title='bbox 521 376 590 410; x_wconf 83' lang='lat' dir='ltr'>vix</span> <span class='ocrx_word' id='word_1_25' title='bbox 606 375 648 409; x_wconf 90' lang='lat' dir='ltr'>in</span> <span class='ocrx_word' id='word_1_26' title='bbox 667 373 929 412; x_wconf 87' lang='lat' dir='ltr'>Christianmn</span> <span class='ocrx_word' id='word_1_27' title='bbox 945 374 1095 412; x_wconf 90' lang='lat' dir='ltr'>cadere.</span> 
     </span>
    </p>

    <p class='ocr_par' dir='ltr' id='par_1_3' title="bbox 94 439 1647 1555">
     <span class='ocr_line' id='line_1_5' title="bbox 94 439 1631 492; baseline 0.001 -13"><span class='ocrx_word' id='word_1_28' title='bbox 94 455 128 490; x_wconf 86' lang='lat' dir='ltr'>p.</span> <span class='ocrx_word' id='word_1_29' title='bbox 150 443 186 479; x_wconf 89' lang='lat' dir='ltr'>X</span> <span class='ocrx_word' id='word_1_30' title='bbox 318 443 423 476; x_wconf 91' lang='lat' dir='ltr'>Haec</span> <span class='ocrx_word' id='word_1_31' title='bbox 450 439 667 477; x_wconf 86' lang='lat' dir='ltr'>meditabar</span> <span class='ocrx_word' id='word_1_32' title='bbox 695 442 894 492; x_wconf 85' lang='lat' dir='ltr'>Sangalli,</span> <span class='ocrx_word' id='word_1_33' title='bbox 923 441 1083 479; x_wconf 89' lang='lat' dir='ltr'>Sidonio</span> <span class='ocrx_word' id='word_1_34' title='bbox 1113 439 1385 478; x_wconf 89' lang='lat' dir='ltr'>Sirmondiano</span> <span class='ocrx_word' id='word_1_35' title='bbox 1406 439 1631 489; x_wconf 78' lang='lat' dir='ltr'>destitutus3</span> 
     </span>
     <span class='ocr_line' id='line_1_6' title="bbox 209 507 1634 560; baseline 0.001 -16"><span class='ocrx_word' id='word_1_36' title='bbox 209 521 326 560; x_wconf 89' lang='lat' dir='ltr'>quem</span> <span class='ocrx_word' id='word_1_37' title='bbox 345 508 378 544; x_wconf 86' lang='lat' dir='ltr'>si</span> <span class='ocrx_word' id='word_1_38' title='bbox 394 508 583 556; x_wconf 83' lang='lat' dir='ltr'>inspicere</span> <span class='ocrx_word' id='word_1_39' title='bbox 603 510 829 558; x_wconf 89' lang='lat' dir='ltr'>potuissem,</span> <span class='ocrx_word' id='word_1_40' title='bbox 851 515 931 546; x_wconf 88' lang='lat' dir='ltr'>tota</span> <span class='ocrx_word' id='word_1_41' title='bbox 949 509 1228 558; x_wconf 78' lang='lat' dir='ltr'>argumentatio</span> <span class='ocrx_word' id='word_1_42' title='bbox 1250 507 1491 545; x_wconf 83' lang='lat' dir='ltr'>concidisset.</span> <span class='ocrx_word' id='word_1_43' title='bbox 1549 522 1634 546; x_wconf 88' lang='lat' dir='ltr'>car-</span> 
     </span>
     <span class='ocr_line' id='line_1_7' title="bbox 208 573 1635 612; baseline 0.001 -1"><span class='ocrx_word' id='word_1_44' title='bbox 208 587 301 611; x_wconf 86' lang='lat' dir='ltr'>men</span> <span class='ocrx_word' id='word_1_45' title='bbox 330 575 437 611; x_wconf 89' lang='lat' dir='ltr'>enim</span> <span class='ocrx_word' id='word_1_46' title='bbox 462 573 709 611; x_wconf 81' lang='lat' dir='ltr'>Merobaudis</span> <span class='ocrx_word' id='word_1_47' title='bbox 738 574 786 612; x_wconf 90' lang='lat' dir='ltr'>de</span> <span class='ocrx_word' id='word_1_48' title='bbox 815 574 966 612; x_wconf 87' lang='lat' dir='ltr'>Christo</span> <span class='ocrx_word' id='word_1_49' title='bbox 993 582 1144 611; x_wconf 88' lang='lat' dir='ltr'>exstare</span> <span class='ocrx_word' id='word_1_50' title='bbox 1177 574 1288 611; x_wconf 86' lang='lat' dir='ltr'>docet</span> <span class='ocrx_word' id='word_1_51' title='bbox 1307 573 1550 612; x_wconf 79' lang='lat' dir='ltr'>doctissimus</span> <span class='ocrx_word' id='word_1_52' title='bbox 1567 575 1635 612; x_wconf 86' lang='lat' dir='ltr'>ille</span> 
     </span>
     <span class='ocr_line' id='line_1_8' title="bbox 211 639 1636 678; baseline 0.001 -1"><span class='ocrx_word' id='word_1_53' title='bbox 211 639 363 677; x_wconf 89' lang='lat' dir='ltr'>Sidonii</span> <span class='ocrx_word' id='word_1_54' title='bbox 383 645 590 676; x_wconf 83' lang='lat' dir='ltr'>enarrator.</span> <span class='ocrx_word' id='word_1_55' title='bbox 646 640 689 676; x_wconf 90' lang='lat' dir='ltr'>id</span> <span class='ocrx_word' id='word_1_56' title='bbox 707 640 782 678; x_wconf 91' lang='lat' dir='ltr'>hoc</span> <span class='ocrx_word' id='word_1_57' title='bbox 797 641 941 678; x_wconf 88' lang='lat' dir='ltr'>indicio</span> <span class='ocrx_word' id='word_1_58' title='bbox 960 642 1072 678; x_wconf 89' lang='lat' dir='ltr'>facile</span> <span class='ocrx_word' id='word_1_59' title='bbox 1089 643 1129 677; x_wconf 90' lang='lat' dir='ltr'>in</span> <span class='ocrx_word' id='word_1_60' title='bbox 1145 641 1311 677; x_wconf 78' lang='lat' dir='ltr'>Fabricii</span> <span class='ocrx_word' id='word_1_61' title='bbox 1331 641 1554 678; x_wconf 84' lang='lat' dir='ltr'>collectione</span> <span class='ocrx_word' id='word_1_62' title='bbox 1573 642 1636 678; x_wconf 87' lang='lat' dir='ltr'>in-</span> 
     </span>
     <span class='ocr_line' id='line_1_9' title="bbox 210 704 1638 757; baseline 0.001 -15"><span class='ocrx_word' id='word_1_63' title='bbox 210 706 322 752; x_wconf 86' lang='lat' dir='ltr'>veni,</span> <span class='ocrx_word' id='word_1_64' title='bbox 355 706 584 755; x_wconf 85' lang='lat' dir='ltr'>inscriptmn</span> <span class='ocrx_word' id='word_1_65' title='bbox 609 707 865 744; x_wconf 74' lang='lat' dir='ltr'>Merobaudis</span> <span class='ocrx_word' id='word_1_66' title='bbox 890 709 1070 757; x_wconf 69' lang='lat' dir='ltr'>Hispani</span> <span class='ocrx_word' id='word_1_67' title='bbox 1100 704 1356 744; x_wconf 77' lang='lat' dir='ltr'>Sclzolastici:</span> <span class='ocrx_word' id='word_1_68' title='bbox 1390 720 1504 757; x_wconf 88' lang='lat' dir='ltr'>porro</span> <span class='ocrx_word' id='word_1_69' title='bbox 1533 707 1638 746; x_wconf 87' lang='lat' dir='ltr'>hunc</span> 
     </span>
     <span class='ocr_line' id='line_1_10' title="bbox 211 772 1639 825; baseline 0.003 -18"><span class='ocrx_word' id='word_1_70' title='bbox 211 772 369 808; x_wconf 89' lang='lat' dir='ltr'>titulum</span> <span class='ocrx_word' id='word_1_71' title='bbox 389 773 430 808; x_wconf 91' lang='lat' dir='ltr'>in</span> <span class='ocrx_word' id='word_1_72' title='bbox 447 773 708 810; x_wconf 85' lang='lat' dir='ltr'>vetustissimo</span> <span class='ocrx_word' id='word_1_73' title='bbox 729 775 842 820; x_wconf 85' lang='lat' dir='ltr'>libro,</span> <span class='ocrx_word' id='word_1_74' title='bbox 875 786 926 810; x_wconf 87' lang='lat' dir='ltr'>ex</span> <span class='ocrx_word' id='word_1_75' title='bbox 946 787 1021 825; x_wconf 90' lang='lat' dir='ltr'>quo</span> <span class='ocrx_word' id='word_1_76' title='bbox 1041 775 1237 811; x_wconf 84' lang='lat' dir='ltr'>Fabricius</span> <span class='ocrx_word' id='word_1_77' title='bbox 1258 787 1298 810; x_wconf 84' lang='lat' dir='ltr'>se</span> <span class='ocrx_word' id='word_1_78' title='bbox 1318 772 1431 810; x_wconf 88' lang='lat' dir='ltr'>edere</span> <span class='ocrx_word' id='word_1_79' title='bbox 1449 773 1554 822; x_wconf 86' lang='lat' dir='ltr'>dicit,</span> <span class='ocrx_word' id='word_1_80' title='bbox 1585 777 1639 812; x_wconf 86' lang='lat' dir='ltr'>ita</span> 
     </span>
     <span class='ocr_line' id='line_1_11' title="bbox 213 839 1641 891; baseline 0.003 -16"><span class='ocrx_word' id='word_1_81' title='bbox 213 839 400 887; x_wconf 70' lang='lat' dir='ltr'>scriptiun</span> <span class='ocrx_word' id='word_1_82' title='bbox 427 839 642 886; x_wconf 80' lang='lat' dir='ltr'>exstitisse,</span> <span class='ocrx_word' id='word_1_83' title='bbox 670 852 787 876; x_wconf 88' lang='lat' dir='ltr'>nemo</span> <span class='ocrx_word' id='word_1_84' title='bbox 820 839 1022 876; x_wconf 81' lang='lat' dir='ltr'>dubitabit.</span> <span class='ocrx_word' id='word_1_85' title='bbox 1078 839 1186 876; x_wconf 89' lang='lat' dir='ltr'>idem</span> <span class='ocrx_word' id='word_1_86' title='bbox 1212 847 1345 876; x_wconf 86' lang='lat' dir='ltr'>tamen</span> <span class='ocrx_word' id='word_1_87' title='bbox 1372 845 1512 891; x_wconf 70' lang='lat' dir='ltr'>poema</span> <span class='ocrx_word' id='word_1_88' title='bbox 1539 843 1641 879; x_wconf 87' lang='lat' dir='ltr'>inter</span> 
     </span>
     <span class='ocr_line' id='line_1_12' title="bbox 214 901 1642 959; baseline 0.003 -18"><span class='ocrx_word' id='word_1_89' title='bbox 214 902 418 941; x_wconf 88' lang='lat' dir='ltr'>Claudiani</span> <span class='ocrx_word' id='word_1_90' title='bbox 446 917 598 956; x_wconf 90' lang='lat' dir='ltr'>quoque</span> <span class='ocrx_word' id='word_1_91' title='bbox 625 907 904 956; x_wconf 87' lang='lat' dir='ltr'>epigrammata</span> <span class='ocrx_word' id='word_1_92' title='bbox 934 912 1060 942; x_wconf 86' lang='lat' dir='ltr'>exstat</span> <span class='ocrx_word' id='word_1_93' title='bbox 1087 901 1262 956; x_wconf 81' lang='lat' dir='ltr'>(“proles</span> <span class='ocrx_word' id='word_1_94' title='bbox 1281 919 1373 944; x_wconf 83' lang='lat' dir='ltr'>vera</span> <span class='ocrx_word' id='word_1_95' title='bbox 1392 903 1531 959; x_wconf 87' lang='lat' dir='ltr'>dei”),</span> <span class='ocrx_word' id='word_1_96' title='bbox 1565 910 1642 946; x_wconf 90' lang='lat' dir='ltr'>sci-</span> 
     </span>
     <span class='ocr_line' id='line_1_13' title="bbox 213 971 1639 1023; baseline 0.004 -16"><span class='ocrx_word' id='word_1_97' title='bbox 213 971 304 1007; x_wconf 88' lang='lat' dir='ltr'>licet</span> <span class='ocrx_word' id='word_1_98' title='bbox 323 983 447 1007; x_wconf 91' lang='lat' dir='ltr'>unum</span> <span class='ocrx_word' id='word_1_99' title='bbox 467 983 518 1006; x_wconf 89' lang='lat' dir='ltr'>ex</span> <span class='ocrx_word' id='word_1_100' title='bbox 536 977 716 1021; x_wconf 87' lang='lat' dir='ltr'>quattuor</span> <span class='ocrx_word' id='word_1_101' title='bbox 737 973 815 1009; x_wconf 88' lang='lat' dir='ltr'>illis</span> <span class='ocrx_word' id='word_1_102' title='bbox 838 973 1071 1008; x_wconf 80' lang='lat' dir='ltr'>carminibus</span> <span class='ocrx_word' id='word_1_103' title='bbox 1099 984 1196 1022; x_wconf 88' lang='lat' dir='ltr'>quae</span> <span class='ocrx_word' id='word_1_104' title='bbox 1219 974 1274 1007; x_wconf 91' lang='lat' dir='ltr'>Io.</span> <span class='ocrx_word' id='word_1_105' title='bbox 1299 973 1456 1010; x_wconf 86' lang='lat' dir='ltr'>Camers</span> <span class='ocrx_word' id='word_1_106' title='bbox 1477 974 1639 1023; x_wconf 78' lang='lat' dir='ltr'>addidit,</span> 
     </span>
     <span class='ocr_line' id='line_1_14' title="bbox 212 1035 1642 1089; baseline 0.003 -15"><span class='ocrx_word' id='word_1_107' title='bbox 212 1050 328 1074; x_wconf 91' lang='lat' dir='ltr'>nemo</span> <span class='ocrx_word' id='word_1_108' title='bbox 351 1038 450 1074; x_wconf 89' lang='lat' dir='ltr'>alius</span> <span class='ocrx_word' id='word_1_109' title='bbox 468 1035 654 1074; x_wconf 87' lang='lat' dir='ltr'>hactenus</span> <span class='ocrx_word' id='word_1_110' title='bbox 666 1067 676 1085; x_wconf 85' lang='lat'>,</span> <span class='ocrx_word' id='word_1_111' title='bbox 707 1051 827 1089; x_wconf 88' lang='lat' dir='ltr'>quum</span> <span class='ocrx_word' id='word_1_112' title='bbox 854 1040 1013 1088; x_wconf 83' lang='lat' dir='ltr'>plurimi</span> <span class='ocrx_word' id='word_1_113' title='bbox 1029 1040 1070 1074; x_wconf 90' lang='lat' dir='ltr'>in</span> <span class='ocrx_word' id='word_1_114' title='bbox 1090 1037 1332 1074; x_wconf 84' lang='lat' dir='ltr'>conferendis</span> <span class='ocrx_word' id='word_1_115' title='bbox 1351 1039 1554 1077; x_wconf 88' lang='lat' dir='ltr'>Claudiani</span> <span class='ocrx_word' id='word_1_116' title='bbox 1574 1055 1642 1079; x_wconf 85' lang='lat' dir='ltr'>co·-</span> 
     </span>
     <span class='ocr_line' id='line_1_15' title="bbox 213 1104 1644 1157; baseline 0.002 -15"><span class='ocrx_word' id='word_1_117' title='bbox 213 1104 363 1142; x_wconf 87' lang='lat' dir='ltr'>dicibus</span> <span class='ocrx_word' id='word_1_118' title='bbox 393 1105 624 1151; x_wconf 84' lang='lat' dir='ltr'>laborarint,</span> <span class='ocrx_word' id='word_1_119' title='bbox 655 1105 696 1140; x_wconf 89' lang='lat' dir='ltr'>in</span> <span class='ocrx_word' id='word_1_120' title='bbox 720 1106 871 1154; x_wconf 90' lang='lat' dir='ltr'>scriptis</span> <span class='ocrx_word' id='word_1_121' title='bbox 895 1105 1002 1141; x_wconf 89' lang='lat' dir='ltr'>libris</span> <span class='ocrx_word' id='word_1_122' title='bbox 1023 1106 1191 1151; x_wconf 84' lang='lat' dir='ltr'>invenit3</span> <span class='ocrx_word' id='word_1_123' title='bbox 1220 1117 1264 1140; x_wconf 89' lang='lat' dir='ltr'>ac</span> <span class='ocrx_word' id='word_1_124' title='bbox 1292 1117 1384 1141; x_wconf 89' lang='lat' dir='ltr'>sane</span> <span class='ocrx_word' id='word_1_125' title='bbox 1410 1105 1492 1143; x_wconf 89' lang='lat' dir='ltr'>fieri</span> <span class='ocrx_word' id='word_1_126' title='bbox 1515 1115 1644 1157; x_wconf 87' lang='lat' dir='ltr'>potest</span> 
     </span>
     <span class='ocr_line' id='line_1_16' title="bbox 212 1170 1644 1222; baseline 0.001 -13"><span class='ocrx_word' id='word_1_127' title='bbox 212 1179 257 1209; x_wconf 88' lang='lat' dir='ltr'>ut</span> <span class='ocrx_word' id='word_1_128' title='bbox 272 1173 428 1208; x_wconf 87' lang='lat' dir='ltr'>Camers</span> <span class='ocrx_word' id='word_1_129' title='bbox 445 1185 524 1209; x_wconf 90' lang='lat' dir='ltr'>non</span> <span class='ocrx_word' id='word_1_130' title='bbox 546 1170 686 1208; x_wconf 88' lang='lat' dir='ltr'>codicis</span> <span class='ocrx_word' id='word_1_131' title='bbox 712 1173 936 1209; x_wconf 88' lang='lat' dir='ltr'>auctoritate</span> <span class='ocrx_word' id='word_1_132' title='bbox 956 1170 1026 1208; x_wconf 90' lang='lat' dir='ltr'>sed</span> <span class='ocrx_word' id='word_1_133' title='bbox 1047 1173 1285 1218; x_wconf 87' lang='lat' dir='ltr'>coniectura,</span> <span class='ocrx_word' id='word_1_134' title='bbox 1314 1178 1472 1222; x_wconf 89' lang='lat' dir='ltr'>propter</span> <span class='ocrx_word' id='word_1_135' title='bbox 1489 1186 1644 1211; x_wconf 82' lang='lat' dir='ltr'>carmen</span> 
     </span>
     <span class='ocr_line' id='line_1_17' title="bbox 213 1237 1646 1290; baseline 0.001 -13"><span class='ocrx_word' id='word_1_136' title='bbox 213 1238 423 1286; x_wconf 81' lang='lat' dir='ltr'>Paschale,</span> <span class='ocrx_word' id='word_1_137' title='bbox 457 1237 560 1290; x_wconf 88' lang='lat' dir='ltr'>quod</span> <span class='ocrx_word' id='word_1_138' title='bbox 587 1237 791 1276; x_wconf 88' lang='lat' dir='ltr'>Claudiani</span> <span class='ocrx_word' id='word_1_139' title='bbox 818 1252 900 1276; x_wconf 89' lang='lat' dir='ltr'>esse</span> <span class='ocrx_word' id='word_1_140' title='bbox 926 1237 1152 1285; x_wconf 84' lang='lat' dir='ltr'>crediderit,</span> <span class='ocrx_word' id='word_1_141' title='bbox 1183 1244 1312 1274; x_wconf 88' lang='lat' dir='ltr'>motus</span> <span class='ocrx_word' id='word_1_142' title='bbox 1330 1239 1391 1275; x_wconf 83' lang='lat' dir='ltr'>illi</span> <span class='ocrx_word' id='word_1_143' title='bbox 1410 1238 1646 1278; x_wconf 83' lang='lat' dir='ltr'>adscriberet</span> 
     </span>
     <span class='ocr_line' id='line_1_18' title="bbox 211 1305 1647 1358; baseline 0.002 -17"><span class='ocrx_word' id='word_1_144' title='bbox 211 1318 314 1357; x_wconf 87' lang='lat' dir='ltr'>quae</span> <span class='ocrx_word' id='word_1_145' title='bbox 337 1318 427 1342; x_wconf 89' lang='lat' dir='ltr'>eum</span> <span class='ocrx_word' id='word_1_146' title='bbox 445 1312 641 1342; x_wconf 84' lang='lat' dir='ltr'>auctorem</span> <span class='ocrx_word' id='word_1_147' title='bbox 659 1305 803 1343; x_wconf 89' lang='lat' dir='ltr'>habere</span> <span class='ocrx_word' id='word_1_148' title='bbox 820 1312 1030 1358; x_wconf 84' lang='lat' dir='ltr'>nequeunt.</span> <span class='ocrx_word' id='word_1_149' title='bbox 1072 1305 1269 1341; x_wconf 83' lang='lat' dir='ltr'>Fabricius</span> <span class='ocrx_word' id='word_1_150' title='bbox 1289 1305 1530 1343; x_wconf 82' lang='lat' dir='ltr'>luculentum</span> <span class='ocrx_word' id='word_1_151' title='bbox 1546 1307 1647 1344; x_wconf 79' lang='lat' dir='ltr'>illud</span> 
     </span>
     <span class='ocr_line' id='line_1_19' title="bbox 216 1370 1647 1422; baseline 0.003 -14"><span class='ocrx_word' id='word_1_152' title='bbox 216 1385 372 1408; x_wconf 87' lang='lat' dir='ltr'>carmen</span> <span class='ocrx_word' id='word_1_153' title='bbox 393 1385 415 1408; x_wconf 90' lang='lat' dir='ltr'>a</span> <span class='ocrx_word' id='word_1_154' title='bbox 434 1372 610 1410; x_wconf 81' lang='lat' dir='ltr'>Camerte</span> <span class='ocrx_word' id='word_1_155' title='bbox 634 1372 782 1412; x_wconf 89' lang='lat' dir='ltr'>editum</span> <span class='ocrx_word' id='word_1_156' title='bbox 802 1387 899 1420; x_wconf 84' lang='lat' dir='ltr'>esse,</span> <span class='ocrx_word' id='word_1_157' title='bbox 925 1372 1090 1409; x_wconf 85' lang='lat' dir='ltr'>editores</span> <span class='ocrx_word' id='word_1_158' title='bbox 1112 1370 1315 1408; x_wconf 86' lang='lat' dir='ltr'>Claudiani</span> <span class='ocrx_word' id='word_1_159' title='bbox 1335 1374 1462 1409; x_wconf 87' lang='lat' dir='ltr'>cuncti</span> <span class='ocrx_word' id='word_1_160' title='bbox 1480 1372 1534 1422; x_wconf 89' lang='lat' dir='ltr'>id,</span> <span class='ocrx_word' id='word_1_161' title='bbox 1558 1388 1647 1411; x_wconf 89' lang='lat' dir='ltr'>cum</span> 
     </span>
     <span class='ocr_line' id='line_1_20' title="bbox 214 1437 1647 1491; baseline 0.001 -17"><span class='ocrx_word' id='word_1_162' title='bbox 214 1451 295 1475; x_wconf 92' lang='lat' dir='ltr'>non</span> <span class='ocrx_word' id='word_1_163' title='bbox 316 1437 533 1489; x_wconf 78' lang='lat' dir='ltr'>spernenda</span> <span class='ocrx_word' id='word_1_164' title='bbox 550 1439 726 1477; x_wconf 76' lang='lat' dir='ltr'>lectionis</span> <span class='ocrx_word' id='word_1_165' title='bbox 745 1442 955 1486; x_wconf 83' lang='lat' dir='ltr'>varietate,</span> <span class='ocrx_word' id='word_1_166' title='bbox 984 1437 1090 1488; x_wconf 87' lang='lat' dir='ltr'>apud</span> <span class='ocrx_word' id='word_1_167' title='bbox 1109 1439 1330 1475; x_wconf 86' lang='lat' dir='ltr'>Fabricium</span> <span class='ocrx_word' id='word_1_168' title='bbox 1354 1440 1543 1488; x_wconf 78' lang='lat' dir='ltr'>inveniri,</span> <span class='ocrx_word' id='word_1_169' title='bbox 1573 1453 1647 1491; x_wconf 87' lang='lat' dir='ltr'>pa-</span> 
     </span>
     <span class='ocr_line' id='line_1_21' title="bbox 215 1506 621 1555; baseline 0.002 -13"><span class='ocrx_word' id='word_1_170' title='bbox 215 1506 308 1542; x_wconf 87' lang='lat' dir='ltr'>riter</span> <span class='ocrx_word' id='word_1_171' title='bbox 332 1507 621 1555; x_wconf 83' lang='lat' dir='ltr'>ignoraverunt.</span> 
     </span>
    </p>

    <p class='ocr_par' dir='ltr' id='par_1_4' title="bbox 214 1571 1654 2291">
     <span class='ocr_line' id='line_1_22' title="bbox 326 1571 1650 1624; baseline 0.002 -17"><span class='ocrx_word' id='word_1_172' title='bbox 326 1574 452 1608; x_wconf 80' lang='lat' dir='ltr'>Huius</span> <span class='ocrx_word' id='word_1_173' title='bbox 481 1574 599 1621; x_wconf 86' lang='lat' dir='ltr'>igitur</span> <span class='ocrx_word' id='word_1_174' title='bbox 624 1579 707 1609; x_wconf 86' lang='lat' dir='ltr'>tam</span> <span class='ocrx_word' id='word_1_175' title='bbox 735 1574 933 1611; x_wconf 84' lang='lat' dir='ltr'>manifesti</span> <span class='ocrx_word' id='word_1_176' title='bbox 952 1587 996 1610; x_wconf 88' lang='lat' dir='ltr'>ac</span> <span class='ocrx_word' id='word_1_177' title='bbox 1010 1576 1094 1610; x_wconf 68' lang='lat' dir='ltr'>⁴non</span> <span class='ocrx_word' id='word_1_178' title='bbox 1113 1573 1282 1624; x_wconf 87' lang='lat' dir='ltr'>suspecti</span> <span class='ocrx_word' id='word_1_179' title='bbox 1300 1573 1512 1610; x_wconf 82' lang='lat' dir='ltr'>testimonii</span> <span class='ocrx_word' id='word_1_180' title='bbox 1531 1571 1650 1610; x_wconf 86' lang='lat' dir='ltr'>fidem</span> 
     </span>
     <span class='ocr_line' id='line_1_23' title="bbox 214 1630 1650 1689; baseline 0 -13"><span class='ocrx_word' id='word_1_181' title='bbox 214 1639 527 1676; x_wconf 78' lang='lat' dir='ltr'>cavillationibus</span> <span class='ocrx_word' id='word_1_182' title='bbox 556 1639 711 1677; x_wconf 81' lang='lat' dir='ltr'>elevare</span> <span class='ocrx_word' id='word_1_183' title='bbox 735 1641 836 1677; x_wconf 84' lang='lat' dir='ltr'>velle</span> <span class='ocrx_word' id='word_1_184' title='bbox 868 1642 950 1677; x_wconf 76' lang='lat' dir='ltr'>viro</span> <span class='ocrx_word' id='word_1_185' title='bbox 980 1642 1089 1689; x_wconf 86' lang='lat' dir='ltr'>gravi</span> <span class='ocrx_word' id='word_1_186' title='bbox 1115 1630 1321 1689; x_wconf 82' lang='lat' dir='ltr'>indignum</span> <span class='ocrx_word' id='word_1_187' title='bbox 1342 1639 1465 1676; x_wconf 88' lang='lat' dir='ltr'>foret:</span> <span class='ocrx_word' id='word_1_188' title='bbox 1494 1652 1588 1676; x_wconf 86' lang='lat' dir='ltr'>nam</span> <span class='ocrx_word' id='word_1_189' title='bbox 1606 1647 1650 1676; x_wconf 89' lang='lat' dir='ltr'>ut</span> 
     </span>
     <span class='ocr_line' id='line_1_24' title="bbox 215 1705 1649 1757; baseline 0.001 -14"><span class='ocrx_word' id='word_1_190' title='bbox 215 1708 344 1743; x_wconf 85' lang='lat' dir='ltr'>inesse</span> <span class='ocrx_word' id='word_1_191' title='bbox 367 1706 529 1741; x_wconf 85' lang='lat' dir='ltr'>carmini</span> <span class='ocrx_word' id='word_1_192' title='bbox 545 1717 646 1756; x_wconf 89' lang='lat' dir='ltr'>quae</span> <span class='ocrx_word' id='word_1_193' title='bbox 665 1718 804 1756; x_wconf 85' lang='lat' dir='ltr'>parum</span> <span class='ocrx_word' id='word_1_194' title='bbox 825 1705 1085 1743; x_wconf 81' lang='lat' dir='ltr'>orthodoxam</span> <span class='ocrx_word' id='word_1_195' title='bbox 1101 1708 1327 1756; x_wconf 85' lang='lat' dir='ltr'>opinionem</span> <span class='ocrx_word' id='word_1_196' title='bbox 1341 1705 1528 1757; x_wconf 87' lang='lat' dir='ltr'>prodant,</span> <span class='ocrx_word' id='word_1_197' title='bbox 1550 1707 1649 1744; x_wconf 84' lang='lat' dir='ltr'>Ges-</span> 
     </span>
     <span class='ocr_line' id='line_1_25' title="bbox 215 1771 1651 1824; baseline 0.001 -15"><span class='ocrx_word' id='word_1_198' title='bbox 215 1786 310 1809; x_wconf 89' lang='lat' dir='ltr'>nero</span> <span class='ocrx_word' id='word_1_199' title='bbox 344 1771 619 1820; x_wconf 85' lang='lat' dir='ltr'>concedamus,</span> <span class='ocrx_word' id='word_1_200' title='bbox 656 1771 857 1809; x_wconf 77' lang='lat' dir='ltr'>ethnictun</span> <span class='ocrx_word' id='word_1_201' title='bbox 884 1771 1128 1810; x_wconf 81' lang='lat' dir='ltr'>Christianae</span> <span class='ocrx_word' id='word_1_202' title='bbox 1158 1774 1357 1823; x_wconf 74' lang='lat' dir='ltr'>religionis</span> <span class='ocrx_word' id='word_1_203' title='bbox 1385 1774 1570 1824; x_wconf 84' lang='lat' dir='ltr'>mysteria</span> <span class='ocrx_word' id='word_1_204' title='bbox 1596 1774 1651 1810; x_wconf 87' lang='lat' dir='ltr'>ita</span> 
     </span>
     <span class='ocr_line' id='line_1_26' title="bbox 218 1837 1653 1892; baseline 0 -15"><span class='ocrx_word' id='word_1_205' title='bbox 218 1846 396 1877; x_wconf 86' lang='lat' dir='ltr'>accurate</span> <span class='ocrx_word' id='word_1_206' title='bbox 412 1846 616 1886; x_wconf 78' lang='lat' dir='ltr'>tractasse,</span> <span class='ocrx_word' id='word_1_207' title='bbox 642 1852 740 1890; x_wconf 87' lang='lat' dir='ltr'>quae</span> <span class='ocrx_word' id='word_1_208' title='bbox 761 1837 912 1875; x_wconf 86' lang='lat' dir='ltr'>Barthii</span> <span class='ocrx_word' id='word_1_209' title='bbox 929 1841 1059 1889; x_wconf 76' lang='lat' dir='ltr'>opinio</span> <span class='ocrx_word' id='word_1_210' title='bbox 1081 1846 1138 1876; x_wconf 83' lang='lat' dir='ltr'>est</span> <span class='ocrx_word' id='word_1_211' title='bbox 1160 1838 1285 1890; x_wconf 86' lang='lat' dir='ltr'>(Adv.</span> <span class='ocrx_word' id='word_1_212' title='bbox 1308 1842 1326 1879; x_wconf 88' lang='lat'>1</span> <span class='ocrx_word' id='word_1_213' title='bbox 1351 1842 1423 1890; x_wconf 88' lang='lat'>7),</span> <span class='ocrx_word' id='word_1_214' title='bbox 1448 1853 1653 1892; x_wconf 88' lang='lat' dir='ltr'>nunquam</span> 
     </span>
     <span class='ocr_line' id='line_1_27' title="bbox 217 1904 1652 1958; baseline 0.001 -15"><span class='ocrx_word' id='word_1_215' title='bbox 217 1907 331 1944; x_wconf 88' lang='lat' dir='ltr'>nobis</span> <span class='ocrx_word' id='word_1_216' title='bbox 357 1904 583 1958; x_wconf 88' lang='lat' dir='ltr'>persuaderi</span> <span class='ocrx_word' id='word_1_217' title='bbox 604 1907 790 1943; x_wconf 86' lang='lat' dir='ltr'>sinemus.</span> <span class='ocrx_word' id='word_1_218' title='bbox 848 1908 1002 1956; x_wconf 88' lang='lat' dir='ltr'>Itaque,</span> <span class='ocrx_word' id='word_1_219' title='bbox 1033 1905 1137 1957; x_wconf 90' lang='lat' dir='ltr'>quod</span> <span class='ocrx_word' id='word_1_220' title='bbox 1157 1919 1279 1943; x_wconf 86' lang='lat' dir='ltr'>unum</span> <span class='ocrx_word' id='word_1_221' title='bbox 1300 1914 1496 1957; x_wconf 88' lang='lat' dir='ltr'>superest,</span> <span class='ocrx_word' id='word_1_222' title='bbox 1525 1907 1652 1944; x_wconf 83' lang='lat' dir='ltr'>fatea—</span> 
     </span>
     <span class='ocr_line' id='line_1_28' title="bbox 217 1972 1652 2025; baseline 0.001 -14"><span class='ocrx_word' id='word_1_223' title='bbox 217 1987 325 2022; x_wconf 87' lang='lat' dir='ltr'>mur,</span> <span class='ocrx_word' id='word_1_224' title='bbox 364 1986 603 2025; x_wconf 84' lang='lat' dir='ltr'>quamquam</span> <span class='ocrx_word' id='word_1_225' title='bbox 630 1986 711 2009; x_wconf 88' lang='lat' dir='ltr'>non</span> <span class='ocrx_word' id='word_1_226' title='bbox 735 1974 818 2009; x_wconf 87' lang='lat' dir='ltr'>sine</span> <span class='ocrx_word' id='word_1_227' title='bbox 847 1979 1024 2022; x_wconf 84' lang='lat' dir='ltr'>stupore,</span> <span class='ocrx_word' id='word_1_228' title='bbox 1065 1972 1317 2011; x_wconf 88' lang='lat' dir='ltr'>statuendum</span> <span class='ocrx_word' id='word_1_229' title='bbox 1345 1987 1428 2011; x_wconf 84' lang='lat' dir='ltr'>esse</span> <span class='ocrx_word' id='word_1_230' title='bbox 1458 1975 1652 2012; x_wconf 77' lang='lat' dir='ltr'>exstitisse</span> 
     </span>
     <span class='ocr_line' id='line_1_29' title="bbox 219 2037 1652 2092; baseline 0.001 -15"><span class='ocrx_word' id='word_1_231' title='bbox 219 2041 291 2077; x_wconf 90' lang='lat' dir='ltr'>sub</span> <span class='ocrx_word' id='word_1_232' title='bbox 319 2042 452 2077; x_wconf 89' lang='lat' dir='ltr'>Leone</span> <span class='ocrx_word' id='word_1_233' title='bbox 479 2053 622 2090; x_wconf 84' lang='lat' dir='ltr'>magno</span> <span class='ocrx_word' id='word_1_234' title='bbox 650 2039 829 2090; x_wconf 87' lang='lat' dir='ltr'>pontifice</span> <span class='ocrx_word' id='word_1_235' title='bbox 857 2037 1116 2086; x_wconf 82' lang='lat' dir='ltr'>Christianos,</span> <span class='ocrx_word' id='word_1_236' title='bbox 1148 2041 1215 2090; x_wconf 87' lang='lat' dir='ltr'>qui</span> <span class='ocrx_word' id='word_1_237' title='bbox 1241 2053 1363 2092; x_wconf 90' lang='lat' dir='ltr'>quum</span> <span class='ocrx_word' id='word_1_238' title='bbox 1383 2041 1430 2078; x_wconf 83' lang='lat' dir='ltr'>ab</span> <span class='ocrx_word' id='word_1_239' title='bbox 1451 2043 1652 2092; x_wconf 85' lang='lat' dir='ltr'>impietate</span> 
     </span>
     <span class='ocr_line' id='line_1_30' title="bbox 219 2105 1654 2161; baseline 0.002 -17"><span class='ocrx_word' id='word_1_240' title='bbox 219 2108 337 2157; x_wconf 88' lang='lat' dir='ltr'>longe</span> <span class='ocrx_word' id='word_1_241' title='bbox 376 2107 576 2154; x_wconf 89' lang='lat' dir='ltr'>abessent,</span> <span class='ocrx_word' id='word_1_242' title='bbox 615 2105 869 2142; x_wconf 88' lang='lat' dir='ltr'>nihilominus</span> <span class='ocrx_word' id='word_1_243' title='bbox 898 2105 1092 2157; x_wconf 88' lang='lat' dir='ltr'>quaedam</span> <span class='ocrx_word' id='word_1_244' title='bbox 1120 2119 1170 2142; x_wconf 85' lang='lat' dir='ltr'>ex</span> <span class='ocrx_word' id='word_1_245' title='bbox 1194 2107 1272 2143; x_wconf 86' lang='lat' dir='ltr'>illis</span> <span class='ocrx_word' id='word_1_246' title='bbox 1300 2109 1526 2146; x_wconf 84' lang='lat' dir='ltr'>criminibus</span> <span class='ocrx_word' id='word_1_247' title='bbox 1553 2121 1654 2161; x_wconf 85' lang='lat' dir='ltr'>quae</span> 
     </span>
     <span class='ocr_line' id='line_1_31' title="bbox 219 2164 1654 2226; baseline 0.001 -16"><span class='ocrx_word' id='word_1_248' title='bbox 219 2175 386 2210; x_wconf 90' lang='lat' dir='ltr'>maiores</span> <span class='ocrx_word' id='word_1_249' title='bbox 414 2175 455 2209; x_wconf 89' lang='lat' dir='ltr'>in</span> <span class='ocrx_word' id='word_1_250' title='bbox 481 2172 600 2209; x_wconf 91' lang='lat' dir='ltr'>fidem</span> <span class='ocrx_word' id='word_1_251' title='bbox 628 2171 890 2210; x_wconf 88' lang='lat' dir='ltr'>Christianam</span> <span class='ocrx_word' id='word_1_252' title='bbox 924 2164 1092 2210; x_wconf 70' lang='lat' dir='ltr'>conferri</span> <span class='ocrx_word' id='word_1_253' title='bbox 1126 2172 1431 2223; x_wconf 82' lang='lat' dir='ltr'>indignabantur</span> <span class='ocrx_word' id='word_1_254' title='bbox 1454 2187 1525 2226; x_wconf 87' lang='lat' dir='ltr'>pro</span> <span class='ocrx_word' id='word_1_255' title='bbox 1550 2177 1654 2213; x_wconf 71' lang='lat' dir='ltr'>veris</span> 
     </span>
     <span class='ocr_line' id='line_1_32' title="bbox 219 2239 1464 2291; baseline 0.002 -14"><span class='ocrx_word' id='word_1_256' title='bbox 219 2239 490 2287; x_wconf 73' lang='lat' dir='ltr'>admitterent3</span> <span class='ocrx_word' id='word_1_257' title='bbox 523 2247 636 2291; x_wconf 91' lang='lat' dir='ltr'>atque</span> <span class='ocrx_word' id='word_1_258' title='bbox 656 2241 697 2275; x_wconf 85' lang='lat' dir='ltr'>in</span> <span class='ocrx_word' id='word_1_259' title='bbox 721 2252 857 2276; x_wconf 87' lang='lat' dir='ltr'>eorum</span> <span class='ocrx_word' id='word_1_260' title='bbox 875 2252 1038 2276; x_wconf 87' lang='lat' dir='ltr'>numero</span> <span class='ocrx_word' id='word_1_261' title='bbox 1062 2253 1146 2276; x_wconf 84' lang='lat' dir='ltr'>esse</span> <span class='ocrx_word' id='word_1_262' title='bbox 1169 2240 1464 2278; x_wconf 87' lang='lat' dir='ltr'>Merobaudem.</span> 
     </span>
    </p>

    <p class='ocr_par' dir='ltr' id='par_1_5' title="bbox 332 2304 1657 2358">
     <span class='ocr_line' id='line_1_33' title="bbox 332 2304 1657 2358; baseline 0.001 -14"><span class='ocrx_word' id='word_1_263' title='bbox 332 2307 498 2344; x_wconf 86' lang='lat' dir='ltr'>Carmen</span> <span class='ocrx_word' id='word_1_264' title='bbox 525 2304 631 2358; x_wconf 89' lang='lat' dir='ltr'>quod</span> <span class='ocrx_word' id='word_1_265' title='bbox 657 2306 758 2341; x_wconf 86' lang='lat' dir='ltr'>inter</span> <span class='ocrx_word' id='word_1_266' title='bbox 788 2318 905 2355; x_wconf 87' lang='lat' dir='ltr'>opera</span> <span class='ocrx_word' id='word_1_267' title='bbox 933 2304 1139 2342; x_wconf 85' lang='lat' dir='ltr'>Claudiani</span> <span class='ocrx_word' id='word_1_268' title='bbox 1169 2307 1337 2344; x_wconf 88' lang='lat' dir='ltr'>relatum</span> <span class='ocrx_word' id='word_1_269' title='bbox 1358 2309 1476 2358; x_wconf 83' lang='lat' dir='ltr'>vulgo</span> <span class='ocrx_word' id='word_1_270' title='bbox 1497 2308 1657 2345; x_wconf 77' lang='lat' dir='ltr'>obvium</span> 
     </span>
    </p>

    <p class='ocr_par' dir='ltr' id='par_1_6' title="bbox 92 2371 1659 2761">
     <span class='ocr_line' id='line_1_34' title="bbox 92 2371 1655 2425; baseline -0.001 -13"><span class='ocrx_word' id='word_1_271' title='bbox 92 2385 127 2418; x_wconf 83' lang='lat' dir='ltr'>p·</span> <span class='ocrx_word' id='word_1_272' title='bbox 149 2371 199 2406; x_wconf 77' lang='grc' dir='ltr'>ΧῙ</span> <span class='ocrx_word' id='word_1_273' title='bbox 223 2381 280 2412; x_wconf 85' lang='lat' dir='ltr'>est</span> <span class='ocrx_word' id='word_1_274' title='bbox 293 2404 303 2423; x_wconf 92' lang='lat'>,</span> <span class='ocrx_word' id='word_1_275' title='bbox 326 2373 468 2411; x_wconf 84' lang='lat' dir='ltr'>addere</span> <span class='ocrx_word' id='word_1_276' title='bbox 488 2386 567 2409; x_wconf 89' lang='lat' dir='ltr'>non</span> <span class='ocrx_word' id='word_1_277' title='bbox 584 2373 756 2422; x_wconf 87' lang='lat' dir='ltr'>placuit:</span> <span class='ocrx_word' id='word_1_278' title='bbox 787 2385 853 2408; x_wconf 91' lang='lat' dir='ltr'>eos</span> <span class='ocrx_word' id='word_1_279' title='bbox 873 2385 964 2410; x_wconf 85' lang='lat' dir='ltr'>vero</span> <span class='ocrx_word' id='word_1_280' title='bbox 984 2373 1124 2424; x_wconf 88' lang='lat' dir='ltr'>quibus</span> <span class='ocrx_word' id='word_1_281' title='bbox 1146 2372 1196 2410; x_wconf 86' lang='lat' dir='ltr'>ad</span> <span class='ocrx_word' id='word_1_282' title='bbox 1214 2375 1376 2425; x_wconf 88' lang='lat' dir='ltr'>scriptos</span> <span class='ocrx_word' id='word_1_283' title='bbox 1397 2374 1548 2412; x_wconf 83' lang='lat' dir='ltr'>codices</span> <span class='ocrx_word' id='word_1_284' title='bbox 1568 2373 1655 2411; x_wconf 80' lang='lat' dir='ltr'>adi-</span> 
     </span>
     <span class='ocr_line' id='line_1_35' title="bbox 222 2437 1656 2492; baseline -0.003 -13"><span class='ocrx_word' id='word_1_285' title='bbox 222 2450 284 2479; x_wconf 90' lang='lat' dir='ltr'>tus</span> <span class='ocrx_word' id='word_1_286' title='bbox 313 2449 441 2492; x_wconf 86' lang='lat' dir='ltr'>patet,</span> <span class='ocrx_word' id='word_1_287' title='bbox 473 2452 565 2490; x_wconf 87' lang='lat' dir='ltr'>rogo</span> <span class='ocrx_word' id='word_1_288' title='bbox 589 2437 797 2489; x_wconf 86' lang='lat' dir='ltr'>hortorque</span> <span class='ocrx_word' id='word_1_289' title='bbox 820 2445 863 2474; x_wconf 91' lang='lat' dir='ltr'>ut</span> <span class='ocrx_word' id='word_1_290' title='bbox 885 2447 1067 2490; x_wconf 85' lang='lat' dir='ltr'>quattuor</span> <span class='ocrx_word' id='word_1_291' title='bbox 1085 2441 1154 2476; x_wconf 89' lang='lat' dir='ltr'>illa</span> <span class='ocrx_word' id='word_1_292' title='bbox 1177 2442 1348 2477; x_wconf 85' lang='lat' dir='ltr'>carmina</span> <span class='ocrx_word' id='word_1_293' title='bbox 1367 2453 1467 2492; x_wconf 89' lang='lat' dir='ltr'>quae</span> <span class='ocrx_word' id='word_1_294' title='bbox 1487 2439 1656 2476; x_wconf 85' lang='lat' dir='ltr'>Camerti</span> 
     </span>
     <span class='ocr_line' id='line_1_36' title="bbox 225 2505 1656 2558; baseline -0.003 -12"><span class='ocrx_word' id='word_1_295' title='bbox 225 2507 414 2546; x_wconf 84' lang='lat' dir='ltr'>debentur</span> <span class='ocrx_word' id='word_1_296' title='bbox 453 2506 617 2544; x_wconf 87' lang='lat' dir='ltr'>sollicite</span> <span class='ocrx_word' id='word_1_297' title='bbox 659 2512 867 2556; x_wconf 85' lang='lat' dir='ltr'>quaerant3</span> <span class='ocrx_word' id='word_1_298' title='bbox 918 2520 970 2543; x_wconf 87' lang='lat' dir='ltr'>ex</span> <span class='ocrx_word' id='word_1_299' title='bbox 1006 2508 1145 2558; x_wconf 86' lang='lat' dir='ltr'>quibus</span> <span class='ocrx_word' id='word_1_300' title='bbox 1184 2505 1351 2544; x_wconf 87' lang='lat' dir='ltr'>disticha</span> <span class='ocrx_word' id='word_1_301' title='bbox 1379 2506 1428 2543; x_wconf 90' lang='lat' dir='ltr'>de</span> <span class='ocrx_word' id='word_1_302' title='bbox 1456 2506 1656 2543; x_wconf 81' lang='lat' dir='ltr'>miraculis</span> 
     </span>
     <span class='ocr_line' id='line_1_37' title="bbox 226 2570 1657 2625; baseline -0.001 -14"><span class='ocrx_word' id='word_1_303' title='bbox 226 2573 370 2612; x_wconf 77' lang='lat' dir='ltr'>Christi</span> <span class='ocrx_word' id='word_1_304' title='bbox 388 2575 533 2625; x_wconf 86' lang='lat' dir='ltr'>pariter</span> <span class='ocrx_word' id='word_1_305' title='bbox 552 2570 833 2608; x_wconf 82' lang='lat' dir='ltr'>Merobaudem</span> <span class='ocrx_word' id='word_1_306' title='bbox 847 2580 1024 2610; x_wconf 74' lang='lat' dir='ltr'>nostriun</span> <span class='ocrx_word' id='word_1_307' title='bbox 1045 2581 1242 2611; x_wconf 87' lang='lat' dir='ltr'>auctorem</span> <span class='ocrx_word' id='word_1_308' title='bbox 1264 2572 1408 2611; x_wconf 88' lang='lat' dir='ltr'>habere</span> <span class='ocrx_word' id='word_1_309' title='bbox 1427 2573 1542 2611; x_wconf 83' lang='lat' dir='ltr'>valde</span> <span class='ocrx_word' id='word_1_310' title='bbox 1564 2586 1657 2623; x_wconf 86' lang='lat' dir='ltr'>pro-</span> 
     </span>
     <span class='ocr_line' id='line_1_38' title="bbox 226 2628 1659 2691; baseline -0.003 -13"><span class='ocrx_word' id='word_1_311' title='bbox 226 2642 354 2679; x_wconf 89' lang='lat' dir='ltr'>babile</span> <span class='ocrx_word' id='word_1_312' title='bbox 381 2648 453 2679; x_wconf 87' lang='lat' dir='ltr'>est.</span> <span class='ocrx_word' id='word_1_313' title='bbox 509 2640 589 2676; x_wconf 91' lang='lat' dir='ltr'>imo</span> <span class='ocrx_word' id='word_1_314' title='bbox 621 2637 730 2675; x_wconf 87' lang='lat' dir='ltr'>idem</span> <span class='ocrx_word' id='word_1_315' title='bbox 756 2637 804 2675; x_wconf 91' lang='lat' dir='ltr'>de</span> <span class='ocrx_word' id='word_1_316' title='bbox 831 2642 1001 2676; x_wconf 84' lang='lat' dir='ltr'>camnine</span> <span class='ocrx_word' id='word_1_317' title='bbox 1026 2628 1208 2677; x_wconf 86' lang='lat' dir='ltr'>Paschali</span> <span class='ocrx_word' id='word_1_318' title='bbox 1223 2641 1416 2691; x_wconf 84' lang='lat' dir='ltr'>suspicor:</span> <span class='ocrx_word' id='word_1_319' title='bbox 1445 2646 1483 2677; x_wconf 87' lang='lat' dir='ltr'>at</span> <span class='ocrx_word' id='word_1_320' title='bbox 1503 2651 1659 2676; x_wconf 82' lang='lat' dir='ltr'>carmen</span> 
     </span>
     <span class='ocr_line' id='line_1_39' title="bbox 227 2705 1198 2761; baseline -0.002 -16"><span class='ocrx_word' id='word_1_321' title='bbox 227 2707 276 2746; x_wconf 79' lang='lat' dir='ltr'>de</span> <span class='ocrx_word' id='word_1_322' title='bbox 300 2710 466 2747; x_wconf 87' lang='lat' dir='ltr'>Hercule</span> <span class='ocrx_word' id='word_1_323' title='bbox 484 2721 641 2761; x_wconf 87' lang='lat' dir='ltr'>prorsus</span> <span class='ocrx_word' id='word_1_324' title='bbox 663 2706 860 2746; x_wconf 76' lang='lat' dir='ltr'>diversum</span> <span class='ocrx_word' id='word_1_325' title='bbox 879 2707 1049 2746; x_wconf 88' lang='lat' dir='ltr'>colorem</span> <span class='ocrx_word' id='word_1_326' title='bbox 1068 2705 1198 2744; x_wconf 88' lang='lat' dir='ltr'>habet.</span> 
     </span>
    </p>
   </div>
  </div>
 </body>
</html>
