1702 3060
1667 0 1702 231 g

271 263 487 313 suspicatus
510 262 663 300 fueram
685 262 874 299 mendum
895 277 978 300 esse
999 262 1324 315 typographicam
1340 279 1410 317 pro
1427 269 1504 304 Mu
1506 281 1566 304 ·.eo
1627 246 1699 324 15ῑᾷ

271 331 415 381 quippe
447 330 488 365 in
515 342 584 365 suo
614 329 807 365 Auctario
834 329 881 366 de
899 331 1053 379 scriplot
1056 330 1150 368 ibus
1170 332 1434 371 ecclesiasticis
1451 341 1560 385 parte
1579 327 1698 377 altera

273 408 306 431 c.
336 398 388 435 36
415 409 455 444 p
486 397 561 435 131
590 396 699 432 iuxta
734 394 946 433 editionem
977 396 1061 434 Ioh.
1083 399 1173 435 Alb.
1195 399 1361 436 Fabricii
1386 402 1428 437 in
1453 399 1700 440 Bibliotheca

270 459 528 496 ecclesiastiea
550 461 783 513 Hambzcrgi
809 465 913 504 1718
939 462 987 500 de
1017 465 1250 515 Cuspiniano
1277 467 1378 516 agit,
1417 465 1488 503 sed
1513 465 1616 503 nihil
1650 459 1697 505 de

273 166 378 197 xxvz
766 154 1206 198 MAZZUCGHELLII

267 526 487 563 Johannide
508 527 616 564 dicit.
674 543 792 581 quare
813 537 907 580 puto
927 529 1139 575 Quadi-ium
1159 533 1286 568 Mtreo
1308 534 1506 583 scripsisse
1524 546 1595 583 pro
1615 534 1698 580 Fas

269 592 390 629 bricio
399 609 416 640 ;
447 595 513 646 qui
542 608 583 631 re
610 608 701 632 vera
726 598 768 632 in
796 595 964 632 eundem
990 596 1128 634 incidit
1152 611 1343 647 errorem,
1373 606 1416 636 ut
1441 601 1522 636 iam
1546 600 1697 639 mouuL

266 662 411 710 pagina
438 669 570 698 autem
600 664 678 702 127
706 664 812 698 citati
838 664 935 698 tomi
953 666 976 703 6
1002 662 1099 699 haec
1115 677 1268 717 quoque
1287 667 1470 702 retulerat
1491 665 1696 712 Quadriu&

260 721 286 738 “
299 727 526 774 cresconio,
566 741 727 765 vescovo
759 728 975 776 Affricam,
1004 731 1138 767 fioriva
1172 734 1272 768 circa
1302 733 1359 782 gli
1385 733 1478 768 anni
1507 731 1572 768 del
1603 733 1696 782 Sig-

263 805 359 829 nore
379 796 479 839 696,
519 795 586 829 nel
610 801 741 844 tempo
772 793 843 830 che
874 795 899 831 l'
927 795 1072 834 Affrica
1097 798 1142 834 su
1171 796 1232 834 da‘
1264 799 1448 835 Saraceni
1479 797 1622 836 ridotta
1653 801 1695 837 in

265 856 422 895 servitu.
480 861 616 896 scrisse
645 862 686 896 in
710 874 764 897 un
794 873 934 911 poema
961 862 999 898 le
1026 875 1163 912 guerre
1192 878 1212 900 e
1239 865 1277 900 le
1297 866 1475 912 vittorie‚
1507 863 1579 901 che
1598 866 1695 902 Gim-

263 926 382 960 vanni
412 924 637 971 Desiderio,
667 928 853 973 pastrizio,
883 927 1067 965 mandato
1096 927 1146 965 da
1172 931 1342 968 Leonzio
1375 931 1620 981 imperadore
1652 933 1694 968 in

261 990 426 1037 Affrica,
457 989 600 1040 riporto
626 997 756 1026 contra
774 991 788 1025 i
807 989 975 1040 predetti
993 991 1167 1039 barbari,
1199 1009 1307 1032 come
1330 995 1455 1045 veder-
1467 999 1502 1034 si
1521 997 1598 1048 pub
1621 1011 1695 1048 ap-

261 1069 395 1107 presso
421 1058 451 1092 11
476 1057 684 1103 Mabillon,
713 1057 819 1092 nella
845 1059 972 1106 prima
997 1065 1106 1107 parte
1130 1057 1195 1095 del
1217 1060 1352 1096 Museo
1374 1064 1521 1101 Italico.
1576 1077 1642 1100 ma
1662 1065 1694 1101 il

263 1122 369 1159 detto
397 1136 536 1174 poema
564 1123 586 1160 ὲ
614 1117 781 1173 perit0.’'
846 1123 1133 1161 observandum
1161 1132 1218 1162 est
1248 1126 1524 1164 Mabillonium
1541 1132 1582 1166 in
1599 1137 1693 1168 nota

260 1189 404 1227 codicis
432 1191 699 1237 vallicellani,
736 1191 816 1225 iam
847 1202 964 1240 supra
991 1192 1112 1227 relata
1145 1204 1197 1227 ex
1226 1193 1393 1231 Baronio
1421 1201 1460 1230 et
1486 1196 1692 1245 Fogginio,

257 1256 400 1306 legisse
430 1263 517 1306 post
543 1257 732 1293 Iohannis
758 1269 902 1292 nomen
935 1259 1053 1293 etiam
1082 1258 1200 1301 Des„
1230 1271 1282 1294 ex
1302 1272 1378 1311 quo
1402 1262 1566 1302 coniecit
1587 1265 1692 1308 Qua-

256 1321 363 1359 drius
390 1321 494 1358 1111110
521 1323 737 1359 Iohannem
763 1323 884 1359 altero
909 1325 1069 1360 nomine
1102 1326 1220 1363 etiam
1242 1325 1491 1365 Desidet-ium
1510 1337 1691 1370 vocatum

252 1390 389 1426 fuisse.
447 1402 499 1425 ex
520 1390 690 1426 recitatis
709 1387 869 1433 Quadrii
888 1390 1016 1427 verbis
1041 1396 1147 1440 patet
1171 1393 1302 1441 ipsum
1323 1401 1489 1445 quatuor
1507 1401 1690 1446 poemata

252 1456 394 1492 fecisse
423 1468 474 1491 ex
501 1467 602 1502 uno,
633 1461 671 1490 et
691 1461 768 1490 tres
788 1462 964 1492 auctores
984 1469 1036 1492 ex
1052 1459 1167 1494 unico
1189 1458 1406 1511 eodemque
1427 1462 1593 1513 Corippo
1612 1476 1689 1500 no·-

249 1529 343 1559 stro.
400 1523 594 1572 Leyserus
611 1533 764 1572 quoque
786 1522 849 1557 cit.
868 1521 979 1558 Hist.
1001 1535 1041 1572 p.
1066 1524 1142 1563 173
1164 1531 1203 1560 et
1221 1537 1303 1577 seq.
1325 1525 1530 1577 distinguit
1545 1533 1688 1579 poema

249 1588 491 1626 Iohanniclos
509 1588 557 1623 ab
581 1587 713 1633 altero,
741 1588 802 1622 cui
822 1588 981 1624 titulum
996 1589 1092 1625 fecit
1109 1591 1174 1629 De
1192 1590 1304 1629 bellis
1321 1592 1467 1634 Iustini
1482 1595 1525 1630 in
1537 1594 1688 1645 Afi'b‘ca

248 1662 383 1692 contra
423 1654 626 1692 Vandalus
637 1681 652 1698 ‚
680 1665 754 1688 nec
797 1666 877 1694 nou
914 1661 1122 1707 utrumque
1157 1661 1298 1706 poema
1332 1660 1468 1698 tribuit
1504 1662 1685 1712 Cor-Ippo,

247 1721 432 1773 huncque
463 1734 594 1757 rursus
623 1718 827 1768 distinguit
855 1732 878 1756 a
908 1720 1132 1771 Cresconio,
1171 1736 1291 1775 quem
1319 1724 1412 1762 dicit
1431 1739 1472 1776 p.
1496 1729 1573 1768 198
1599 1730 1690 1778 epi-s

249 1800 414 1839 scopum
428 1788 658 1824 Africanum
676 1787 775 1822 circa
791 1798 937 1822 almum
956 1789 1058 1835 690,
1088 1797 1126 1826 et
1145 1798 1343 1830 auctorem
1357 1793 1452 1829 facit
1467 1793 1567 1830 alius
1584 1799 1685 1845 poe-p

248 1857 390 1903 matis»,
427 1857 471 1891 111
496 1866 573 1906 quo
603 1854 805 1903 descripsit
835 1851 938 1890 bella
966 1861 1002 1890 et
1030 1857 1235 1904 victorias,
1264 1873 1364 1910 quas
1386 1859 1582 1902 Iohannes
1600 1875 1684 1910 pa·-

249 1924 384 1959 trieim
417 1935 444 1957 a
479 1922 642 1958 Leontio
681 1922 908 1969 imperatore
946 1922 990 1957 in
1030 1921 1222 1972 Afiieam
1255 1927 1394 1966 missus·
1429 1926 1478 1963 de
1514 1927 1683 1965 Sarace-

248 1991 311 2026 nis
338 1990 560 2042 reportavit,
621 1986 787 2024 eandem
812 1999 966 2038 quoque
993 1986 1284 2028 distinctionem
1301 1993 1459 2044 Corippi
1474 2005 1500 2030 va
1518 1993 1685 2031 cresco·

245 2056 312 2092 nio
348 2061 503 2092 secutus
542 2061 599 2090 est
636 2052 796 2090 tandem
832 2051 918 2090 Ioh.
945 2055 1105 2093 Lamias
1143 2059 1186 2096 111
1221 2059 1479 2110 Chronologia
1506 2061 1680 2100 virorum

245 2121 458 2158 eruditione
477 2122 765 2171 praestantium
790 2133 832 2171 p.-
853 2123 929 2162 193
949 2129 987 2159 et
1010 2123 1113 2164 195:
1142 2132 1350 2178 utrumque
1377 2127 1485 2163 enim
1503 2126 1560 2164 ibi
1580 2131 1678 2177 poe-

244 2196 327 2227 tam
347 2188 455 2228 dicit.

348 2254 482 2292 Redeo
506 2266 611 2291 nunc
635 2251 687 2290 ad
712 2254 1005 2293 Trivultianum
1029 2255 1217 2295 codicem.
1272 2258 1308 2295 is
1327 2266 1417 2308 post
1436 2259 1678 2297 Iohanniclos

235 2321 358 2361 libros
380 2322 460 2358 illis
480 2322 522 2356 in
540 2319 683 2357 chartis
707 2319 888 2379 adiectis,
918 2329 962 2359 ut
986 2335 1105 2373 supra
1129 2325 1284 2371 monui,
1315 2327 1485 2362 continet
1505 2324 1676 2376 acepha-

234 2389 320 2425 lum
339 2389 604 2438 fragmentum
621 2389 809 2437 poematii
831 2388 957 2426 Italici
978 2389 1124 2441 absque
1144 2393 1311 2429 auctor-is
1330 2393 1513 2440 nomine,
1547 2405 1600 2429 ex
1621 2394 1675 2432 78

234 2455 434 2502 ternariis,
467 2454 586 2503 vulgo
609 2455 755 2490 terzettc'
772 2455 836 2490 vel
854 2456 995 2491 terzine
1003 2483 1020 2500 ,
1057 2468 1222 2507 quorum
1238 2459 1345 2508 prior
1363 2464 1443 2499 est:
1476 2484 1478 2488 ,

450 2534 522 2556 εοη
537 2527 712 2570 sos-legno
733 2521 799 2556 del
815 2521 955 2560 mondo
974 2529 1070 2558 tutto
1090 2530 1235 2574 quanto
1235 2550 1254 2569 ,

394 2586 538 2637 perche}
549 2587 686 2638 sana
644 2586 770 2638 figli,
800 2588 958 2638 etfamc‘
973 2590 1209 2638 compagnia

403 2652 599 2690 ubedientc
617 2653 663 2690 al
679 2654 845 2698 marito,
874 2669 893 2691 e
913 2668 982 2691 ειιο
1003 2661 1133 2694 vante.

238 2727 457 2775 postremus
473 2727 606 2759 eutem
627 2733 680 2759 ex
699 2719 807 2758 hisce
827 2723 1004 2760 ternariis
1025 2728 1104 2760 est:
