1702 3060
1651 105 1671 127 *2¹4

262 155 427 186 xxxvm
753 138 1191 184 MAZZUCCHELLII
1655 130 1675 200 [l

264 252 464 303 congessi3
507 248 577 288 sed
600 250 658 287 nil
682 249 791 286 aliud.
819 262 872 287 ex
898 251 946 287 iis
976 248 1073 286 locis
1101 253 1248 286 constat
1272 247 1350 284 nisi
1376 242 1467 286 eum
1494 244 1615 286 fuisse

263 320 395 358 Africa
419 319 526 369 prius
556 317 626 354 sub
653 317 841 354 Belisario
871 323 909 354 et
935 314 1184 367 postmodum
1212 315 1283 352 sub
1314 315 1504 353 Germano
1533 314 1628 352 duce
1652 310 1660 314 Γ

265 391 380 436 atque
407 397 458 420 ex
482 387 660 433 poemate
685 396 789 421 nunc
806 397 827 420 a
843 397 908 421 me
927 383 1051 432 edito,
1079 385 1122 420 in
1146 383 1277 420 Africa
1301 382 1454 420 obiisse.
1512 383 1684 433 quinim't

265 463 318 486 ex
342 448 481 486 eodem
504 453 682 499 poemate
701 451 728 486 1.
748 453 774 491 7
792 464 829 487 v.
853 453 930 492 576
948 461 1050 487 nunc
1068 463 1211 487 nomen
1230 451 1387 486 illorum
1404 449 1523 499 patris
1544 431 1686 500 accipiss

261 528 349 552 mus
374 515 494 551 fuisse
518 516 734 564 Evantmn,
766 523 803 553 et
829 515 1011 555 Iohannis
1030 518 1154 554 filium
1171 519 1331 553 Petrum
1347 521 1528 553 vocatum
1545 527 1597 551 ex
1614 515 1643 550 1.
1660 513 1684 562 1

261 595 300 619 v.
322 584 398 622 197
416 588 454 617 et
471 594 581 633 seqq.
595 612 605 630 ,
638 596 710 620 nec
734 597 814 620 non
843 598 894 620 ex
915 599 953 621 v.
974 586 1051 626 305
1071 591 1185 636 atque
1204 597 1255 620 ex
1274 584 1301 620 l.
1321 585 1344 623 6
1361 579 1399 619 v.
1418 582 1499 622 209
1522 586 1560 616 et
1578 574 1685 630 seq-‘3

260 646 367 685 hunc
395 661 486 685 vero
514 657 736 700 susceptum
763 663 785 686 a
814 649 986 687 Iohanne
1016 664 1068 687 ex
1097 653 1202 701 regia
1234 651 1418 699 coniuge,
1449 659 1569 698 quam
1596 643 1686 683 inde

262 716 567 752 coniectaveram
588 717 707 753 fuisse
730 718 918 754 Iustinam
939 719 1123 754 Germani
1145 717 1285 764 filiam,
1321 719 1389 767 qui
1410 724 1462 751 ex
1479 711 1596 750 fratre
1615 725 1688 748 ne—

261 794 333 831 pos
355 783 503 817 exstitit
523 783 727 819 Iustiniani
745 785 924 833 Augusti.
960 783 1002 820 id
1021 785 1121 820 clare
1138 782 1239 820 mihi
1256 781 1460 820 videbatur
1478 781 1562 816 erui
1575 789 1688 829 posse

262 860 314 883 ex
334 847 362 882 l·
386 849 404 886 1
427 859 465 883 v·
483 849 564 888 202
587 855 624 884 et
646 861 726 900 seq.
741 879 750 896 ,
781 856 824 886 ut
845 849 1025 886 adnotavi
1051 849 1100 886 ad
1124 851 1211 886 illos
1233 861 1381 886 versus.
1440 858 1530 883 cum
1560 851 1690 880 autem

262 914 444 949 attentius
469 914 715 962 postmodnm
740 916 893 960 singula
913 917 1091 965 Procopii
1108 916 1191 952 loca
1211 913 1506 965 perpenderim,
1534 912 1577 947 in
1602 911 1691 961 qui-

259 979 332 1015 bus
362 977 409 1014 de
437 977 574 1014 eodem
600 976 773 1014 Iohanne
799 977 983 1014 Vitaliani
1009 989 1060 1012 ex
1086 990 1215 1013 sorore
1242 987 1384 1031 nepote
1411 979 1513 1028 agit,
1551 975 1692 1026 depre-

261 1043 383 1082 hendi
403 1043 541 1080 eodem
558 1051 751 1094 tempore,
782 1056 858 1095 quo
881 1041 945 1079 hic
975 1042 1044 1094 (ut
1064 1049 1212 1080 constat
1233 1056 1284 1079 ex
1303 1043 1331 1079 l.
1349 1049 1373 1082 5
1399 1045 1446 1080 <Ze
1469 1043 1568 1080 bello
1595 1043 1694 1079 Got-

264 1111 365 1148 thico
383 1124 415 1147 c.
437 1110 490 1151 40
510 1124 548 1160 p.
571 1111 650 1152 560
669 1117 706 1147 et
725 1123 807 1161 seq.
820 1140 830 1157 ,
858 1111 954 1146 item
971 1111 998 1146 l.
1019 1108 1044 1149 4
1065 1123 1096 1146 c.
1116 1112 1165 1150 21
1189 1116 1226 1146 et
1244 1122 1325 1160 seq.
1345 1122 1384 1159 p.
1404 1107 1483 1148 625
1502 1115 1540 1144 et
1556 1107 1691 1161 seqq.)

227 1180 229 1183 '
261 1191 404 1227 nempe
423 1190 522 1213 anno
542 1179 689 1214 circiter
707 1177 787 1218 550
805 1184 843 1213 et
861 1189 942 1227 seq.
1001 1177 1153 1213 Salonis
1174 1175 1392 1222 hiemabat,
1422 1180 1466 1210 ut
1482 1175 1523 1210 in
1541 1175 1694 1212 Italiam

264 1242 489 1282 adventaret
515 1257 603 1280 cum
627 1246 785 1281 Narsete
809 1242 860 1280 ad
879 1241 1129 1279 debellandos
1150 1240 1311 1279 Gotthos
1331 1241 1402 1279 sub
1422 1241 1460 1277 T
1463 1241 1555 1276 otila
1575 1240 1693 1278 dimi-

265 1318 416 1359 cantes,
446 1312 602 1347 interim
630 1308 846 1347 Iohannem
871 1318 1047 1348 nostrum
1077 1309 1146 1362 (ut
1166 1315 1273 1359 patet
1292 1321 1343 1345 ex
1362 1313 1492 1344 nostro
1512 1311 1692 1358 poemate

265 1378 403 1415 collato
424 1391 511 1414 cum
531 1378 579 1413 iis
600 1389 699 1426 quae
718 1378 927 1426 Procopius
950 1382 1082 1412 narrat
1103 1377 1165 1412 cit.
1185 1377 1214 1412 l.
1235 1374 1261 1416 4
1282 1388 1314 1412 c.
1337 1377 1356 1414 1
1380 1381 1418 1411 et
1439 1386 1548 1425 seqq.
1568 1387 1693 1426 usque

265 1442 316 1480 ad
337 1442 411 1493 16)
442 1446 482 1479 in
503 1441 751 1492 expeditione
770 1449 901 1478 contra
920 1445 1058 1479 Persas
1076 1443 1196 1478 fuisse
1209 1471 1218 1489 ,
1250 1455 1302 1478 ex
1321 1454 1398 1492 qua
1420 1447 1619 1478 revocatus
1644 1441 1692 1478 ab

265 1510 497 1560 imperatore
515 1511 557 1545 in
575 1510 748 1546 Africam
764 1511 906 1546 missus
923 1510 998 1545 fuit
1015 1515 1203 1559 tanquam
1219 1510 1405 1558 magister
1418 1508 1580 1543 militiae
1599 1521 1694 1544 con-

265 1582 323 1612 tra
352 1578 507 1612 Mauros
536 1576 722 1623 rebelles,
752 1582 795 1612 ut
820 1582 950 1612 narrat
975 1573 1083 1611 idem
1108 1577 1319 1625 Procopius
1349 1588 1382 1611 c.
1409 1576 1459 1615 12
1491 1574 1595 1611 citati
1621 1575 1650 1611 1.
1666 1574 1694 1616 4

264 1655 303 1692 p.
323 1641 402 1682 614
423 1649 461 1679 et
481 1643 528 1679 de
547 1641 646 1678 bello
672 1641 890 1679 Vandalico
909 1643 937 1678 l.
959 1644 984 1681 2
1008 1655 1039 1678 c.
1062 1643 1114 1682 28
1137 1654 1176 1690 p.
1199 1639 1292 1680 305.
1351 1653 1444 1678 sane
1471 1641 1522 1678 ad
1549 1655 1695 1680 annum

265 1706 408 1744 Christi
426 1707 502 1749 551
529 1709 646 1746 refert
663 1710 895 1746 Muratorius
922 1710 965 1745 in
990 1707 1207 1745 Annalibus
1232 1707 1387 1755 Italiae,
1420 1706 1525 1758 quod
1554 1707 1602 1745 de
1629 1711 1695 1746 Io-

264 1772 395 1810 hanne
426 1781 557 1811 nostro
584 1777 794 1826 Procopius
821 1776 868 1812 cle
887 1774 993 1811 hello
1030 1774 1207 1811 Gottliico
1238 1774 1265 1810 l.
1289 1773 1315 1813 4
1339 1787 1372 1810 c.
1392 1773 1444 1814 34
1469 1787 1509 1824 p.
1529 1777 1608 1816 637
1632 1774 1694 1814 his

266 1840 395 1877 verbis
422 1848 574 1877 narrat:
619 1843 847 1879 Sardiniam
886 1841 1034 1878 Totilas
1063 1839 1292 1890 vectigalem
1310 1840 1426 1890 ficit.
1498 1841 1606 1892 quod
1627 1841 1696 1879 uba·

268 1907 419 1955 accepit
444 1907 639 1946 Iohannes
650 1938 665 1955 ,
694 1910 856 1946 militiae
883 1910 1067 1959 magister
1086 1909 1128 1944 in
1144 1906 1294 1956 Afi·ica
1303 1933 1318 1951 ‚
1348 1906 1511 1943 classem
1530 1909 1573 1944 in
1596 1909 1697 1945 Sar-

268 1971 419 2008 diniam
441 1987 530 2010 cum
550 1978 670 2026 copiis
693 1976 861 2013 destinat
868 1990 885 2022 ;
915 1989 1014 2026 qaae
1036 1987 1125 2012 cum
1141 1972 1198 2008 ad
1215 1971 1349 2008 urbem
1371 1973 1546 2010 Calarim
1564 1987 1696 2011 acces-

268 2039 432 2084 sissent,
462 2044 598 2078 castris
615 2044 755 2092 pos-itis
777 2042 1010 2079 obsidionem
1034 2038 1347 2084 meditabantur,
1376 2041 1543 2090 impares
1563 2055 1604 2078 se
1624 2055 1696 2091 op·-

265 2107 496 2156 pugnandis
527 2109 725 2146 moenibus
756 2109 971 2146 iudicantes
1000 2121 1039 2144 eo
1071 2106 1178 2158 quod
1206 2105 1262 2142 ibi
1280 2102 1526 2156 praesidium
1561 2107 1700 2144 Gottki

268 2173 367 2207 satis
392 2173 569 2210 validam
597 2173 794 2212 haberent.
854 2189 895 2212 re
922 2174 1080 2211 barbari
1106 2174 1262 2223 cognita
1288 2186 1333 2209 ex
1357 2173 1451 2210 arbe
1471 2179 1696 2223 erumpunt,

268 2235 471 2289 subitoque
506 2241 652 2290 impetu,
679 2241 852 2278 hostibus
866 2242 998 2292 facile
1027 2242 1069 2277 in
1084 2240 1237 2290 ficgam
1262 2240 1382 2276 versis
1410 2239 1552 2276 multos
1573 2240 1696 2288 confi-

271 2303 392 2342 ciunt.
437 2308 579 2343 caeteri
595 2307 652 2343 ad
665 2321 783 2345 naves
801 2315 884 2344 tum
904 2320 1071 2354 evasere;
1100 2320 1170 2342 neo
1186 2306 1306 2342 multo
1316 2313 1408 2356 post
1425 2307 1516 2343 inde
1526 2308 1698 2358 profecti

272 2383 363 2406 cum
390 2373 498 2408 omni
524 2372 647 2409 classe
668 2382 927 2422 peruenerunt
958 2373 1261 2424 Carthaginem,
1300 2372 1430 2423 ibique
1457 2372 1698 2420 hiemarum,

264 2438 396 2485 primo
425 2452 512 2476 vere
538 2438 682 2476 bellum
714 2441 851 2477 iterum
883 2442 926 2477 in
959 2441 1155 2477 Corsicam
1183 2446 1220 2475 et
1251 2439 1478 2476 Sardiniam
1499 2441 1698 2488 portaturi

271 2504 413 2539 maiori
441 2517 529 2540 eam
555 2513 766 2556 apparatu.
825 2519 897 2543 nec
924 2508 1091 2557 amplius
1109 2506 1151 2542 fit
1169 2506 1315 2542 mentio
1338 2503 1442 2556 apud
1462 2506 1696 2556 Procopium

271 2567 320 2606 de
348 2567 521 2607 Iohanne
548 2578 692 2609 nostro.
752 2573 834 2609 eius
859 2573 978 2610 verba
1004 2571 1081 2609 huc
1108 2572 1243 2619 retuli,
1275 2573 1367 2623 quia
1385 2584 1438 2609 ex
1454 2571 1501 2609 iis
1517 2571 1618 2608 mihi
1632 2573 1694 2609 vi·-

265 2633 382 2672 detur
410 2643 583 2675 constare
616 2640 742 2688 magis
767 2639 972 2689 magisque
993 2636 1209 2675 Iohamlem
1231 2639 1358 2688 Pappi
1375 2638 1536 2676 fratrem
1555 2637 1695 2677 distin-

266 2701 470 2753 guendum
496 2717 580 2742 esse
607 2717 630 2741 a
655 2703 829 2742 Iohanne
854 2705 1039 2744 Vitaliani
1064 2718 1116 2742 ex
1147 2717 1277 2743 sorore
1306 2712 1473 2756 nepote,
1507 2707 1575 2758 q‘ui
1603 2710 1696 2742 tunc
