1702 3060
454 123 529 165 DE
563 123 836 168 LAUDIBUS
870 123 1091 170 IUSTINI.
1401 123 1497 170 385

40 214 193 285 *ων
250 230 457 270 claudian.
481 245 625 285 paneg.
657 233 706 272 de
731 247 838 273 cons.
859 235 1010 286 Olybrii
1027 241 1066 272 et
1080 234 1264 273 Probini:
1294 235 1502 274 unanimes

39 283 195 386 ,ἐῢ-ιε
213 287 367 326 iunctos
378 297 594 340 praeeunte
614 297 754 328 senatu
771 293 826 328 ire
833 291 991 341 sorum.
1054 298 1093 328 et
1109 289 1158 329 de
1178 294 1203 333 6
1225 293 1330 329 Hon.
1349 292 1501 330 consul.

71 387 73 390 Α
96 350 100 355 ’
147 349 285 396 elaque
303 346 429 396 cingit
440 347 574 397 regius
595 349 748 384 auratis
753 348 856 398 jbra
860 346 1051 398 fascibus
1079 348 1200 398 Ulpia
1220 347 1346 385 lictor.
1396 349 1500 386 infra

40 398 62 430 «Ψ
95 401 204 442 '2332
233 402 392 438 incessit
415 401 542 439 laetas
553 403 769 453 praeclara
787 405 831 440 in
857 411 959 440 veste
977 410 1149 441 senatus.
1212 416 1380 456 quorum
1408 405 1500 457 qui-

72 502 77 505 „
169 458 361 495 nonnulla
392 457 665 497 animadversa
695 466 787 497 sunt
817 472 838 496 a
865 460 958 497 viris
989 459 1113 497 doctis
1126 489 1136 507 ‚
1178 461 1312 497 omnia
1333 473 1356 497 a
1373 461 1500 509 nullo,

52 506 158 569 {flod
174 514 310 551 sciam.
369 514 502 566 itaque
521 517 640 553 sacris
657 517 826 567 peractis
847 523 1005 554 senatus
1030 515 1199 553 ducebat
1220 515 1385 554 domum
1403 530 1502 554 con-

39 567 168 618 mes.
226 569 342 608 Ovid.
363 569 412 607 de
433 573 558 609 Ponto
579 570 605 612 4
629 570 675 612 4:
713 572 805 609 inde
834 572 995 610 domum
1020 579 1165 623 repetes
1192 579 1270 610 toto
1292 574 1501 611 comitante

51 622 205 672 finum,
233 627 406 677 officium
416 627 562 678 populi
576 629 643 664 vix
660 630 837 679 capiente
852 628 979 666 domo.
1038 630 1226 667 Demsv.

55 681 116 704 ‘⁴
159 683 259 723 288.>
313 682 362 720 de
378 685 564 722 Marcello
593 686 734 722 Iustini
760 685 880 722 fratre
910 685 1052 722 nullibi
1078 685 1323 723 mentionem
1353 685 1502 723 factam

36 737 221 791 {hwelfim
278 739 515 778 Baduarius
529 754 622 778 vero
643 747 711 778 aut
731 741 961 778 Badoarius
987 744 1099 789 (nam
1126 749 1295 794 utroque
1321 740 1441 779 modo
1458 742 1501 779 in

36 790 341 846 ”hiemplaribus
370 809 434 834 ms
459 796 622 848 legitur)
656 810 778 848 gener
801 798 877 835 fuit
905 799 1044 835 Iustini
1068 799 1267 845 Caesaris,
1308 798 1378 850 qui
1395 810 1500 835 anno

35 842 171 906 ssspfiius
198 851 356 904 imperii
383 851 538 891 decimo
565 855 709 892 missus
738 856 781 891 in
801 854 957 891 Italiam
985 861 1118 891 contra
1136 853 1420 904 Longobardos
1442 854 1499 891 ibi

34 907 199 961 §boelio
217 909 344 947 victus
364 916 423 947 est
440 923 514 947 nec
531 911 658 946 multo
678 917 770 960 post
789 911 909 947 etiam
929 917 1129 959 mortuus,
1167 917 1212 948 ut
1230 911 1285 947 ait
1310 911 1353 947 in
1373 908 1501 948 Chro-

47 959 135 1002 ffl'no
153 962 349 1003 Iohannes
369 965 489 1003 abbas
509 966 759 1003 BiclarensiS·
817 967 939 1003 Rmz.

156 1019 210 1057 ib.
272 1021 514 1073 Marcellus]
543 1035 622 1059 non
646 1028 704 1059 est
732 1022 766 1059 is
799 1024 867 1073 qui
895 1034 985 1058 cum
1004 1021 1175 1058 Albanio
1195 1020 1359 1060 insidias
1378 1021 1499 1060 Iusti-

49 1074 165 1114 flimo
186 1077 416 1128 imperatori
433 1085 491 1116 est
505 1079 686 1126 molitus,
717 1083 757 1114 et
789 1078 1058 1115 coniuratione
1089 1076 1241 1114 detecta
1269 1076 1404 1129 gladio
1432 1078 1498 1115 in-

50 1132 234 1171 mmbens
249 1134 494 1172 inconsultae
511 1135 744 1172 temeritatis
762 1147 911 1185 poenas
932 1147 953 1170 a
975 1147 1016 1171 se
1030 1140 1156 1170 morte
1174 1136 1322 1185 exegit,
1342 1141 1387 1172 ut
1404 1147 1500 1172 nar-

49 1190 107 1226 rat
124 1189 344 1239 Diamnus,
375 1190 447 1228 sed
467 1191 566 1228 alius
580 1221 590 1238 ‚
622 1191 732 1228 cuius
754 1192 903 1227 mentio
922 1190 1034 1227 nulla
1060 1188 1167 1240 apud
1183 1188 1391 1228 historicos
1414 1191 1499 1228 eius

47 1245 193 1283 saeculi
214 1245 323 1298 quod
342 1249 478 1295 sciam,
510 1254 548 1284 et
568 1254 702 1284 tamen
723 1260 815 1283 eum
834 1247 976 1284 Iustini
995 1246 1158 1282 fratrem
1174 1246 1270 1283 facit
1290 1246 1498 1297 Corippus.

45 1292 231 1340 Bzmsr.
287 1316 368 1341 non
386 1304 532 1354 legitur
550 1304 592 1340 in
611 1303 704 1340 ullis
723 1309 903 1340 veterum
919 1303 1186 1339 monumentis
1204 1302 1500 1353 Iustinosaisee

35 1355 230 1409 fratrem,
261 1371 353 1396 cum
381 1360 482 1396 aliae
507 1360 591 1396 eius
616 1360 749 1396 minus
771 1365 877 1396 artae
896 1357 1206 1396 necessitudines
1227 1365 1387 1395 notatae
1406 1359 1500 1396 sint.

47 1422 169 1465 quare
191 1416 369 1466 suspicor
386 1415 536 1467 fratris
552 1416 595 1452 in
614 1414 842 1466 obsequium
873 1414 925 1452 ad
950 1427 1083 1452 curam
1113 1427 1369 1466 amoremque
1385 1415 1500 1465 prin-

47 1470 145 1521 cipis
174 1472 269 1508 novi
297 1472 406 1509 velut
434 1471 650 1509 fraternum
675 1472 807 1522 potius
839 1484 960 1522 quam
991 1472 1226 1521 sanguinem
1246 1470 1499 1508 referendum

45 1538 146 1563 esse.
202 1528 455 1565 notissimum
467 1557 478 1576 ,
518 1529 588 1579 qui
618 1529 812 1564 artissime
841 1534 1022 1564 amantur
1054 1534 1091 1564 et
1110 1533 1243 1563 amant
1255 1556 1265 1575 ,
1308 1539 1499 1578 germano

43 1582 299 1635 fraternoque
317 1597 451 1621 amore
471 1597 512 1621 se
534 1583 698 1633 diligere
718 1584 890 1620 invicem
907 1582 998 1620 dici.
1040 1582 1180 1634 quodsi
1199 1581 1276 1620 hoc
1295 1596 1501 1620 commen-

44 1643 131 1676 tum
144 1640 277 1677 minus
293 1640 436 1691 placet,
466 1654 538 1691 per
554 1640 693 1677 fratres
714 1638 880 1676 duarum
898 1652 1078 1677 sororum
1094 1637 1160 1675 hic
1177 1640 1310 1676 mariti
1327 1640 1501 1690 intelligi

43 1702 222 1746 possunt,
242 1697 457 1747 imperator
465 1698 653 1733 nimirum
665 1709 790 1733 novus
810 1702 848 1733 et
864 1697 939 1733 iste
949 1696 1173 1733 Marcellus.
1201 1702 1330 1746 potest
1348 1709 1441 1733 vero
1461 1701 1501 1733 et

44 1749 232 1789 Baduarii
243 1752 364 1790 frater
371 1752 494 1790 fuisse
503 1753 714 1790 Marcellus
725 1754 813 1789 iste.
843 1751 914 1790 sed
927 1754 1022 1789 certi
1032 1750 1135 1788 nihil
1147 1753 1306 1789 scimus.
1331 1754 1498 1789 BAn‘rn.

35 1808 223 1858 *Assagrii
234 1808 449 1846 lectionem
461 1810 650 1846 intactam
665 1809 818 1860 reliqui,
840 1807 910 1846 sed
923 1810 956 1845 si
967 1809 1026 1845 fas
1038 1814 1109 1855 est,
1134 1808 1273 1844 malim
1283 1809 1416 1859 legere
1428 1821 1500 1859 per

44 1865 288 1914 synaeresim
299 1866 558 1911 Marcianus,
580 1877 700 1917 quem
708 1866 880 1902 Iustinus
895 1865 1064 1902 Orientis
1083 1862 1225 1902 ducem
1244 1865 1498 1912 renuntiavit,

44 1925 86 1958 ot
94 1931 214 1972 quem
223 1921 472 1972 imperatoris
483 1919 711 1971 ἐξάδελφον,
730 1919 773 1957 id
785 1927 842 1959 est
852 1921 1141 1968 consobn‘num,
1153 1927 1268 1958 vocat
1277 1919 1501 1971 Theopha-

41 1986 115 2030 nes
124 1977 338 2028 Byzantius
356 1976 462 2029 apud
471 1976 671 2026 Photium,
689 1976 737 2014 de
747 1977 899 2014 familia
910 1978 1161 2028 imperatoria
1172 1975 1500 2027 Theophylactus

44 2031 271 2081 Simocatta,
287 2035 437 2072 Iustino
448 2046 591 2085 genere
605 2035 856 2072 coniunctum
867 2034 1075 2083 Evagrius.
1107 2034 1301 2069 Martinus
1310 2034 1500 2069 nomina-

43 2088 110 2125 tur
123 2090 165 2125 in
183 2087 375 2127 Chronico
394 2089 652 2142 Theophanis
670 2097 757 2127 tum
777 2091 926 2127 Graeco
945 2096 1031 2127 tum
1051 2090 1093 2124 in
1110 2090 1297 2125 Latinum
1315 2101 1430 2125 verso
1448 2088 1499 2125 ab

21 2146 25 2150 '
43 2145 252 2197 ,Anastasio
270 2145 568 2184 bibliothecario
581 2159 592 2194 ;
623 2159 701 2198 qua
716 2145 764 2183 de
777 2159 818 2183 re
830 2144 972 2183 eodem
987 2146 1148 2182 nomine
1163 2148 1293 2195 potuit
1314 2146 1446 2191 etiam,
1463 2144 1499 2181 si

39 2201 186 2252 gnavis,
207 2214 230 2238 a
241 2200 626 2254 Corippo'appellari.
664 2201 759 2239 hinc
772 2209 904 2239 autem
915 2202 1115 2251 intelliges
1128 2212 1286 2252 quoque
1299 2213 1368 2237 cur
1377 2198 1443 2237 hic
1454 2201 1498 2237 in

42 2256 235 2295 ”limitata
260 2259 357 2296 novi
387 2260 634 2310 imperatoris
663 2260 814 2309 primus
834 2264 1102 2304 recenseatur,
1142 2258 1360 2307 postposito
1379 2257 1501 2293 etiam

43 2309 242 2367 ΗΒιὶίιιαιίο
259 2343 269 2362 ,
315 2315 384 2366 qui
403 2316 497 2352 novi
518 2316 765 2366 imperatoris
789 2321 871 2351 erat
903 2326 1026 2364 gener
1057 2319 1095 2350 et
1113 2325 1212 2350 mox
1230 2313 1359 2350 factus
1385 2325 1501 2350 curo-

17 2395 29 2407 .
43 2365 191 2421 mata.
248 2369 517 2423 Theophanes
538 2369 743 2408 cuiusdam
761 2371 941 2408 Marcelli
959 2370 1152 2417 meminit,
1173 2381 1294 2421 quem
1311 2370 1499 2407 Iustinia-

39 2423 122 2464 ·1'tus
139 2427 340 2479 copiarum
357 2427 560 2466 ductorem
579 2429 622 2464 in
642 2429 783 2465 Persas
801 2428 910 2464 misit
929 2439 964 2463 a.
983 2425 1079 2467 561,
1137 2426 1270 2463 Foco.

68 2480 71 2484 ⁴
157 2482 252 2524 284.
311 2497 434 2535 gener
459 2486 599 2522 Iustini
627 2484 704 2521 fuit
732 2483 986 2528 Baduarius,
1025 2481 1276 2528 Badoarim,
1317 2482 1384 2519 vel
1411 2481 1499 2517 aliis

47 2534 286 2586 must-ius,
319 2553 440 2593 quem
468 2547 606 2579 octavo
630 2541 789 2591 imperii
815 2553 917 2577 anno
937 2539 1081 2590 pugnis
1107 2551 1267 2576 caesum
1288 2550 1311 2574 a
1333 2537 1498 2574 cubicu-

44 2587 154 2633 hffis
182 2598 335 2634 senatui
365 2595 568 2645 exhibuit3
611 2598 721 2634 cuius
751 2597 809 2634 rei
834 2595 1069 2646 indignitate
1102 2594 1205 2646 (erat
1232 2594 1339 2631 enim
1367 2604 1499 2630 comes

44 2648 311 2704 imperialium
331 2652 594 2703 stabulorum)
617 2659 726 2691 mota
745 2651 897 2705 Sophia
928 2652 1041 2688 flexit
1060 2652 1256 2689 Iustinum
1281 2648 1333 2686 ad
1357 2648 1501 2699 poeni-

48 2702 235 2757 ῠέᾰιιῒίαιιις
271 2709 341 2762 qui
359 2710 403 2747 in
425 2710 580 2748 stabulo
608 2710 818 2747 commissa
846 2707 1088 2760 supplicibus
1115 2707 1246 2744 verbis
1269 2703 1501 2756 deprecatus

47 2762 437 2818 esrniduariumque
464 2766 644 2806 convivio
670 2763 866 2804 adhibuit.
922 2763 1022 2802 haee
1041 2764 1255 2801 Diaconus.
1312 2765 1405 2799 sunt
1429 2760 1499 2812 qui
