1702 3060
477 77 830 123 IOHANNIDOS
863 79 968 122 LIB.
1001 77 1056 122 II.
1437 79 1502 123 55

45 191 126 234 860
149 187 214 228 his
229 189 392 228 monitis
408 190 554 229 nostris
573 203 687 229 aures
709 188 905 229 contunde
928 190 1131 243 superbas.

153 256 250 296 dum
269 266 408 309 gentes
427 266 610 310 peccant,
643 260 770 311 pietas
789 261 970 297 Romana
989 259 1166 308 remittit,

154 332 374 379 cunctaque
395 326 535 365 deletis
557 326 678 365 donat
698 326 841 364 delicta
860 327 1031 366 libellis:

151 393 318 447 perdere
337 408 418 434 non
436 403 620 447 properat
639 387 916 447 quamcunque
936 396 980 432 in
997 396 1149 447 proelia
1171 400 1345 447 gentem,

152 464 380 514 paeniteant
398 465 432 500 si
450 463 556 501 bella
575 469 730 512 tamen,
760 465 795 501 si
814 461 975 507 foedera
994 476 1127 500 rerum

41 527 125 572 365
153 530 318 568 subiecti
342 531 578 583 veniamque
598 532 675 570 sibi
692 544 911 584 pacemque
933 533 1151 583 requirant.

153 597 226 636 sed
245 599 428 651 princeps
448 600 660 638 clementer
680 613 803 651 agens
821 598 922 638 haec
942 600 1076 637 omnia
1098 599 1253 636 mavult

152 679 238 704 esse
257 679 350 715 sua,
379 673 424 704 ut
444 674 603 706 cunctos
623 669 827 721 salvetque
848 667 1073 720 habeatque
1094 674 1298 720 regatque,

151 733 346 772 subiectos
367 736 546 774 relevans
558 766 568 785 ‚
595 737 784 789 frangens
801 739 945 775 virtute
964 736 1168 788 superbos.

149 812 231 838 nou
248 808 316 840 tua
335 804 525 843 sollicitus
544 812 679 842 teneat
697 803 817 843 modo
836 813 996 857 pectora
1017 811 1157 853 terror,

39 868 124 911 370
149 871 319 920 peccatis
343 872 527 910 obstricta
545 874 646 910 tuis:
674 885 848 925 namque
871 874 1004 910 omnia
1023 878 1203 924 prosunt,

153 939 186 974 si
205 936 364 988 redeas,
393 941 632 992 veniamque
652 941 725 977 tibi
742 954 963 993 pacemque
984 941 1164 978 volentes

150 1005 254 1043 ultro
272 1004 426 1045 damus.
484 1007 655 1057 discent,
685 1021 786 1060 quae
810 1011 861 1047 sit
882 1011 1062 1047 Romana
1080 1014 1268 1059 potestas,

149 1079 209 1111 tot
227 1074 365 1125 populi
378 1104 388 1123 ,
419 1082 458 1112 et
478 1088 579 1127 quae
600 1078 650 1114 sit
667 1078 794 1128 pietas
816 1079 1020 1129 virtusque
1042 1075 1221 1127 regendi.

153 1155 254 1195 quae
271 1143 461 1180 miserum
477 1143 631 1181 fortuna
652 1144 789 1183 tenet?
847 1153 1033 1183 nosterne
1052 1144 1181 1182 fidelis

37 1209 120 1253 375
147 1223 305 1263 semper
325 1224 430 1261 eras,
460 1215 606 1251 nostris
627 1214 766 1251 solitus
787 1213 960 1264 gaudere
983 1211 1211 1264 triumphis,

151 1285 246 1317 tunc
265 1279 368 1318 bene
387 1280 586 1318 subiectus
595 1279 615 1318 ‘3
673 1295 775 1334 quae
795 1290 835 1320 te
852 1283 959 1319 mala
975 1283 1058 1320 fata
1079 1282 1293 1333 superbum

149 1346 202 1385 ad
220 1348 304 1386 fera
322 1349 429 1386 bella
449 1347 639 1387 trahunt?
697 1350 861 1388 tandem
878 1352 962 1387 iam
980 1348 1117 1387 desere
1137 1351 1242 1387 facta

150 1415 330 1454 turbidus
349 1419 392 1454 iu
410 1418 566 1455 miseris
586 1430 688 1469 quae
704 1431 866 1456 exerces
884 1418 1011 1455 tristia
1030 1418 1158 1454 terris.

149 1483 248 1536 quid
268 1486 401 1532 iuvat,
432 1485 597 1533 infelix,
628 1488 808 1523 Romana
826 1487 1019 1524 lacessere
1038 1483 1185 1536 signa?

37 1553 121 1593 880
150 1551 298 1604 quidve
316 1565 434 1603 paras
453 1554 620 1591 miseros
640 1560 749 1592 tanta
765 1555 911 1592 iactare
930 1555 1044 1591 ruina
1054 1551 1074 1590 ’ἒ

149 1621 307 1658 vincere
323 1633 468 1671 nempe
487 1628 604 1672 putas
623 1635 877 1675 quascunque
897 1623 940 1658 iu
959 1621 1117 1659 saecula
1139 1627 1278 1672 gentes

148 1689 348 1726 Romanas
366 1695 410 1726 tu
426 1702 543 1740 posse
563 1702 721 1727 manus.
780 1703 853 1728 nos
868 1689 1054 1727 Parthica
1075 1702 1210 1740 regna,

149 1768 223 1794 nos
243 1757 392 1794 Alanos
410 1759 576 1795 Hunnos
597 1758 848 1811 Francosque
871 1759 1071 1810 Getasque
1088 1756 1320 1808 domamus3

151 1837 332 1877 quaeque
352 1826 424 1862 sub
449 1824 633 1864 aethereo
649 1827 778 1863 latum
797 1834 1039 1878 sparguntur
1056 1828 1099 1863 in
1119 1827 1257 1864 orbem

38 1890 122 1936 385
150 1905 227 1930 axe
243 1893 351 1931 ferae
371 1901 509 1945 gentes
521 1924 531 1943 ,
562 1897 707 1933 nostris
726 1896 973 1933 famulantur
991 1897 1033 1932 in
1053 1895 1169 1945 aulis,

146 1963 326 2014 principe
346 1962 499 2014 subque
518 1963 585 2014 pio
608 1963 724 2012 laeti,
755 1965 838 2001 iam
859 1965 985 2000 Marte
1005 1964 1157 2012 relicto,

151 2032 259 2069 iussa
277 2030 411 2067 ferunt
431 2033 622 2084 suavique
641 2033 734 2083 iugo
756 2046 827 2070 sua
846 2033 946 2070 colla
963 2031 1185 2069 reflectimt.

151 2101 307 2150 suscipe
329 2098 432 2136 dicta
453 2100 573 2148 citus,
604 2101 761 2139 salvans
781 2107 999 2153 gentesque
1019 2107 1207 2152 tuosque.

151 2181 232 2206 non
255 2169 366 2206 velut
387 2168 569 2206 imbelles
590 2176 747 2207 nostrae
767 2168 956 2206 mandata
976 2168 1115 2205 salutis

40 2236 123 2278 390
150 2238 364 2284 mittimus,
396 2243 463 2273 aut
483 2236 660 2287 fugimus
679 2251 834 2289 pugnas
855 2248 1075 2288 pacemque
1098 2247 1299 2285 rogamus.

153 2307 317 2357 captivis
338 2305 529 2357 vobisque
548 2307 664 2344 timet
679 2313 915 2357 vestraeque
935 2303 1055 2341 saluti

151 2375 399 2425 prospiciens
423 2375 580 2412 miseris
602 2376 751 2425 pietas,
783 2386 884 2425 quae
909 2372 1083 2410 continet
1104 2370 1256 2409 orbem.

153 2440 253 2479 haec
270 2441 371 2480 mihi
390 2456 538 2494 magna
558 2443 668 2479 iubet
686 2442 870 2494 perituris
892 2453 1052 2492 parcere
1074 2440 1234 2488 castris3

156 2517 314 2561 propter
331 2513 506 2564 captivos
524 2513 683 2552 veniam
704 2509 852 2548 donare
872 2508 1022 2547 licebit.

44 2629 114 2664 360
135 2628 190 2663 hic
203 2631 346 2667 monitus
365 2633 398 2666 Τ
499 2634 567 2669 361
590 2633 710 2669 malim
731 2643 818 2667 cum.
926 2630 996 2667 364
1019 2629 1194 2676 poeniteat
1210 2629 1250 2663 M
1354 2628 1422 2662 370
1446 2627 1508 2660 ob-

44 2674 214 2766 affgcti'l'
362 2678 430 2714 377
453 2679 565 2715 effera
582 2682 615 2716 Τ
764 2678 834 2715 383
857 2689 919 2713 nos
934 2678 1025 2712 latos
1041 2687 1153 2711 urmes
1171 2676 1203 2710 Τ
1353 2674 1422 2708 386
1445 2672 1509 2707 sub
