1702 3060
488 51 840 95 IOHANNIDOS
872 50 979 96 LIB.
1013 51 1113 95 VII.

183 160 394 198 consilium
413 159 575 202 ductor:
605 164 713 201 stetit
730 176 876 214 aggere
895 162 1038 200 celsior
1053 163 1154 214 lpse.

178 234 276 267 ‘tunc
295 229 390 266 laeti
408 243 553 267 venere
575 228 694 268 duces
712 231 912 282 fortesque
930 231 1091 279 tribuni,

181 303 302 349 atque
322 310 396 334 suo⁴
411 298 575 335 veniens
600 297 819 336 condensus
840 299 883 335 in
901 299 1059 349 agmine
1078 297 1195 335 miles

181 377 254 416 per
270 378 456 402 numeros
474 371 701 418 turmasque
720 367 820 413 ruit3
851 365 1046 417 rebusque
1064 363 1194 404 fidelis

71 431 156 475 185
181 431 425 470 contrahitur
445 433 618 484 Massyla
641 446 784 470 manus
805 434 863 470 sic
885 434 1002 470 mista
1024 434 1192 479 Latinis,

178 514 252 538 ceu
271 500 594 538 Romanaferox.
651 507 813 538 cunctos
836 513 949 538 amor
965 501 1050 552 ipse
1071 501 1249 551 magistri

178 569 442 620 terribilisque
460 574 590 606 metus
610 570 759 619 campis
782 581 983 606 occurrere
1006 568 1133 605 iussit.

174 637 384 673 unanimes
403 633 562 673 habitus
584 642 723 687 gentes
746 635 933 673 discernit
950 641 1152 686 utrasque.

174 702 237 742 his
256 705 409 742 tunicas
426 704 598 752 ferrum,
629 702 711 752 his,
741 703 860 741 nudis
881 702 930 740 de
950 716 1060 740 more
1080 703 1251 752 lacertis,

64 773 144 814 190
170 785 343 824 purpura
359 773 464 823 picta
483 771 601 809 dabat
613 802 622 820 ,
653 773 762 809 vario
779 773 967 824 permista
987 771 1132 812 colore,

171 836 246 876 hos
267 839 437 890 clipeus,
466 837 540 877 hos
558 847 662 878 cetra
679 841 792 890 tegit.
850 845 927 877 stat
947 837 1098 877 casside
1116 838 1244 876 celsus

171 907 289 945 miles
308 914 347 945 et
363 907 578 958 implicitae
601 909 762 945 Maurus
778 907 977 945 velamine
997 907 1129 958 pallae
1144 917 1156 943 τ

171 981 232 1013 ast
250 975 350 1012 alius
369 975 509 1024 longos
531 987 736 1012 removens
758 987 780 1012 a
802 975 931 1011 fronte
957 974 1135 1025 capillos,

168 1042 387 1080 missilibus
405 1043 524 1078 nixus
542 1044 712 1092 geminis
730 1049 769 1080 et
784 1043 935 1094 poplite
957 1041 1077 1089 flexo,

59 1110 139 1155 195
168 1117 236 1148 aut
260 1109 358 1147 dura
382 1108 552 1147 solidam
575 1108 750 1159 defigens
774 1107 936 1160 cuspide
955 1115 1118 1146 terram.

165 1191 264 1230 quos
285 1176 422 1214 ductor
440 1175 596 1214 medius
613 1175 727 1215 dictis
749 1176 891 1214 affatur
907 1177 1060 1214 amicis.

159 1240 358 1283 “Romani
377 1247 560 1293 comites,
590 1245 720 1283 fessae
739 1259 829 1298 spes
849 1246 966 1286 unica
983 1251 1125 1292 terrae,

165 1321 271 1352 certa
288 1314 396 1352 salus
415 1314 565 1364 Libyae
586 1316 727 1352 vestris
750 1327 855 1351 nunc
873 1311 1020 1365 pendet
1038 1313 1082 1350 in
1101 1310 1236 1348 armis.

164 1383 247 1419 iam
269 1381 421 1418 bellum
441 1381 552 1421 finire
577 1379 690 1419 decet
711 1381 909 1434 durosque
933 1381 1104 1419 labores.

51 1452 134 1494 200
161 1448 422 1502 pugnandum
441 1444 545 1487 est.''
603 1450 762 1500 gavisae
785 1450 889 1486 acies
909 1455 1127 1500 gentesque
1145 1444 1311 1483 Latinae

163 1520 278 1569 signa
297 1523 472 1556 movent.
528 1530 611 1555 vox
634 1530 712 1554 una
736 1517 890 1565 fremit,
919 1516 1138 1567 populique
1163 1512 1360 1565 ducesque

161 1586 438 1637 Massylaeque
455 1597 598 1622 manus
612 1597 759 1635 magno
777 1586 952 1622 cecinere
970 1585 1143 1635 fragore.

161 1656 395 1706 promittunt
418 1654 591 1700 animos,
623 1655 820 1705 curritque
838 1666 908 1704 per
925 1653 1086 1703 agmina
1104 1651 1232 1687 laetus

161 1735 364 1759 murmure
388 1728 527 1758 cuncta
550 1734 683 1758 sonus.
740 1734 821 1758 non
841 1722 897 1758 sic
919 1722 1067 1771 agitata
1089 1718 1282 1757 resultant

45 1790 130 1833 205
159 1803 331 1842 aequora
350 1791 525 1828 venturis
543 1790 662 1840 louge
685 1790 882 1839 signantia
902 1790 1046 1827 ventis.

214 1859 347 1897 Sensit
365 1865 408 1896 ut
427 1859 608 1909 egregius
625 1857 863 1909 populorum
882 1863 975 1894 vota
993 1854 1206 1904 Iohannes,

158 1926 322 1964 consilio
343 1927 508 1964 meliore
533 1925 664 1972 docet,
697 1936 799 1976 quae
822 1925 950 1975 prima
970 1924 1108 1962 salutis

155 2008 272 2032 causa
293 1995 389 2042 fuit,
419 1995 615 2046 rebusque
640 1991 730 2029 data
756 1999 815 2029 est
835 1993 999 2029 victoria
1021 1991 1205 2029 summis.

151 2069 197 2100 ut
213 2063 394 2100 fremitus
415 2063 557 2112 pressit
578 2061 798 2112 dextraque
820 2060 977 2097 silentia
996 2061 1125 2109 iussit,

41 2132 125 2173 210
152 2131 308 2167 attoniti
329 2130 472 2167 siluere
493 2132 589 2178 viri,
619 2130 843 2180 faciemque
863 2128 1066 2180 loquentis

151 2199 392 2249 suspiciunt:
427 2199 551 2235 animi
568 2198 686 2235 iussis
705 2208 899 2247 auresque
919 2200 1122 2246 parantur.

153 2264 296 2302 affatur
314 2266 439 2303 socios
459 2265 563 2302 clara
582 2265 637 2302 sic
658 2277 753 2300 voce
774 2265 980 2313 magister.

145 2327 268 2382 “nec,
298 2334 415 2382 socii,
447 2339 643 2371 transacta
667 2331 752 2373 dies
770 2345 845 2369 nec
868 2332 1036 2368 crastina
1058 2341 1216 2380 pugnae

151 2408 242 2452 apta
263 2400 397 2449 datur,
428 2400 669 2452 dominoque
689 2407 839 2437 sacrata
859 2412 930 2451 per
948 2397 1086 2434 orbem
1104 2402 1176 2432 est.

39 2466 122 2508 215
147 2480 271 2519 ‚quare
294 2472 420 2519 agite,
450 2483 472 2507 ο
492 2483 693 2521 proceres,
726 2466 879 2510 Christo
900 2465 1335 2505 famulemurovantes.

150 2534 391 2585 praesidium
411 2538 585 2575 lacrimis
602 2535 774 2574 humiles
796 2548 954 2573 oremus
974 2533 1022 2570 ab
1041 2532 1124 2580 illo,

1435 49 1529 97 149

42 2631 108 2668 184
130 2634 312 2678 turbasque
340 2637 434 2680 apud
466 2638 504 2670 M
514 2650 525 2670 .·
562 2637 606 2670 cf.
638 2635 659 2670 5
689 2636 768 2671 483.
910 2634 973 2668 191
998 2636 1136 2679 sceptra
1159 2631 1191 2665 Τ
1325 2626 1394 2661 214
1417 2628 1494 2669 ΙΝ)δι

38 2679 139 2713 datur
157 2680 249 2715 deest
265 2679 368 2716 durae
382 2684 457 2726 vel,
478 2684 568 2728 quod
589 2683 708 2717 uzalim
720 2709 731 2726 ,
755 2681 814 2728 pia
829 2680 929 2717 euim.
