1702 3060
1646 0 1673 91 ξ

1661 151 1670 166 δ

262 178 346 209 xxx
675 223 677 226 .
752 163 1192 208 MAZZUCCHELLH

260 288 345 312 esse
372 274 454 312 fere
483 285 637 322 omnes,
667 278 706 310 et
731 271 782 310 ad
809 274 904 312 alios
920 275 1027 325 prius
1046 273 1277 325 pertinuisse
1299 273 1473 313 codices:
1501 273 1572 314 sed
1587 265 1685 318 1ιίῘῦ

258 343 352 378 novi
371 343 412 378 in
431 340 572 378 iisdem
588 341 734 388 inveni,
763 341 828 378 vel
846 339 951 393 quod
971 341 1167 391 publicam
1185 347 1381 391 mereatur
1396 341 1541 379 lucem.
1597 349 1686 382 suut

258 407 420 444 eaedem
438 419 571 444 omnes
591 405 794 458 decerptae
814 420 865 444 ex
884 406 1080 444 codicibus
1099 406 1329 457 theologicis
1346 407 1478 454 vel-ad
1495 409 1687 459 iurispma

259 472 432 510 dentiam
451 473 712 523 spectantibus
724 502 733 520 ‚
764 486 929 525 quorum
947 476 1133 525 scriptura
1151 476 1318 525 pertinet
1336 472 1387 510 ad
1403 476 1604 512 saecuhun
1623 477 1688 515 13'.

367 540 477 576 Alter
497 537 622 575 codex
641 540 927 588 Trivultianus‚
959 543 1132 591 signatus
1150 543 1186 579 A
1200 541 1302 589 275,
1333 548 1391 578 est
1409 539 1632 579 chartaceus
1648 543 1689 580 in

258 605 353 642 folio
380 618 469 642 cum
497 607 646 658 aliquot
669 608 907 644 membranis
930 609 1180 659 interpositis.
1238 620 1370 645 rursus
1389 606 1536 645 offendi
1556 610 1597 644 in
1615 606 1690 645 hoc

259 671 393 709 codice
417 680 495 709 tres
528 673 681 722 eclogas
708 674 848 723 prioris
879 673 1022 712 codicis
1046 688 1134 711 cum
1154 681 1306 725 septem
1326 675 1435 722 aliis,
1465 675 1606 726 quibus
1625 687 1691 711 se-

257 751 380 790 quens
410 739 634 789 praefigitur
660 740 818 776 titulus:
849 740 995 790 Incipit
1012 743 1168 790 primns
1195 741 1292 777 liber
1313 740 1482 777 bucolice
1503 739 1692 777 Iohannis

257 805 311 840 L.
342 805 389 840 de
416 805 540 840 Bonis
571 805 618 841 de
643 804 782 842 Aretio
802 812 838 840 et
857 806 996 857 egloga
1010 809 1146 856 prima
1167 821 1267 857 quae
1285 807 1429 844 dicitur
1442 807 1599 851 Ianua,
1625 805 1693 843 abi

261 870 491 906 describitur
513 877 548 906 et
570 871 707 908 laudes
724 871 956 909 Antoniocti
972 871 1138 908 Adurni
1156 879 1248 908 tnnc
1268 873 1391 910 ducis.
1453 873 1587 922 ecloga
1613 873 1691 909 ibi-

263 935 355 973 dem
379 935 548 973 sectmda
579 936 720 971 dicitur
744 939 880 972 Possis
894 963 904 982 ‚
935 945 974 971 et
1000 939 1113 974 tertia
1134 938 1366 983 Parnasus,
1391 938 1462 975 abi
1481 939 1624 976 dicitnr
1646 938 1695 976 de

264 1009 384 1039 morte
397 1016 444 1051 p.
475 999 756 1052 (Petrarchae)
784 1007 820 1036 et
845 999 1075 1038 describitur
1103 1014 1212 1038 mons
1230 1016 1444 1052 Parnasus.
1503 1005 1560 1042 ibi
1580 1018 1619 1043 v.
1640 1006 1692 1045 38

265 1075 305 1106 et
322 1081 430 1121 seqq.
454 1067 553 1104 haec
574 1068 776 1117 leguntur:

421 1135 529 1186 felix
549 1135 752 1171 vernarizcs
764 1132 928 1183 placido
945 1134 1001 1170 sic
1010 1140 1166 1182 pectore
1183 1135 1294 1184 cepit.

429 1203 536 1238 venit
555 1207 590 1236 et
609 1200 688 1237 hue
707 1200 800 1245 ille,
829 1201 900 1250 qni
916 1201 1070 1236 nomine
1089 1202 1169 1237 iam
1189 1201 1379 1238 titulatus.

430 1275 486 1304 est
501 1267 602 1304 milii
617 1266 828 1303 consimilis
845 1294 854 1302 .
875 1267 1066 1316 etiamque
1074 1274 1259 1316 petrarca
1274 1274 1447 1306 vocatur.

261 1333 353 1373 vide
383 1348 502 1387 quam
526 1347 607 1370 non
633 1332 824 1380 demisse,
853 1345 973 1384 quam
1002 1333 1082 1370 imo
1110 1334 1315 1384 magnifice
1334 1333 1382 1372 de
1402 1347 1444 1372 se
1463 1334 1604 1372 sentiat
1617 1347 1692 1372 no-

261 1410 341 1440 ster
366 1401 432 1438 hic
461 1401 509 1438 de
540 1401 684 1447 Bonis,
715 1400 782 1451 qui
807 1398 1061 1436 Petrarcham
1090 1401 1325 1438 consimilem
1343 1401 1417 1438 sibi
1440 1400 1580 1438 audeat
1599 1415 1693 1452 pro-

258 1469 463 1504 nuntiare:
506 1465 604 1503 adeo
642 1466 791 1502 scilicet
825 1478 897 1502 nos
934 1466 1038 1502 fallit
1071 1474 1204 1503 auctor
1234 1474 1385 1515 noster,
1425 1475 1469 1504 ut
1500 1470 1694 1518 pessimus

260 1535 438 1571 omnium
454 1537 568 1584 poeta
584 1530 686 1568 nihil
708 1530 858 1568 dubitet
877 1545 959 1569 esse
980 1545 1022 1569 se
1042 1534 1247 1584 aequalem
1264 1534 1329 1570 vel
1348 1535 1494 1584 optimo
1517 1536 1694 1571 omnium

258 1604 412 1651 poetae.
468 1598 538 1636 sed
557 1597 691 1635 audire
713 1604 770 1635 est
790 1604 834 1634 ut
853 1611 895 1635 se
915 1611 995 1635 non
1015 1598 1133 1636 modo
1153 1598 1408 1647 Petrarchae,
1438 1598 1509 1637 sed
1528 1601 1694 1650 Virgilio

259 1668 379 1704 etiam
397 1671 435 1702 et
453 1666 612 1702 Horatio
637 1663 779 1701 audeat
797 1666 1067 1717 aequiparare,
1098 1663 1193 1702 dum
1211 1679 1257 1703 eo
1277 1679 1318 1703 se
1338 1667 1584 1704 miseriarum
1600 1665 1695 1703 red-

259 1740 390 1770 actum
414 1733 542 1783 pingit
569 1739 613 1768 ut
642 1730 778 1784 (quod
799 1732 925 1768 fatum
946 1733 1020 1769 fuit
1043 1733 1163 1769 etiam
1188 1745 1430 1770 summorum
1447 1731 1693 1785 quorundam

262 1797 422 1850 vatum)
450 1811 609 1835 necesse
629 1799 704 1835 sibi
724 1805 824 1835 esset
843 1800 988 1836 esurire
1000 1827 1011 1847 ,
1042 1799 1172 1848 algere
1184 1826 1194 1846 ‚
1225 1810 1271 1835 ac
1287 1800 1371 1835 sine
1390 1806 1492 1836 tecto
1509 1801 1592 1836 sine
1609 1801 1693 1837 lare

263 1874 367 1904 certo
384 1879 508 1917 paene
527 1867 675 1902 victum
695 1866 867 1902 ostiatim
890 1866 1118 1917 quaeritare.
1175 1863 1246 1902 sed
1268 1866 1375 1916 prius
1398 1866 1474 1903 alia
1499 1865 1693 1918 quaedam

263 1935 385 1972 velim
414 1931 690 1980 animadverti,
722 1945 820 1984 quae
846 1930 895 1967 ad
918 1943 1001 1967 rem
1017 1931 1371 1969 nostramsaciunt.
1427 1939 1534 1969 sexta
1556 1933 1693 1983 ecloga

264 2000 409 2037 dicitur
427 1999 701 2036 Mediolanum
702 2027 718 2044 ,
747 1998 815 2035 ubi
834 1996 1062 2034 describitur
1074 2003 1110 2033 et
1124 1996 1293 2048 qualiter
1299 1997 1358 2044 fit
1371 1997 1452 2035 dux
1470 2005 1508 2034 et
1522 2006 1687 2036 creatur.

266 2079 357 2104 cum
375 2078 410 2102 a.
435 2067 540 2107 1395
561 2066 757 2103 Galeatius
777 2066 1001 2103 Vicecomes
1030 2062 1137 2101 ducis
1161 2064 1319 2100 titulum
1341 2066 1570 2116 sumpserit,
1599 2063 1692 2103 hinc

262 2139 370 2184 patet
398 2145 474 2184 quo
500 2138 674 2182 tempore
703 2132 898 2182 scripserit
922 2135 1037 2181 poeta
1063 2137 1194 2167 noster
1211 2129 1313 2167 hanc
1334 2132 1523 2182 eclogam.
1579 2133 1691 2171 initio

264 2206 422 2237 octavae
436 2227 446 2247 ,
485 2212 583 2250 quae
610 2199 754 2235 dicitnr
772 2198 979 2244 Ecclesia,
1016 2198 1281 2248 praeclarum,
1312 2199 1490 2250 quamvis
1517 2199 1692 2237 versibus

263 2266 313 2304 de
332 2280 441 2304 more
463 2278 580 2318 quam
597 2267 664 2317 qui
681 2266 854 2302 maxime
879 2265 1045 2313 inficeti,
1073 2265 1341 2301 testimonium
1366 2263 1541 2302 redditur
1559 2265 1692 2302 virtuti

260 2335 369 2373 Petri
388 2331 436 2370 de
455 2332 754 2382 Luxemburgo,
790 2333 856 2384 qui
878 2332 973 2369 obiit
993 2330 1199 2368 cardinalis
1221 2338 1260 2368 et
1283 2332 1486 2382 episcopus
1506 2333 1692 2369 Metensis

260 2413 298 2438 a.
318 2402 443 2447 1387,
474 2399 611 2435 aetatis
643 2411 735 2435 vero
768 2411 862 2435 suae
894 2400 944 2439 18
972 2404 1145 2445 tantum,
1177 2404 1215 2434 et
1240 2410 1276 2434 a.
1299 2399 1404 2439 1517
1428 2399 1565 2434 merito
1590 2399 1692 2434 inter

258 2467 401 2504 Beatos
423 2466 567 2502 relatus
587 2465 663 2502 fuit
682 2477 704 2502 a
721 2466 853 2502 Leone
874 2468 925 2506 10
942 2477 1095 2502 summo
1112 2463 1311 2515 pontifice.
1364 2465 1512 2515 priores
1532 2463 1691 2515 eclogae

259 2545 395 2574 versus
415 2538 530 2570 sunt:

478 2598 623 2636 ,Dulcis
638 2598 762 2635 amice
778 2597 843 2635 dei
858 2596 986 2648 regali
998 2596 1116 2645 stirpe
1133 2595 1333 2646 refulgens

428 2666 477 2704 de
494 2664 836 2716 Luzimhurgoqae
851 2663 951 2718 alter
967 2663 1110 2700 Petrus
1133 2662 1279 2699 beatas.

430 2739 528 2771 sorte
543 2732 681 2771 datum
700 2730 842 2783 quibus
861 2736 918 2768 est
933 2742 1023 2768 cum
1041 2728 1151 2766 clave
1168 2727 1360 2765 revolvere
1378 2725 1519 2767 valvae
