1702 3060
1666 0 1688 131 *³:38¹*

247 133 344 178 212
737 134 1178 176 MAZZUCCHELLII

356 242 447 278 Lm.
467 241 488 280 1
513 254 551 277 v.
571 243 611 279 3.
667 239 839 289 Libycae
859 239 1000 276 retinui
1012 268 1022 288 ,
1052 241 1110 276 uti
1128 246 1186 278 est
1202 240 1244 278 in
1261 239 1393 279 codice
1410 241 1686 291 Trivultiano‚'

247 296 340 347 qnia
362 295 500 333 eadem
518 308 612 331 voce
631 307 725 332 usus
743 301 800 331 est
819 295 966 345 pluries
995 302 1128 332 auctor
1152 303 1284 333 noster
1306 297 1349 333 in
1374 297 1461 333 aliis
1487 298 1672 334 carmini-

248 352 323 388 bus
349 350 462 387 editis
476 378 486 397 ‚
520 350 585 386 ubi
604 351 717 387 unica
734 352 819 387 vice
837 351 980 399 legitur
996 352 1191 401 primitiva
1209 353 1292 388 eius
1307 365 1387 388 vox
1399 351 1544 401 Libya.

361 405 414 441 ib.
475 411 523 440 et.
581 405 624 442 iu
652 407 767 442 citato
796 404 928 442 codice
954 405 1127 443 Budensi
1149 407 1204 442 sic
1223 407 1481 457 Cuspinianus
1503 408 1600 457 legit
1619 414 1672 452 et,

248 473 319 510 pro
359 472 436 511 quo
474 458 601 496 codex
637 468 768 497 noster
802 459 921 498 habet
949 474 1011 498 ac.
1069 468 1241 498 attamen
1269 463 1485 512 exscriptor
1515 462 1672 510 codicis,

248 528 368 565 quem
396 515 517 552 fuisse
544 514 759 552 Iohannem
786 517 833 553 1..
862 515 910 552 de
935 517 1054 553 Bonis
1082 515 1130 552 tle
1154 517 1286 553 Aretio
1311 517 1432 567 probo
1451 518 1492 553 in
1503 518 1679 567 praesta-¹

247 571 365 615 tione,
394 571 434 607 in
461 583 531 607 sua
558 571 754 608 Romulea
773 574 799 612 2
826 572 902 611 131
925 578 963 607 et
981 574 1005 611 3
1031 570 1134 619 400,
1162 572 1230 608 ubi
1255 570 1360 608 hunc
1379 579 1417 608 et
1434 572 1675 622 praeceden-

246 631 327 662 tem
346 638 503 664 versum
521 639 594 662 nec
612 639 690 664 non
710 627 883 679 quinque
900 626 1180 678 subsequentes
1202 640 1335 665 versus
1356 639 1447 664 suos
1464 628 1578 678 fecit,
1607 641 1673 665 re-

244 681 361 718 tinuit
384 688 432 718 et.

356 739 398 777 7.
454 734 580 773 codex
597 743 728 774 noster
743 734 862 774 habet
869 737 1003 787 satta,
1019 734 1126 788 quod
1139 738 1232 774 alibi
1250 743 1308 775 est
1324 737 1443 775 etiam
1458 751 1529 789 pro
1535 737 1671 790 sacta.

247 790 328 828 imo
350 792 392 828 in
413 791 609 828 Romulea
626 795 653 833 2
677 795 752 834 136
773 790 927 828 videtur
949 805 1031 828 esse
1041 793 1176 842 fizcta.

358 849 399 887 8.
454 859 516 884 ms
534 848 641 897 prius
658 845 827 884 habebat
856 847 1047 892 Oneades;
1077 846 1147 883 sed
1165 860 1218 884 ex
1239 847 1275 884 O
1291 847 1423 899 aliquo
1438 847 1558 886 modo
1577 848 1675 886 effe-

247 908 353 939 ctum
376 907 434 938 est
453 909 587 953 postea
608 903 664 947 E,
691 909 735 940 ut
757 904 910 953 legatur
931 902 1122 939 Eneacles.

358 958 423 997 10.
478 970 540 994 ms
559 957 688 1007 pinis,
717 971 769 995 ex
795 971 871 1010 qua
898 971 991 995 voce
1010 958 1086 994 feci
1098 957 1238 1007 pinnis
1257 970 1328 1007 pro
1346 957 1440 1004 alis,-
1466 965 1511 995 ut
1529 959 1609 995 Cic.
1629 959 1677 996 de

247 1011 388 1048 Divin.
423 1014 446 1052 1
476 1012 548 1053 47:
595 1012 700 1049 hanc
727 1013 796 1050 ubi
813 1013 1061 1062 praepetibus
1083 1014 1220 1062 pinnis
1246 1013 1437 1063 lapsaque
1463 1013 1673 1051 volantem.

248 1068 316 1103 alii
334 1074 465 1105 tamen
482 1067 630 1104 ibidem
643 1069 796 1106 malunt
817 1069 948 1118 legere
963 1069 1128 1118 petmz‘35
1159 1074 1197 1104 et
1212 1069 1266 1104 ita
1284 1069 1446 1106 fortasse
1463 1068 1678 1119 legendum

248 1129 307 1159 est
328 1124 370 1158 in
392 1121 467 1159 hoc
486 1134 624 1160 versu:
650 1137 744 1160 nam
762 1131 894 1160 auctor
913 1124 960 1160 cle
978 1124 1111 1160 Laud.
1135 1124 1282 1160 Iustina·
1298 1127 1322 1163 3
1346 1126 1423 1164 201
1448 1123 1496 1161 de
1515 1126 1682 1161 victoria

247 1179 394 1227 pariter
419 1179 578 1216 cecinit:
615 1179 738 1216 altius
763 1180 894 1215 erectis
912 1178 1110 1229 pendebat
1133 1179 1176 1214 in
1198 1178 1294 1214 ae'ra
1318 1179 1473 1228 pennis.
1531 1181 1613 1217 imo
1639 1186 1679 1217 et

245 1234 375 1270 famae
393 1234 582 1284 Corippus
598 1247 747 1284 pennas
765 1236 901 1271 tribuit
919 1247 988 1285 pro
1007 1234 1083 1270 alis
1102 1232 1250 1271 ibidem
1268 1235 1290 1273 1
1314 1235 1408 1275 298.

358 1289 423 1329 13.
476 1291 646 1339 geminis·
681 1290 864 1340 ample-xa
901 1289 1070 1326 lacertis.
1134 1287 1234 1325 haec
1262 1302 1314 1326 ex
1338 1289 1496 1326 Psalmo
1524 1288 1578 1331 84
1613 1291 1678 1338 11,

247 1343 315 1380 ubi
338 1344 381 1379 iu
401 1344 567 1394 Vulgata
591 1344 761 1382 editione
785 1346 950 1395 legitur:
979 1345 1128 1381 iustitia
1145 1351 1182 1380 et
1191 1358 1279 1394 pax
1297 1345 1495 1381 oseulatae
1511 1352 1603 1382 sunt
1621 1359 1680 1390 se,

247 1398 319 1436 sed
343 1400 385 1435 in
411 1402 571 1451 antiqua
597 1403 775 1438 versione
803 1401 920 1448 Itala,
961 1412 1038 1451 qua
1066 1405 1168 1435 certe
1193 1400 1373 1436 utebatur
1397 1401 1607 1451 Corippus,
1635 1407 1685 1438 ut

249 1456 368 1491 etiam
398 1461 456 1492 est
487 1454 614 1492 adhuc
640 1457 682 1495 in
709 1456 893 1506 psalterio
924 1455 1205 1503 Ambrosiano,
1234 1461 1340 1491 erat:
1369 1456 1519 1492 iustitia
1543 1462 1580 1491 et
1594 1470 1682 1506 pax

248 1509 469 1560 complexae
493 1518 586 1547 sunt
612 1524 666 1549 se.
725 1510 815 1548 vide
841 1517 879 1547 et
905 1510 1010 1561 apud
1034 1511 1210 1548 Sabatier
1227 1511 1448 1547 versionem
1465 1513 1681 1562 antiquam5

249 1572 287 1601 et
315 1572 504 1618 quotquot
532 1567 645 1604 illam
674 1569 797 1605 secuti
824 1573 914 1604 sunt
936 1579 989 1603 ex
1010 1566 1205 1605 veteribus
1226 1566 1476 1619 scriptoribus
1494 1567 1680 1604 ecclesia-

247 1621 368 1658 sticis.

361 1675 427 1716 15.
485 1676 577 1723 etsi,
606 1683 742 1727 utpote
771 1689 824 1713 ex
854 1676 1005 1713 Iustino
1033 1673 1272 1724 derivatum,
1305 1675 1523 1714 Iustiniani
1535 1688 1681 1713 nomen

246 1729 544 1781 producendum
571 1732 671 1769 foret
697 1733 739 1769 in
768 1730 938 1769 secunda
967 1732 1138 1782 syllaba,
1169 1739 1340 1768 attamen
1371 1731 1535 1769 eandem
1558 1733 1682 1783 sylla-

249 1787 341 1823 bam
365 1799 520 1837 semper
551 1789 708 1837 corripit
737 1794 870 1824 auctor
895 1793 1028 1823 noster
1055 1789 1174 1823 etiam
1195 1789 1238 1823 in
1263 1791 1443 1838 poemate
1469 1787 1517 1824 de
1542 1787 1677 1824 Laud.

250 1842 408 1879 luscini.
453 1855 498 1878 ea
516 1841 565 1878 de
583 1856 624 1878 re
642 1841 791 1880 erudite
812 1841 1010 1880 adnotavit
1022 1841 1207 1880 vBarthius
1225 1842 1331 1893 apud
1351 1844 1562 1894 Corippum
1578 1844 1682 1893 Fog-

249 1898 348 1947 ginii
371 1910 411 1947 p.
431 1899 624 1938 312—3.
819 1933 821 1935 ,
1601 1930 1603 1932 .

358 1955 428 1994 22.
485 1959 573 2003 post
592 1951 696 1989 hunc
712 1957 870 1990 versum
892 1949 1000 1988 deest
1019 1951 1060 1987 in
1080 1950 1211 1988 codice
1230 1952 1370 1988 folium
1383 1981 1393 2000 ,
1421 1950 1529 2004 quod
1556 1953 1681 1989 conti-

249 2020 343 2044 nere
361 2007 527 2045 debebat
546 2021 681 2045 versus
697 2010 771 2056 62,
801 2009 894 2060 quia
911 2007 1190 2060 subsequentes
1211 2009 1378 2058 paginae
1399 2014 1575 2045 constant
1592 2009 1682 2059 ple-

251 2076 415 2115 rumque
439 2064 613 2101 versibus
635 2064 702 2103 31.

361 2121 429 2158 26.
487 2119 621 2156 confer
637 2119 684 2156 de
702 2116 836 2154 Laud.
859 2116 959 2154 Just.
982 2119 1008 2157 2
1034 2116 1136 2165 224,
1167 2119 1234 2169 qui
1252 2116 1418 2155 desinit:
1446 2118 1683 2168 summisque

251 2172 452 2211 laboribus
475 2182 628 2225 aptam.
688 2174 787 2211 libro
814 2179 946 2210 autem
969 2176 994 2215 3
1020 2174 1198 2215 128—9
1225 2176 1389 2211 occurrit
1408 2175 1569 2212 summis
1591 2174 1684 2211 lau.—

251 2228 381 2265 dibus.

361 2285 430 2323 32.
485 2283 659 2330 vatibus,
687 2297 830 2336 nempe
851 2284 1038 2334 episcopis
1056 2284 1138 2321 sive
1155 2283 1430 2322 sacerdotibus.
1490 2284 1562 2322 etsi
1578 2283 1684 2335 apud

251 2339 516 2376 Forcellinum
543 2339 644 2376 desit
668 2338 767 2377 haec
797 2340 1047 2390 significatio,
1079 2346 1250 2376 attamen
1277 2353 1321 2377 ea
1347 2352 1440 2376 usus
1464 2347 1520 2376 est
1551 2347 1683 2377 auctor

214 2392 216 2394 ’
251 2392 440 2446 epitaphii
461 2393 646 2432 Iohannis
669 2398 694 2435 2
712 2409 836 2446 papae
851 2424 861 2443 ‚
893 2395 960 2446 qui
981 2394 1146 2432 decessit
1166 2409 1202 2432 a.
1223 2395 1323 2442 535,
1354 2394 1460 2445 apud
1476 2397 1618 2432 Barou.
1639 2397 1682 2431 in

251 2449 482 2487 Annalibus
509 2449 560 2486 ad
592 2450 759 2487 eundem
783 2464 949 2498 annum,
980 2457 1019 2488 et
1038 2449 1142 2500 apud
1161 2452 1224 2487 Du
1242 2451 1371 2500 Gange
1392 2453 1434 2486 in
1465 2451 1681 2496 Glossario,

253 2507 321 2542 ubi
357 2506 433 2542 alia
469 2506 718 2556 proferuntur
746 2505 972 2543 huiusmodi
1001 2505 1197 2555 exempla.
1256 2507 1430 2556 quinimo
1463 2505 1680 2553 Ennodius,

254 2563 322 2613 qui
341 2561 487 2598 obierat
504 2573 540 2597 a.
558 2561 660 2607 521,
688 2568 795 2597 vates
824 2563 1026 2611 episcopos
1057 2562 1263 2611 praecipue
1297 2561 1510 2598 Mediolani
1535 2563 1681 2612 passim

251 2623 365 2654 vocat
386 2618 425 2653 in
443 2617 524 2653 suis
543 2617 792 2654 carminibus.
847 2615 937 2652 vide
957 2614 1151 2652 Oltrocchi
1171 2617 1323 2653 His-tor.
1346 2618 1503 2668 ngzwt.
1528 2630 1567 2667 p.
1589 2615 1680 2664 144,

251 2675 345 2718 208,
378 2671 473 2721 242,
505 2672 584 2713 251
617 2678 654 2708 et
683 2674 778 2713 210.
834 2671 979 2711 videsis
1011 2673 1130 2708 etiam
1158 2672 1357 2710 Hierolex.
1398 2674 1538 2710 ·Macri
1563 2672 1681 2711 verbo

262 2728 391 2764 Vates.
1620 2760 1622 2762 ,
