1702 3060
249 133 313 177 70
846 129 1062 172 CORIPPI

249 238 328 280 385
356 237 426 276 sed
444 239 562 276 virtus
579 250 657 274 non
675 237 755 273 ulla
773 236 846 274 fuit
865 248 940 287 qua
958 249 1114 286 surgere
1133 243 1274 287 posset.

359 305 451 341 dum
469 312 598 340 tamen
615 303 807 339 occultmn
828 309 1053 339 conservant
1070 310 1224 352 pectora
1241 303 1398 352 bellum,

358 372 492 406 militis
510 371 731 405 innumeras
753 369 876 405 fatum
893 369 1114 405 miserabile
1135 370 1256 406 sensit

359 434 583 470 diminuisse
602 447 753 471 manus.
811 441 944 484 gentes
963 447 1042 471 non
1060 434 1172 472 laesit
1190 448 1338 472 amaras

357 501 490 537 Martis
508 502 630 536 amica
645 501 742 537 lues.
798 507 975 537 metuens
990 507 1120 538 tamen
1137 502 1204 538 ille
1221 501 1378 538 cavebat

250 568 330 607 390
356 579 406 602 ne
423 567 525 602 male
543 567 735 616 praelatae
755 573 906 616 caperet
927 569 1101 616 contagia
1118 574 1256 604 terrae.

358 639 416 669 ast
436 633 502 668 ubi
520 633 632 682 pulsa
650 633 733 670 lues
745 662 754 680 ,
783 634 915 670 Martis
936 632 1139 670 succedere
1157 634 1286 671 fervor

359 697 504 748 coepi't,
535 705 572 735 et
589 698 767 735 infandas
785 700 886 735 acies
906 698 956 735 ad
975 699 1078 736 bella
1100 701 1239 749 coegit.

359 765 465 800 misit
484 763 534 799 ad
552 771 744 801 extremas
765 765 913 815 Libyae
932 766 1094 803 sitientis
1114 779 1262 814 arenas,

361 830 441 865 sole
459 830 528 865 ubi
543 830 723 866 tellurem
738 832 857 867 nimio
874 832 1082 867 siccaverat
1095 832 1189 868 olim

255 894 332 935 395
361 896 523 931 fuhnine
543 894 711 933 deiectus
727 895 951 943 Phaethonr,
980 897 1220 947 populosque
1235 897 1425 947 malignos

361 959 534 1008 edocuit,
564 963 779 1012 nostrisque
798 963 974 1011 implevit
993 961 1166 999 cladibus
1186 975 1266 1000 ora.

359 1027 515 1076 iamque
539 1027 643 1063 ferae
666 1035 798 1076 gentes
819 1027 1010 1077 Libycum
1031 1027 1246 1065 funduntur
1262 1031 1302 1065 in
1326 1042 1454 1067 axem.

362 1099 490 1142 raptor
508 1093 651 1144 ubique
673 1094 804 1130 furens
821 1106 890 1142 per
907 1099 1056 1129 nostras
1074 1106 1223 1130 currere
1241 1101 1362 1132 terras

363 1165 400 1195 et
421 1165 570 1195 vastare
595 1171 701 1196 casas
722 1161 930 1210 ignemque
954 1161 1162 1196 immittere
1182 1162 1292 1198 tectis

253 1221 333 1264 400
359 1225 513 1274 incipit,
542 1231 579 1260 et
598 1224 762 1262 flammis
782 1224 1012 1262 succendere
1030 1225 1202 1263 fervidus
1218 1227 1345 1263 urbes.

416 1292 466 1327 Ut
487 1291 671 1328 Solomon
691 1291 788 1327 vidit
808 1299 961 1328 tantum
980 1305 1207 1341 consurgere
1225 1293 1387 1341 bellum,

364 1358 558 1392 Romanas
577 1358 677 1393 acies
698 1359 842 1393 cunctis
862 1356 910 1393 de
928 1358 1102 1407 partibus
1119 1365 1221 1396 actas

366 1421 574 1469 contrahit,
606 1422 775 1459 adversis
794 1436 1003 1473 properans
1023 1436 1243 1460 concurrere
1261 1425 1363 1462 fatis.

366 1490 471 1526 ilicet
492 1489 659 1526 infausto
679 1487 885 1525 mandatur
904 1491 1044 1539 pagina
1067 1502 1191 1536 cursu,

256 1552 335 1596 405
364 1561 401 1591 et
420 1557 496 1591 ruit
515 1568 601 1591 ecce
621 1556 755 1592 volans
767 1585 776 1602 ,
809 1568 932 1606 aequo
952 1568 1030 1592 non
1047 1557 1168 1592 Marte
1187 1562 1353 1604 coactus,

365 1622 587 1657 Maurorum
606 1619 758 1668 ductor,
790 1623 924 1659 miseri
940 1623 1158 1660 Solomonis
1178 1623 1325 1659 amicus

365 1688 549 1723 Romanis
570 1687 682 1723 rebus
701 1689 867 1724 nimium
882 1702 1110 1740 semperque
1126 1687 1265 1737 fidelis,

367 1753 506 1788 Cusina
528 1754 789 1789 Mastracianis
811 1767 942 1791 secum
961 1756 1106 1792 viribus
1122 1756 1273 1804 ingens.

368 1820 433 1869 qui
451 1818 622 1868 Tripolis
640 1825 731 1855 tunc
751 1818 885 1856 ductor
904 1827 1004 1868 erat,
1040 1823 1218 1857 convenit
1235 1827 1272 1856 et
1292 1818 1422 1857 audax

259 1883 339 1925 410
366 1885 568 1933 Pelagius3
597 1883 667 1920 sed
685 1887 849 1934 gentiles
869 1885 1061 1938 durosque
1077 1887 1243 1923 Mecales

369 1964 501 1987 secum
517 1949 567 1986 ad
584 1951 687 1987 bella
703 1950 860 1988 trahens
879 1953 991 1988 fessis
1009 1965 1086 1989 non
1104 1953 1249 1989 viribus
1268 1952 1360 1989 ibat.

369 2018 542 2054 infauces
562 2017 668 2054 fictos
689 2019 856 2068 suscepit
874 2018 1027 2054 nescius
1047 2019 1152 2055 artis.

368 2097 478 2121 mens
498 2084 656 2121 obscura
674 2090 824 2130 manet,
855 2085 1053 2134 quotiens,
1082 2085 1270 2133 Fortuna,
1299 2087 1471 2123 minaris.

370 2150 466 2198 heu,
497 2151 682 2187 Solomon
705 2148 945 2196 miserande,
978 2151 1054 2186 tuis
1075 2148 1146 2187 hos
1166 2153 1325 2201 iungere
1348 2154 1479 2189 castris

263 2215 343 2258 415
372 2216 571 2253 debueras.
628 2223 771 2253 tractus
795 2218 914 2253 versis
936 2218 1124 2252 contraria
1146 2217 1236 2254 fatis

372 2295 525 2332 semper
543 2283 636 2331 agit.
692 2283 822 2319 nullus
844 2284 985 2332 poterit
1004 2284 1124 2319 vitare
1147 2282 1251 2334 quod
1268 2285 1397 2320 instat.

428 2349 571 2384 Ultima
591 2349 746 2399 iamque
766 2348 847 2386 dies
867 2355 1016 2386 nostras
1036 2357 1263 2398 pervenerat
1282 2362 1392 2395 oras;

374 2414 453 2450 iam
471 2414 636 2464 Libyam
651 2415 833 2451 minitans
851 2415 1080 2466 properabat
1097 2413 1256 2466 perdere
1273 2414 1410 2451 fatum.

265 2553 331 2587 388
353 2562 415 2586 non
430 2552 583 2587 minuisse
597 2553 638 2587 Μ
722 2555 789 2589 390
805 2555 890 2588 mala
904 2554 1032 2599 prelate
1048 2555 1087 2595 T,
1102 2554 1184 2587 mala
1199 2553 1368 2599 praelatae
1382 2553 1423 2586 M
1509 2553 1576 2589 394
1589 2554 1637 2588 sol
1651 2555 1681 2588 Τ

265 2597 333 2631 396
353 2600 544 2642 nostrasque
568 2617 610 2623 —
632 2609 707 2633 oras
730 2599 802 2633 ΜΤ
942 2598 1008 2632 4οΞ
1029 2603 1122 2631 actus
1149 2599 1180 2632 T
1321 2599 1386 2631 408
1408 2597 1518 2633 costum
1537 2599 1569 2632 '1'
1592 2599 1682 2632 idem

269 2652 379 2720 ‹fzosgua
393 2641 414 2676 5
405 2642 503 2722 368,
516 2643 594 2684 468,
607 2643 684 2678 517.
818 2643 882 2678 410
905 2642 1062 2688 pellagius
1079 2643 1110 2676 '1‘
1223 2642 1286 2676 411
1310 2641 1402 2677 festis
1422 2643 1453 2685 Τ
1559 2643 1626 2678 412
1647 2642 1680 2678 in

285 2697 320 2720 ra
337 2697 391 2720 res
445 2711 453 2721 .
1562 2709 1567 2712 ·
