1702 3060
437 69 647 113 IUSTINI
681 69 922 113 MINORIS
956 70 1062 113 ΠΒ.
1094 70 1169 113 111.
1439 64 1499 115 19

186 178 357 228 nudare,
388 186 426 217 et
447 179 625 218 nondulri
644 181 762 232 plene
782 182 944 220 satiatus
965 181 1094 228 abire;

187 261 306 300 quem
326 250 470 285 Persae
490 249 657 285 timuere
677 248 771 296 feri,
802 250 1049 301 genibusque
1067 249 1256 286 minantis

187 315 399 353 admovere
419 329 572 363 manus,
602 329 741 367 pacem
759 323 798 353 et
814 330 994 353 meruere
1012 315 1225 368 precando.

184 384 228 422 ui
243 383 419 420 facerent
431 413 440 431 ,
470 384 614 422 frustra
637 384 752 420 celsis
772 383 992 435 Babylonia
1011 386 1135 422 muris

71 452 155 492 280
185 452 311 488 cincta
329 451 452 499 foret,
483 451 664 488 dominos
682 452 832 488 Avares
852 464 959 488 nunc
976 452 1079 489 ferre
1102 460 1253 503 parata.

184 521 363 570 rupimus
378 516 623 569 Euphratem
636 547 646 566 ,
677 517 832 569 gelidos
853 521 1128 570 superavimus
1146 532 1296 568 amnes,

181 585 365 624 bibemos
387 599 522 623 cursus
540 585 698 638 quando
719 586 891 623 refrenat
911 599 1103 638 aquarum

181 655 307 705 frigus
328 661 366 691 et
386 655 610 704 omnigenis
628 654 670 690 fit
693 653 826 691 durior
847 653 954 691 unda
978 654 1166 693 metallis.

180 721 352 760 vidimus
373 729 411 758 et
427 728 552 759 tectos
575 723 699 759 vitrea
720 721 919 759 testudine
939 729 1080 772 pontes

69 789 151 832 385
178 797 318 841 stagna
336 790 446 827 lacus
467 790 686 841 fluviosque
710 804 828 841 super
847 790 1054 841 fontesque
1070 791 1212 827 iacere.

181 859 223 895 in
249 859 370 895 silicis
390 871 543 894 morem
563 858 628 894 vel
648 865 792 895 stratae
812 870 1009 894 marmore
1028 864 1156 895 terrae

182 933 367 977 cognatos
388 926 525 963 latices
546 926 709 962 laticum
731 939 820 962 cum
843 932 971 962 crusta
990 926 1162 976 tegebat,

178 995 352 1045 plaustra
371 1007 490 1044 super
507 992 654 1031 solidas
672 992 876 1030 stridentia
898 992 1085 1032 duximus
1108 994 1247 1032 undas.

177 1063 261 1099 illic
279 1062 508 1099 volventum
531 1062 696 1111 vestigia
715 1061 826 1098 nulla
847 1067 1022 1098 rotarum
1190 1050 1193 1051 ⁷

66 1131 148 1172 290
177 1142 291 1167 aerea
309 1142 382 1167 uec
401 1131 538 1167 solitos
555 1130 694 1167 labens
715 1128 826 1166 dedit
845 1130 969 1166 orbita
989 1130 1133 1178 sulcos,

175 1211 250 1235 nec
271 1198 423 1247 fragilis
444 1199 571 1248 potuit
590 1198 766 1249 crystalli
789 1199 915 1234 forma
936 1201 1068 1235 noceri

176 1265 398 1318 praesolido
417 1268 634 1317 stringente
654 1265 770 1317 gelu3
800 1267 1061 1319 fremitusque
1082 1278 1248 1304 sonorus

177 1333 436 1385 cornipedum
456 1333 631 1385 liquidos
654 1347 726 1370 ceu
743 1335 883 1370 terruit
901 1335 1050 1384 ungula
1073 1347 1246 1384 campos,

174 1403 361 1440 insanum
382 1403 546 1439 volvens
566 1404 787 1453 strepitiun.
847 1402 1084 1440 calcavimus
1106 1405 1274 1448 Imaum,

63 1470 146 1514 295
175 1472 320 1508 ivimus
344 1471 386 1507 in
408 1470 547 1506 fluctus
568 1471 670 1506 sicco
691 1468 815 1519 pede:
845 1470 1026 1519 praebuit
1044 1470 1198 1521 amplas

174 1540 246 1576 nix
264 1539 433 1588 spatiosa
455 1539 553 1574 vias.
610 1536 815 1588 praeduris
839 1538 1022 1588 gentibus
1043 1552 1131 1575 acre

173 1607 380 1644 intulimus
399 1605 562 1642 bellum.
620 1619 710 1658 pars
733 1606 855 1643 altera
875 1613 999 1643 castra
1021 1607 1189 1643 locavit:

173 1675 404 1711 miscuimus
424 1686 600 1724 pugnas,
629 1676 802 1711 munitas
825 1675 1001 1725 cepimus
1020 1673 1150 1721 urbes,

171 1741 362 1792 firmaque
385 1740 572 1793 disruptis
593 1741 809 1780 deiecimus
829 1741 974 1793 oppida
993 1743 1130 1778 muris.

61 1810 144 1850 300
171 1821 279 1845 nunc
296 1810 399 1861 ripas
417 1807 594 1861 Scythici
613 1812 737 1848 victor
755 1823 826 1847 rex
846 1811 1010 1860 contigit
1028 1809 1131 1857 Istri,

174 1875 377 1929 densaque
392 1891 465 1929 per
481 1878 582 1915 latos
601 1878 727 1928 figens
739 1879 911 1915 “tentoria
933 1890 1093 1928 campos

172 1943 224 1982 ad
244 1952 312 1982 tua
333 1959 406 1984 nos
420 1976 430 1994 ,
459 1948 667 1998 princeps,
698 1944 797 1983 haec
818 1945 1028 1998 splendida
1046 1945 1203 1982 moenia
1227 1943 1349 1979 misit.

173 2026 303 2050 annua
324 2015 520 2066 praelargi
544 2017 666 2066 patris
689 2015 828 2052 solatia
849 2015 971 2052 vestri

171 2094 326 2119 sumere
344 2089 501 2134 tempus
519 2083 654 2121 adest:
682 2090 814 2120 sancte
834 2095 936 2134 quae
957 2081 1137 2133 praebuit
1156 2080 1239 2127 ille,

59 2146 140 2190 305
168 2162 238 2187 vos
261 2151 380 2187 etiam
395 2152 583 2202 praebere
603 2150 729 2188 decet.
786 2152 820 2188 si
843 2150 1004 2188 foedera
1020 2150 1129 2202 pacis

167 2219 402 2255 intemerata
419 2219 491 2255 tibi
506 2249 516 2266 ‚
547 2221 580 2256 si
596 2220 724 2255 mavis
744 2225 857 2269 pacta
876 2231 1051 2266 manere,

171 2285 302 2323 debita
322 2289 527 2338 quaerenti
543 2289 794 2324 transmittite
813 2299 977 2323 munera
998 2287 1096 2336 regi.
1106 2279 1128 2298 ”

225 2355 343 2392 Talia
362 2356 574 2393 iactantem
593 2355 703 2392 nulla
723 2361 943 2392 comnotus
964 2356 1004 2391 in
1021 2356 1081 2392 ira

169 2423 406 2474 tranquillus
423 2426 607 2475 princeps
629 2423 754 2460 oculis
774 2424 934 2474 pietatis
950 2423 1099 2460 serenis

3 2515 13 2532 ι
59 2489 142 2530 310
170 2492 326 2540 aspexit
346 2493 553 2540 iuvenem,
583 2490 819 2543 placidoque
839 2489 940 2539 haec
957 2489 1080 2528 edidit
1101 2503 1183 2527 ore.

167 2551 387 2608 “quautiun
407 2566 466 2596 est
488 2561 630 2610 legatis
651 2573 835 2597 concessa
855 2560 1014 2596 licentia
1035 2557 1160 2606 fandi,

131 2673 136 2678 .
173 2630 327 2662 tantum
342 2627 494 2678 legatos
514 2630 646 2666 animo
669 2627 780 2665 decet
800 2641 885 2664 esse
901 2625 1080 2664 modesto

177 2699 215 2730 et
232 2694 335 2732 vitae
353 2696 546 2746 probitate
564 2708 726 2748 graves3
758 2697 906 2749 quique
925 2694 1062 2733 ordine
1080 2692 1233 2746 possint
