1702 3060
461 102 536 144 DE
569 99 847 144 LAUDIBUS
877 99 1100 144 IUSTINI.
1409 98 1508 145 397

0 224 1 227 ’
48 225 143 258 —mro
164 211 268 249 liber
285 213 327 248 in
349 224 429 264 quo
451 212 619 263 expensi
636 210 768 249 diurni
787 212 1016 263 acceptique
1036 211 1136 248 ratio
1155 208 1363 260 descripta,
1383 207 1510 261 ephe-

0 303 1 307 ,
44 269 185 318 :queris-
242 269 421 319 Propert.
441 272 466 309 3
497 272 576 309 22:
606 282 668 304 me
688 270 889 305 miserum:
919 268 985 305 hic
1001 267 1149 319 aliquis
1166 268 1357 304 rationem
1376 265 1511 304 scribit

37 326 167 375 vamri
183 331 220 361 et
228 326 348 374 ponit
365 325 489 362 duras
508 325 610 361 inter
627 324 910 375 ephemeridas.
954 323 1069 362 Ovid.
1089 326 1225 362 Amor.
1249 324 1272 364 1
1306 327 1381 365 12:
1409 325 1510 360 inter

54 380 316 432 splzemeridas
341 381 483 418 melius
512 381 750 433 tabulasque
777 382 966 426 iacerent,
994 382 1038 418 in
1058 379 1204 432 quibus
1225 380 1384 431 elapsas
1389 381 1511 431 fleret

48 450 196 482 warns
219 451 325 488 opes.
385 439 574 476 Dsm’s'r.

157 495 254 536 386.
312 496 489 546 turmae]
521 493 629 545 apud
649 494 875 544 Fogginum
894 506 1086 531 summae.

63 591 78 595 ,,
157 551 253 591 389·
312 552 456 602 cauta]
496 551 688 588 Sarisber.
721 551 906 588 Policrat.
936 553 962 591 3
996 553 1071 591 12:
1099 563 1232 587 rerum
1251 551 1507 600 privatarum

36 606 389 656 sparticipationem
409 614 445 643 et
461 606 612 644 calculi
632 609 848 644 cautiones.
911 613 970 644 est
992 613 1126 644 autem
1150 615 1313 644 cautum
1338 620 1504 659 syngra-

35 659 144 712 ffiha,
175 675 254 714 qua
283 661 437 702 debitor
463 677 506 701 se
536 665 747 714 pecuniam
777 661 962 701 creditori
991 663 1209 701 exsolvisse
1236 663 1422 702 ostendit.
1481 679 1502 702 a

33 717 300 762 ‘Gonstantino
327 722 432 770 Aug.
465 726 503 757 et
531 719 763 758 Cassiodoro
790 723 842 760 12
863 733 926 770 ep.
948 721 974 760 8
1004 720 1177 770 apocha,
1209 733 1232 758 a
1257 721 1503 759 Diocletiano

32 780 83 817 ret
101 775 346 813 Maximiano
367 778 500 827 Augg.
519 777 711 828 pecuniae
733 777 885 814 solutae
904 775 1097 827 professio
1109 806 1119 824 ,
1151 776 1323 830 denique
1342 790 1365 814 a
1382 779 1502 815 Iusti-

31 831 160 869 ‚niano
187 833 379 870 securitas
407 839 570 870 vocatur
595 833 666 870 lib.
688 835 739 874 17
761 833 805 870 C.
835 834 872 869 si
898 840 1048 869 certum
1068 840 1246 883 petatur.
1306 835 1501 872 Lucillius

30 891 179 938 speetu:
230 889 408 941 Φαῖδρος
449 889 619 942 ἔγραψε,
667 886 804 940 λαβών
841 887 1047 940 εἰκονικήν
1086 884 1255 941 ᾰποχήν.
1311 891 1500 929 Dsmrsr.

29 950 159 986 zcauta
188 951 281 982 sunt
312 946 535 993 cautiones,
579 943 807 996 syngrapha
837 947 982 996 scripta
1011 944 1060 982 de
1091 959 1138 982 eo
1168 945 1276 997 qnod
1302 947 1498 985 creditum

26 1006 133 1042 ierat.
162 1008 327 1038 recauta
346 1000 531 1039 dicebant
545 1002 636 1048 alii,
669 1007 710 1037 ut
726 1003 879 1037 notavit
897 999 983 1038 Ioh.
1001 1002 1198 1039 Meursius
1216 1003 1258 1038 in
1280 1003 1495 1042 Glossario.

24 1067 114 1098 mon
135 1069 293 1108 semper
312 1065 446 1095 autem
465 1059 655 1095 Romanis
674 1057 851 1094 moribus
870 1058 972 1094 tales
994 1059 1196 1095 cautiones
1218 1059 1494 1109 exigebantur,

22 1124 127 1150 mum
163 1114 355 1165 Polybius
392 1114 536 1152 scribat
565 1126 636 1151 sua
665 1120 792 1150 aetate
821 1115 1044 1151 iuramento
1074 1121 1295 1152 contractus
1327 1119 1493 1168 transigi

22 1171 304 1219 *consuevissffi
335 1177 374 1208 et
401 1171 493 1221 plus
523 1171 566 1207 in
594 1183 674 1207 una
701 1171 773 1207 tali
800 1171 1012 1221 sponsione
1041 1168 1216 1207 hominis
1249 1172 1382 1209 Latini
1403 1187 1495 1211 mo·-

20 1227 155 1263 amenti
179 1226 303 1264 fuisse
333 1239 455 1279 quam
484 1228 528 1264 in
558 1227 696 1264 multis
728 1227 970 1264 Graecorum
996 1225 1267 1277 autographis.
1325 1230 1494 1268 ΒΑΜ-Η.

0 1289 150 1331 ἰᾳαιιία
174 1289 288 1321 vocat
310 1281 558 1335 syngraphas
586 1297 658 1320 seu
688 1283 950 1334 obligationes
979 1295 1050 1320 seu
1079 1284 1362 1332 instrumenta,
1391 1299 1497 1338 quae

16 1339 210 1383 ‹unitatius
230 1342 444 1378 cautiones,
505 1346 668 1376 recauta
690 1347 781 1376 sunt
803 1338 1000 1390 apochae,
1030 1340 1174 1391 quibus
1199 1342 1400 1379 cautiones
1423 1356 1496 1380 va-

14 1402 214 1444 =cuautur‚
243 1403 288 1433 ut
307 1396 349 1436 S.
360 1397 574 1446 Augustini
594 1396 739 1432 faciam
756 1409 860 1434 mea.
918 1394 1010 1434 vide
1034 1396 1239 1433 Cuiacium
1258 1398 1301 1434 in
1321 1401 1493 1449 exposit.

24 1455 126 1492 Nov.
150 1455 252 1502 130,
281 1453 353 1490 ubi
371 1459 411 1490 et
430 1451 598 1490 Suidam
621 1453 783 1503 allegat.
843 1459 964 1489 cauta
994 1458 1034 1489 et
1061 1454 1278 1499 cautiones,
1308 1461 1352 1491 ut
1375 1463 1491 1506 pacta

12 1516 65 1561 Ἰφὶ
95 1511 320 1562 pactiones,
352 1516 544 1547 conventa
573 1515 612 1546 et
641 1510 943 1557 conventiones,
973 1507 1095 1546 idem.
1155 1517 1346 1547 vocantur
1369 1521 1492 1550 cauta

24 1567 146 1604 etiam
173 1567 418 1605 securitates.
478 1566 664 1616 exempla
695 1566 856 1615 collegit
881 1566 1030 1603 Savaro
1055 1564 1107 1602 ad
1128 1564 1267 1604 Sidon.
1288 1566 1314 1608 5
1336 1581 1399 1619 ep.
1420 1570 1488 1611 13.

24 1621 74 1668 de
91 1630 275 1675 suscepta
290 1629 370 1661 vet.
389 1624 532 1673 interp.
551 1624 650 1661 Nov.
669 1624 736 1664 72.
795 1623 919 1660 Rrr'r.

33 1693 41 1717 τ
133 1680 231 1722 895.
289 1679 449 1716 chartas
454 1679 642 1728 flammis
662 1677 872 1728 subigunt.
934 1676 1099 1730 pulchre
1121 1677 1293 1716 dictum:
1323 1693 1376 1718 ex
1394 1693 1487 1719 ma-

21 1736 110 1788 gnis
126 1737 236 1774 enim
254 1737 405 1774 acervis
423 1736 539 1786 parvi
560 1733 780 1773 admodum
796 1734 909 1773 fiunt.
969 1741 1007 1772 et
1030 1735 1086 1772 ita
1103 1732 1148 1776 τὸ
1168 1735 1351 1786 subigere
1367 1739 1483 1776 mille

18 1790 117 1843 locis
135 1799 328 1844 usurpant
346 1794 568 1843 scriptores.
627 1793 794 1830 ΒΑΜ-Η.

129 1851 228 1890 396.
285 1848 461 1900 lancem]
495 1847 546 1885 ad
575 1849 783 1900 antiquum
806 1848 927 1884 ritum
953 1848 1133 1898 respicit:
1162 1860 1258 1885 nam
1283 1849 1382 1886 olim
1399 1863 1480 1888 non

15 1905 298 1949 numerabatur
319 1903 391 1943 sed
409 1903 657 1956 pendebatur
675 1906 857 1955 pecunia.
915 1905 1021 1941 Fest.
1046 1903 1118 1944 14:
1141 1904 1315 1953 pendere
1324 1920 1480 1956 poenas

15 1961 163 2010 solvere
186 1961 401 2012 signficat.
463 1974 505 1998 eo
536 1961 644 2012 quod
664 1975 754 1998 aere
767 1961 892 2012 gravi
909 1967 1110 1997 uterentur
1129 1960 1325 2007 Romani,
1351 1976 1478 2012 penso

15 2028 77 2064 ιο,
105 2031 185 2055 non
203 2025 407 2055 numerato
427 2017 603 2055 debitum
627 2017 843 2054 solvebant.
905 2017 1010 2053 Plin.
1036 2018 1089 2057 33
1122 2018 1165 2056 1:
1198 2030 1279 2053 non
1300 2019 1477 2068 amplius

14 2086 139 2129 quam
173 2074 284 2111 mille
313 2074 447 2125 pondo
477 2076 581 2111 auri.
642 2075 749 2111 Plut.
779 2075 821 2110 in
852 2073 1022 2110 Camillo
1052 2072 1159 2109 Flor.
1191 2075 1210 2111 1
1245 2075 1319 2112 13:
1364 2075 1476 2112 mille

5 2130 144 2186 pondo
161 2131 256 2167 auri
276 2143 470 2167 recessum
488 2144 607 2167 suum
627 2130 892 2174 venditantes,
921 2129 1041 2179 idque
1059 2129 1191 2177 ipsum
1203 2141 1282 2177 per
1301 2130 1477 2167 insolen-

4 2186 130 2234 ffzsam,
158 2199 250 2223 cum
275 2186 335 2224 ad
354 2187 496 2237 iniqua
509 2186 692 2236 pondera
709 2186 845 2223 addito
867 2184 1003 2221 adhuc
1017 2183 1158 2235 gladio
1179 2184 1343 2234 superbe
1359 2188 1474 2224 1¹ictis

7 2237 272 2293 izwreparent.
333 2242 407 2280 Sil.
433 2243 523 2280 Ital.
545 2245 592 2282 1:
622 2242 689 2279 hic
711 2242 856 2294 galeae
889 2240 1107 2285 Senonum,
1128 2242 1368 2293 pensatiq1ce
1394 2244 1474 2280 im-

3 2292 157 2351 probus
180 2300 274 2336 auri
298 2297 447 2335 arbiter
473 2299 576 2335 ensis
604 2299 717 2335 inest.
782 2305 821 2336 et
849 2296 897 2337 4:
928 2303 1143 2347 pensantes
1168 2310 1314 2334 aurum
1339 2299 1472 2336 Celtas

0 2353 178 2405 'umbone
189 2353 369 2406 serebat.
431 2353 484 2391 ad
503 2355 662 2391 lancem
679 2367 773 2406 ergo
796 2361 835 2392 et
854 2360 1042 2391 stateram
1066 2353 1328 2403 exigebantur
1345 2368 1470 2406 pecu-

0 2404 99 2462 hiae
120 2410 289 2449 debitae.
346 2411 475 2449 multa
494 2409 547 2448 ad
567 2410 670 2448 illud
692 2411 762 2449 lib.
788 2414 807 2451 1
831 2411 874 2447 in
893 2411 1056 2461 Eutrop.
1075 2408 1303 2447 Claudiani:
1332 2412 1376 2448 in
1394 2425 1471 2462 ge-

0 2468 140 2510 *manas
156 2474 275 2505 nutat
285 2468 496 2518 provincia
514 2467 662 2504 lances.
700 2468 892 2505 Priscian.
909 2468 950 2507 6.
987 2465 1124 2504 Horat.
1145 2479 1210 2518 ep.
1224 2468 1252 2507 2
1280 2470 1331 2508 2:
1363 2467 1472 2518 quod

0 2525 98 2578 W
117 2522 223 2561 libra
241 2531 438 2562 mercatus
458 2531 497 2560 et
513 2537 603 2560 aere
619 2530 687 2560 est.
741 2524 917 2575 Sulpicia
933 2523 977 2559 in
992 2523 1155 2574 Satyra:
1185 2523 1329 2560 tectina
1352 2522 1470 2560 Galli

0 2578 146 2634 Yugere
166 2580 320 2617 relicta.
382 2579 526 2618 eadem
553 2581 700 2618 locutio
726 2579 834 2632 apud
860 2579 1092 2617 Iuvenalem
1116 2581 1165 2619 6:
1205 2579 1320 2615 lance
1350 2577 1466 2615 beata

0 2632 187 2680 'Dacicus
214 2643 255 2685 et
280 2638 424 2687 scripto
455 2637 591 2674 radiat
627 2637 891 2674 Germanicus
918 2649 1031 2672 auro.
1093 2637 1164 2687 qui
1194 2635 1310 2686 plura
1340 2635 1464 2684 cupis,

0 2689 97 2740 wide
125 2693 371 2730 Hotmanum
395 2691 445 2730 de
469 2691 646 2744 pondere
669 2695 928 2746 pecuniarum
953 2691 1214 2730 disserentem
1234 2691 1464 2742 Antiquita-

0 2750 92 2800 μαι
113 2749 229 2788 Rom.
253 2749 296 2790 4.
349 2749 538 2789 Dans-r.

0 2903 5 2940 ζ
