1702 3060
1651 90 1673 127 ,i

1656 133 1662 141 ,

242 159 333 189 mm
834 143 1066 188 FOGGINI
1169 138 1171 142 ⁴
1655 142 1673 212 {3

353 256 486 306 Itaque
517 264 641 303 nugas
672 263 786 302 agere
813 258 908 303 puto
931 252 996 305 qui
1015 252 1208 290 Cresconii
1229 252 1430 291 Canonum
1446 246 1676 319 collectori*

246 327 414 359 aetatem
439 332 489 356 ex
518 331 564 355 ea
595 325 686 355 nota
714 321 943 369 comperisse
967 321 1041 356 sibi
1060 318 1331 367 blandiuntur,
1361 332 1452 356 cum
1475 318 1575 356 mihi
1597 321 1678 377 vis}

245 387 381 424 deatur
413 398 626 435 anonymus
652 384 852 423 adnotator
882 399 933 423 ex
958 399 1003 423 eo
1033 385 1298 423 tantummodo
1326 386 1400 422 sibi
1424 383 1679 436 persuasissez'

245 452 353 504 quod
378 450 552 488 eiusdem
575 453 740 509 auctoris
761 460 860 490 esset
877 466 1032 489 carmen
1049 454 1097 490 cle
1117 451 1227 489 hellis
1245 452 1406 503 Libycis
1422 464 1467 488 ac
1486 451 1661 488 collectio
1670 470 1679 506 ,Α

246 519 466 565 canonum,
499 518 589 568 quia
615 519 798 555 nimirum
828 520 1020 557 cresconii
1045 533 1188 557 nomen
1210 521 1363 571 utrique
1390 518 1498 568 operi
1519 510 1674 568 praefi-'⁷-

246 597 345 621 xum
373 585 592 633 invenerat,
631 591 670 621 et
706 586 797 636 quia
831 587 957 636 operis
990 587 1189 638 utriusque
1217 592 1413 622 auctorem
1437 584 1663 621 Africanum

246 649 446 689 hominem
471 663 554 688 esse
581 652 782 688 sentiebat.
839 665 975 688 verum
1005 652 1357 689 animadvertamus
1386 657 1534 701 oportet
1557 647 1676 702 (111011.Ι

246 719 442 755 cresconii
473 731 542 754 seu
568 719 691 754 mavis
717 719 901 754 Crisconii
927 730 1070 754 nomen
1091 720 1164 756 fuit
1182 720 1286 756 Afris
1304 718 1681 764 familiarissimum„

246 791 290 821 ut
309 786 423 834 plane
442 785 564 834 liquet
583 796 635 819 ex
657 783 869 819 Collatione
891 783 1185 834 Carthaginensi
1204 792 1241 822 et
1261 798 1311 822 ex
1330 785 1491 835 epistola
1511 782 1683 820 concilii

243 851 462 887 Milevitani
491 848 542 885 ad
568 850 838 885 Innocentium
863 862 1008 898 papam
1032 854 1072 896 1,
1103 864 1268 900 quarum
1293 853 1361 888 uni
1387 852 1518 902 plures
1542 851 1666 886 inter-

245 915 402 951 fuerunt
433 921 470 950 et
501 913 602 950 110110
633 914 794 950 alteram
817 913 948 963 plures
968 922 1238 965 nuncuparunt
1257 915 1494 953 diversarum
1514 915 1667 953 sedium

246 980 440 1030 episcopi,
480 981 549 1030 qui
584 992 662 1016 uno
701 978 917 1030 eodemque
953 981 1147 1017 Cresconii
1177 983 1335 1019 nomine
1359 982 1685 1032 appellabantur..

247 1052 306 1083 est
325 1047 444 1095 igitur
463 1044 696 1082 adnotatoris
716 1044 881 1082 adsertio
901 1045 1114 1083 admodum
1132 1048 1299 1084 incertae
1315 1046 1428 1095 fidei,
1459 1049 1531 1085 etsi
1547 1047 1667 1085 indu-

247 1113 415 1149 bitanter
443 1113 624 1149 falsitatis
650 1124 728 1148 non
758 1124 876 1162 arguo
890 1141 900 1160 ,
929 1119 1014 1148 tum
1037 1113 1126 1164 quia
1149 1115 1311 1150 minime
1330 1119 1478 1164 pugnat
1496 1113 1668 1164 aliquem

247 1192 332 1216 esse
349 1180 443 1215 iuris
463 1179 636 1215 canoni-i
651 1179 820 1228 peritum
839 1185 878 1215 et
893 1179 934 1215 in
951 1186 1031 1215 arte
1052 1181 1201 1229 poetica
1219 1187 1428 1231 potentem,
1448 1187 1533 1217 tum
1551 1181 1670 1217 etiam

247 1247 340 1297 quia
367 1246 477 1282 nulla
505 1246 675 1295 suppetit
699 1247 794 1282 ratio
825 1257 892 1281 cur
914 1258 1125 1295 pernegem
1141 1240 1220 1284 non
1239 1245 1378 1284 eodem
1393 1247 1475 1283 fere
1494 1253 1669 1296 tempore

246 1311 392 1349 editam
411 1313 532 1349 fuisse
552 1312 819 1348 collectionem
838 1312 1040 1348 canonum
1061 1313 1357 1352 Cresconianam
1377 1326 1421 1350 ac
1441 1312 1590 1350 editum
1613 1318 1671 1349 est

245 1391 268 1414 a
287 1379 346 1414 Fl.
367 1379 572 1414 Cresconio
587 1378 752 1427 Corippo
773 1391 927 1414 carmen
945 1379 992 1414 de
1010 1378 1120 1415 bellis
1130 1378 1302 1428 Libycis.
1363 1379 1538 1430 quinimo
1556 1380 1671 1430 equi-

244 1443 335 1480 dem
366 1446 491 1480 sentio
522 1444 697 1492 apprime
725 1444 923 1492 probabile
950 1442 1076 1480 videri
1104 1443 1211 1494 quod
1238 1444 1376 1482 eadem
1392 1446 1514 1482 ferme
1531 1452 1670 1492 aetate,

243 1511 315 1548 sub
334 1511 497 1559 imperio
515 1510 703 1543 nimirum
718 1509 923 1544 Iustiniani
939 1509 1095 1558 Magni,
1124 1516 1332 1560 utriunque
1350 1523 1445 1560 opus
1462 1509 1669 1560 prodierit:

242 1589 336 1613 nam
365 1588 415 1612 ex
448 1573 532 1611 Ioh.
558 1574 783 1624 Cuspiniani
814 1575 1036 1610 testimonio
1065 1575 1227 1626 ahisque
1248 1575 1410 1612 inferius
1433 1574 1671 1613 adducendis

244 1644 438 1680 rationum
461 1642 669 1678 momentis
696 1647 798 1677 certo
823 1647 938 1678 teneo
959 1639 1076 1677 huius
1097 1641 1276 1678 carminis
1297 1648 1568 1691 argumentum
1588 1655 1672 1679 esse

244 1710 426 1747 Africana
446 1708 594 1758 praelia
613 1707 683 1744 sub
701 1707 914 1744 Iustiniano
923 1709 977 1743 M.
998 1714 1128 1757 gesta3
1159 1713 1197 1742 et
1217 1705 1322 1757 quod
1338 1708 1505 1756 pertinet
1520 1707 1571 1744 ad
1589 1709 1671 1746 col-

243 1777 452 1814 lectionem
472 1775 685 1821 Canonum,
716 1775 807 1824 quia
828 1773 898 1810 sub
919 1772 1095 1810 eiusdem
1112 1773 1315 1810 Iustiniani
1330 1774 1384 1809 M.
1403 1775 1567 1824 imperio
1585 1787 1673 1818 eam

247 1855 403 1894 quoque
431 1839 621 1891 prodiisse
646 1841 806 1876 coniicio
828 1852 879 1875 ex
898 1841 1060 1890 epistola
1079 1838 1208 1876 eidem
1225 1840 1332 1889 operi
1351 1840 1541 1890 praefixa,
1571 1854 1672 1893 quae

248 1907 377 1946 adhuc
396 1909 547 1956 integra
567 1913 763 1956 superest,
794 1904 845 1942 ad
861 1906 1087 1942 Libe-riuum
1107 1907 1344 1955 episcopum.
1402 1913 1440 1943 et
1461 1919 1554 1944 sane
1577 1908 1674 1944 Cre-

250 1976 403 2013 sconius
427 1975 469 2010 in
496 1986 541 2009 ea
565 1971 658 2009 dicit
682 1986 722 2010 se
749 1985 954 2009 excusasse
974 1973 1021 2009 ab
1039 1974 1212 2009 iniuncto
1235 1984 1370 2022 opere,
1396 1971 1502 2024 quod
1517 1973 1673 2010 brevia-

250 2042 353 2079 rium
387 2041 587 2077 Canonum
621 2053 648 2075 a
677 2040 759 2075 viro
783 2040 1083 2076 reverentissimo
1107 2039 1306 2075 Ferrando
1339 2039 1673 2090 Carthaginiensis

251 2108 431 2144 eeclesiae
461 2106 622 2142 diacono
657 2105 849 2154 digestum
875 2106 956 2142 iam
974 2106 1140 2157 suerat,
1183 2111 1220 2142 et
1261 2104 1366 2156 quod
1399 2113 1595 2143 vereretur
1624 2120 1672 2144 ne

249 2174 367 2211 aliud
394 2173 631 2210 breviarium
656 2171 889 2222 exsequendo
917 2173 998 2208 eius
1015 2171 1246 2221 prudentiae
1273 2171 1614 2222 deprehenderetur
1629 2174 1673 2210 in

247 2241 382 2292 aliquo
401 2239 585 2289 derogare
593 2252 610 2284 ,·
643 2250 742 2289 quae
762 2236 947 2290 loquendi
964 2239 1060 2275 ratio
1072 2267 1082 2286 ,
1111 2250 1189 2274 non
1207 2251 1316 2276 secus
1335 2251 1380 2275 00
1397 2240 1674 2289 sapientissimi

248 2314 288 2345 et
316 2304 547 2345 venerabilis
573 2305 650 2341 viri
675 2305 976 2354 appellationes,
1007 2317 1105 2355 quae
1131 2303 1279 2341 ibidem
1299 2305 1492 2343 Ferrando
1514 2307 1674 2356 insuper

245 2375 489 2420 tribuuntur,
516 2369 768 2408 vehementer
796 2370 961 2408 suadent
993 2378 1058 2407 aut
1090 2370 1218 2408 adhuc
1246 2372 1288 2408 in
1309 2372 1407 2408 vivis
1434 2371 1674 2409 Fen-andum

247 2441 368 2478 fuisse
399 2446 467 2477 aut
494 2439 634 2476 saltem
660 2439 743 2475 eius
770 2438 1004 2475 breviarium
1020 2451 1098 2474 non
1117 2438 1242 2474 multo
1261 2445 1349 2474 ante
1368 2438 1490 2476 fuisse
1509 2438 1672 2476 editum.

247 2507 329 2544 iam
359 2519 451 2543 vero
481 2518 600 2558 quem
630 2505 724 2542 latet
752 2505 823 2542 sub
850 2505 1013 2556 imperio
1042 2505 1246 2541 Iustiniani
1273 2505 1407 2556 Magni
1434 2504 1674 2542 ΕΘΗ-0111111111

249 2571 454 2611 110111153οἳ
510 2573 584 2609 fuit
617 2572 723 2608 enim
750 2571 792 2608 S.
812 2572 1006 2622 Fulgentii
1035 2571 1204 2622 episcopi
1227 2572 1439 2622 Ruspensis
1465 2571 1507 2607 in
1533 2583 1674 2608 mona-

249 2640 366 2679 sterio
385 2638 586 2678 Sardiniae
606 2639 823 2675 Calaritano
844 2635 1056 2688 discipulus
1072 2649 1082 2685 3
1114 2643 1153 2675 et
1174 2649 1262 2674 cum
1280 2638 1323 2675 S.
1342 2638 1569 2688 Fulgentius
1590 2635 1673 2674 kal.

249 2708 333 2745 Ian.
355 2719 391 2744 a.
410 2706 480 2745 sal.
501 2706 579 2749 533
596 2712 762 2744 mortem
777 2705 938 2755 obierit,
968 2702 1143 2743 eiusdem
1171 2705 1294 2744 vitam
1317 2702 1520 2756 descripsit
1538 2710 1577 2741 et
1596 2703 1672 2739 Fe-
