1702 3060
494 113 842 158 IOHANNIDOS
876 112 981 156 LIB.
1013 111 1048 155 I.
1431 108 1495 153 ‘29

160 230 340 280 victaque
363 228 470 266 bella
491 226 650 278 placent
669 225 782 275 regni
802 224 981 274 graviora
1000 223 1171 275 superbi,

150 299 314 349 'expulit
331 304 375 334 ut
393 298 533 333 Persas
546 324 556 343 ,
589 294 725 332 stravit
746 304 824 344 quo
844 293 1008 330 vulnere
1026 289 1193 328 Parthos

161 366 326 404 confisos
343 364 466 402 turbis
485 361 696 413 densisque
715 360 868 398 obstare
885 361 1052 410 sagittis,

77 436 132 475 60
160 440 337 484 tempore
363 444 440 484 quo
461 431 534 468 lati
555 434 766 466 manarunt
783 428 949 465 Nitzibis
967 426 1052 477 agri

161 502 352 551 sanguine
368 500 598 544 Persarum,
627 494 853 548 Parthoque
871 507 892 531 a
910 507 1004 545 rege
1026 492 1221 531 secundus

160 579 388 618 congressus
409 563 610 613 Nabedes,
639 565 762 602 fretus
781 564 925 600 virtute
944 562 1081 611 feroci,

159 636 291 673 amisit
306 635 429 672 socias
450 633 536 684 ipso
554 639 764 683 superante
781 638 969 680 catervas,

159 703 429 754 effugiensque
449 713 540 738 suas
553 729 563 748 ‚
595 707 703 737 actus
724 698 937 736 formidine
951 728 962 747 ‚
991 705 1123 750 portas

75 770 130 813 65
158 769 338 808 claudere
358 771 430 807 vix
449 769 596 819 potuit,
627 767 882 819 mediamque
902 769 944 804 in
961 764 1126 804 Nitzibis
1146 779 1274 805 arcem

158 840 355 876 Romanos
371 838 501 887 erupit
521 848 663 887 eques,
692 837 895 887 victorque
913 833 1110 873 Iohannes

157 907 366 943 Persarum
389 904 566 941 excelsas
586 905 783 940 concussit
800 901 960 954 cuspide
979 909 1127 953 portas.

212 973 405 1023 Principis
424 978 514 1008 ante
532 971 665 1008 oculos
687 970 909 1008 discurrunt
929 977 1069 1006 cuncta
1092 969 1221 1008 fidelis

157 1042 275 1080 fortia
294 1041 398 1078 facta
415 1040 488 1075 viri
500 1050 512 1074 ε
540 1044 681 1088 pensat
697 1044 907 1090 versatque
927 1038 1096 1086 labores,

74 1112 129 1152 70
156 1106 497 1157 Theudosiupolin
512 1111 558 1142 ut
576 1103 720 1143 densus
738 1106 946 1143 vallaverit
963 1104 1089 1144 hostis

157 1175 360 1215 obsidione
382 1174 513 1224 gravi3
542 1174 668 1210 noctis
688 1173 794 1211 celer
811 1174 881 1211 ille
903 1187 976 1225 per
994 1174 1155 1212 mnbras

158 1251 203 1282 ut
221 1246 384 1282 veniens
405 1241 546 1278 dubiae
568 1242 757 1278 succurrit
774 1242 983 1280 moenibus
1000 1243 1122 1292 urbis,

157 1310 290 1349 hostes
309 1324 381 1362 per
397 1308 551 1348 medios
568 1316 702 1360 portas
721 1310 923 1359 ingressus
941 1311 1109 1358 amicas;

157 1381 314 1418 territus
333 1386 453 1430 utque
468 1375 614 1428 pedem
633 1378 756 1414 muris
778 1378 974 1414 subtraxit
995 1378 1044 1414 ab
1068 1378 1150 1415 illis

75 1447 129 1496 75
157 1448 296 1498 ingens
313 1448 574 1490 Mermeroes3
605 1443 817 1495 densisque
836 1452 881 1482 ut
900 1447 1055 1483 saevior
1076 1447 1197 1484 annis

159 1514 282 1552 ardua
299 1512 452 1551 sidereo
471 1513 696 1562 cingentem
711 1514 872 1549 moenia
889 1526 1004 1551 muro

157 1581 252 1619 inde
273 1583 397 1618 Daras
417 1593 534 1617 ausus
555 1578 713 1627 ductor,
744 1581 814 1631 qui
831 1582 945 1632 signa
965 1581 1141 1632 regebat,

157 1657 341 1702 appetere
360 1656 400 1686 et
416 1649 522 1686 bello
539 1648 673 1685 Latias
690 1653 842 1684 tentare
858 1647 1095 1700 phalangas.

157 1717 230 1756 sed
246 1725 456 1770 postquam
471 1717 643 1768 primam
659 1715 831 1765 vigilans
849 1729 902 1752 ex
915 1715 1096 1756 hostibus
1113 1717 1254 1756 urbem

73 1789 128 1830 80
157 1787 299 1838 eripuit
317 1785 471 1834 ductor,
501 1785 699 1836 fugientes
718 1782 811 1820 inde
834 1790 991 1822 secutus

159 1860 322 1905 occupat
338 1860 428 1890 ante
447 1854 534 1890 vias
553 1859 670 1904 atque
692 1865 829 1890 omnes
847 1852 1022 1890 vindicat
1043 1866 1172 1904 agros,

158 1935 210 1959 ne
230 1922 437 1972 popularet
455 1927 571 1957 atrox
590 1926 658 1957 aut
675 1932 919 1972 quemquam
941 1921 1118 1960 laederet
1137 1921 1279 1961 hostis.

156 1991 308 2042 primus
327 1994 365 2026 et
383 1988 551 2025 obtinuit
572 1987 667 2025 celsi
686 1989 908 2026 munimina
925 1991 1043 2039 muri,

157 2071 232 2096 nec
249 2069 387 2109 passus
404 2054 562 2093 differre
582 2054 670 2093 diu:
699 2069 795 2094 nam
813 2059 992 2108 protinus
1012 2057 1119 2097 hosti

75 2125 129 2170 85
154 2126 292 2163 fortior
307 2126 351 2162 in
369 2123 523 2162 medios
542 2136 660 2162 ausus
680 2137 907 2163 concurrere
931 2138 1106 2178 campos,

157 2194 323 2246 perculit
339 2194 566 2230 innumeras
579 2192 689 2229 felici
706 2194 831 2230 Marte
851 2200 1025 2232 catervas

157 2263 414 2312 egregiosque
437 2259 556 2298 duces
579 2267 617 2298 et
634 2261 788 2299 iunctas
810 2260 971 2299 foedere
992 2267 1145 2312 gentes.

157 2327 394 2367 Parthorum
413 2327 620 2366 dominum
635 2330 785 2367 victum
803 2340 1042 2382 versumque
1061 2328 1215 2381 fugavit

50 2461 95 2496 60
115 2461 312 2496 mandarunt
326 2461 455 2496 nuzibis
471 2460 543 2497 acri
561 2462 594 2496 Τ
718 2463 762 2497 61
787 2462 951 2497 secundos
966 2463 1007 2498 M
1138 2463 1183 2498 62
1204 2462 1388 2509 Nabedes]
1413 2475 1500 2498 nunc

49 2505 151 2540 habet
166 2508 216 2547 Τ,
240 2517 303 2541 nec
317 2508 418 2543 habet
433 2509 474 2542 M
599 2509 644 2543 63
667 2508 801 2543 admisit
816 2509 919 2543 satias
937 2509 970 2542 Τ
1051 2549 1055 2553 ,
1079 2509 1123 2545 65
1146 2509 1323 2554 medieque
1337 2510 1372 2544 in
1386 2510 1501 2544 Nitzi-

51 2551 104 2586 bis
118 2563 179 2586 ,are
190 2552 361 2588 Romanus
374 2554 497 2599 irrupit
510 2554 566 2589 vel
582 2553 709 2599 dirupit
724 2555 770 2588 T:
794 2555 971 2600 mediaque
985 2555 1020 2589 in
1035 2555 1182 2590 Nitzibis
1199 2567 1278 2590 arce
1291 2556 1412 2601 irrupit
1428 2557 1501 2590 Ro-

50 2607 166 2632 manus
184 2598 414 2641 usonem
434 2601 466 2634 L
602 2602 646 2635 70
669 2600 982 2647 Theodosioypolin
1005 2602 1080 2636 MT
1213 2603 1260 2637 76
1281 2603 1438 2647 cingebat
1462 2602 1505 2635 M

50 2643 97 2678 77
120 2642 228 2678 claras
244 2644 292 2678 T:
312 2647 396 2684 cf.2
412 2647 496 2689 119,
518 2647 543 2681 4
557 2646 625 2683 235
644 2651 680 2680 et
694 2646 774 2682 545.
903 2649 987 2687 ibid.
1011 2647 1107 2695 quasi
1123 2649 1156 2682 T
1278 2650 1324 2685 82
1347 2649 1412 2692 ne]
1436 2657 1503 2680 neu

8 2701 17 2725 '1
49 2689 147 2733 apud
161 2689 203 2722 M
332 2692 416 2729 ibid.
429 2692 556 2731 ledere.
691 2692 740 2729 84
761 2693 868 2730 hostis
885 2694 919 2730 T
1043 2695 1089 2730 85
1112 2694 1206 2731 visus
1219 2694 1296 2730 MT
1415 2693 1500 2728 ibid.

7 2737 19 2794 ἴῚ
51 2738 106 2769 eet
120 2745 258 2770 currere
274 2734 314 2770 Τ.
