1702 3060
442 103 518 146 DE
551 101 824 147 LAUDIBUS
839 108 843 110 “
857 100 1078 146 IUSTINI.
1387 98 1482 146 423

35 211 249 265 Gor-ippum
290 219 408 264 atque
427 210 526 250 adeo
548 214 584 250 ei
606 226 722 250 sacra
739 211 833 250 dicit
847 242 859 262 ,
888 219 1024 264 utpote
1043 212 1161 264 plena
1179 211 1414 263 sapientiae,
1431 219 1484 249 ·et

34 269 276 310 admiranda
293 269 424 320 magis
442 281 563 320 quam
582 270 935 307 commemoranda.
994 271 1127 321 itaque
1146 268 1327 320 legebam
1349 282 1483 313 sacra,

0 330 1 334 ’
33 323 112 365 hoo
139 332 199 364 est
226 332 469 370 consecrata,
509 327 583 363 etsi
605 339 729 377 aeque
748 326 854 362 ‘bene
876 327 958 376 legi
984 338 1101 377 posse
1121 332 1216 376 puto
1242 339 1371 370 sacro,
1409 323 1484 362 hoc

34 389 101 426 ‚est
114 381 268 420 dedico.-
307 383 388 419 iam
413 385 519 419 enim
545 395 624 418 nou
644 383 768 419 semel
790 383 930 419 Iustiui
954 383 1189 433 sapientiam
1207 395 1260 419 ex
1278 394 1324 418 ea
1343 380 1485 418 lauda-

36 438 116 486 vit,
154 445 199 475 ut
216 439 259 474 iu
277 439 436 488 Fragm.
461 440 515 479 23
543 445 581 474 et
602 440 643 475 iu
660 440 809 488 Paueg.
836 437 912 486 34,
952 444 991 474 et
1025 439 1047 477 1
1078 440 1125 486 9,
1168 438 1242 485 56,
1284 439 1360 478 291
1396 444 1468 474 etc.
1459 464 1484 486 .,

37 499 78 532 ot
96 492 191 531 hinc
209 495 459 532 occasionem
478 495 603 545 carpit
623 492 902 559 expostulandi
914 501 1096 532 mutuum
1111 495 1194 531 eius
1211 495 1486 545 patrocinium.

26 550 167 588 Eoos.

150 604 246 647 151.
303 604 389 643 dies
420 605 571 642 scilicet
612 604 789 644 decimus
823 619 950 643 nonus
979 606 1233 654 Novembris,
1285 620 1362 658 quo
1396 607 1489 642 anni

26 667 214 713 ‚tempore
232 664 314 700 iam
333 661 432 708 dies,
452 667 588 712 utpote
608 661 659 698 ad
677 662 858 699 brumam
875 664 1004 713 ipsam
1022 665 1237 713 propiores,
1260 663 1388 700 solent
1406 675 1490 700 esse

37 716 310 768 frigidissimi,
349 719 601 768 potissimum
631 731 724 756 vero
748 720 863 769 Cpoli
894 726 932 756 et
961 725 1043 755 toto
1067 732 1112 756 eo
1135 717 1329 756 Thraciae
1350 725 1489 766 tractu,

26 774 109 825 'ubi
135 775 298 814 instanti
322 771 455 810 hieme
481 776 681 825 perpetuis
707 776 865 814 nivibus
897 782 935 812 et
966 776 1155 812 altissima
1194 776 1318 826 glacie
1356 776 1488 812 omnia

19 832 167 882 {rigere
189 831 494 882 conspiciuntur.
552 833 674 868 Rmz.

113 927 115 930 ,
154 888 248 929 152.
306 900 472 924 vernum
494 887 735 924 substantive
758 885 860 924 dixit
878 900 948 938 pro
968 900 1086 924 verno
1106 895 1274 937 tempore
1299 901 1368 925 seu
1389 900 1485 923 vere.

37 943 163 981 Rrrr.

155 998 248 1040 156.
305 1010 387 1036 non
415 995 564 1048 patitur
585 998 655 1034 lex
683 1011 820 1035 versus
835 998 967 1046 flebat
990 999 1092 1049 legi3
1134 1011 1255 1050 quare
1286 1006 1352 1035 aut
1375 1011 1492 1048 repo-

19 1064 21 1066 ’
39 1053 439 1106 nendumfiemebat,
457 1060 525 1090 aut
539 1054 683 1090 melius
689 1053 880 1104 favebat,
895 1055 1066 1091 formula
1077 1057 1296 1092 notissima.
1309 1056 1493 1093 Dnmrsr.

17 1111 182 1158 J'seusus
197 1123 243 1148 ac
260 1117 435 1148 metrum
447 1109 581 1157 fiebat
601 1111 763 1160 respuit.
821 1113 982 1148 Ruizius
1012 1117 1051 1148 et
1083 1124 1135 1147 ex
1163 1124 1209 1148 eo
1240 1112 1494 1161 Dempsterus

42 1167 284 1218 reponebant
291 1165 466 1218 favebat
484 1172 551 1202 aut
557 1166 775 1217 fremebat.
836 1167 1073 1216 legendum,
1104 1173 1147 1204 ut
1167 1167 1344 1215 arbitror,
1375 1168 1495 1204 votis-

25 1219 118 1275 'que
132 1224 215 1261 suis
233 1237 337 1261 nova
358 1223 492 1259 Roma
510 1222 672 1259 nitebat.
733 1223 863 1261 firmat
880 1222 907 1262 4
933 1225 1024 1264 101.
1081 1224 1240 1260 Voxcx.

155 1281 248 1321 158.
303 1278 461 1329 schola]
501 1278 610 1330 quod
627 1280 853 1329 Propertius
881 1286 994 1316 vocat
1018 1281 1292 1330 gymnasium,
1330 1279 1372 1316 id
1398 1281 1495 1317 scri-

20 1342 174 1387 ptores
190 1334 350 1373 iuridici
366 1334 558 1372 scholam.
593 1335 814 1372 Cassiodor.
833 1336 859 1376 5
880 1349 943 1386 ep.
963 1338 1039 1376 23:
1073 1335 1209 1372 schola
1228 1337 1383 1374 Mat-'lca
1404 1338 1497 1373 mit-

41 1399 104 1429 tat
120 1394 604 1442 examina:pugnalur1cs
624 1392 736 1437 ludo,
776 1393 847 1442 qui
871 1405 911 1428 se
929 1404 1100 1428 exercere
1119 1406 1286 1428 consuet
1286 1394 1319 1429 it
1336 1394 1379 1429 in
1401 1394 1492 1429 otio.

8 1446 139 1494 sshinc
167 1447 355 1486 undecim
382 1446 537 1485 scholas
563 1448 738 1484 militum
763 1454 947 1484 numerat
964 1449 1204 1485 Iustiniauus
1223 1449 1292 1485 lib.
1312 1449 1365 1490 34
1387 1451 1430 1487 C.
1452 1449 1500 1486 de

43 1505 163 1542 locat.
197 1503 356 1542 scholae
385 1511 519 1540 autem
538 1504 743 1541 Palatinae
775 1503 818 1540 fit
846 1505 994 1540 mentio
1015 1517 1037 1540 a
1057 1506 1206 1541 Iustino
1224 1507 1326 1555 Aug.
1350 1506 1420 1542 lib.
1450 1508 1500 1547 13

4 1566 11 1575 ’
43 1563 89 1598 C.
108 1560 158 1598 de
177 1559 359 1607 Iudiciis3
378 1560 552 1597 duarum
572 1559 765 1596 librarum
781 1562 875 1596 auri
882 1574 1015 1610 poena
1036 1561 1214 1611 afficere,
1238 1576 1314 1611 per
1324 1561 1502 1598 scholam

45 1617 284 1655 Palatinam
300 1617 506 1666 exigenda.
567 1618 745 1667 suspicor
763 1624 898 1653 tamen
919 1616 1080 1654 subesse
1095 1617 1300 1665 mendum,
1330 1625 1373 1654 ut
1390 1618 1460 1654 lib.
1475 1618 1501 1658 4

0 1673 19 1729 ξ
47 1675 152 1715 188:
186 1687 262 1725 per
284 1673 444 1710 scholas
477 1680 706 1724 turmasque
735 1686 894 1710 vocans.
957 1671 1029 1711 sed
1050 1686 1167 1724 saepe
1186 1675 1295 1724 leges
1320 1675 1502 1711 carminis

0 1735 19 1782 ’ἒ
43 1730 180 1768 violat.
236 1731 424 1769 nunes-r.

15 1796 18 1797 ’
158 1786 213 1823 ib.
274 1785 453 1824 scholam
482 1785 621 1836 palatii
651 1790 765 1822 vocat
789 1791 918 1822 totum
948 1792 1104 1822 coetum
1129 1786 1255 1825 officia
1281 1786 1410 1823 aulica
1432 1784 1505 1822 ad-

0 1823 48 1938 ὲ
45 1842 381 1889 ministrantium,
410 1848 455 1879 ut
471 1842 574 1878 infra
596 1853 755 1893 quoque
771 1839 797 1880 4
826 1844 917 1883 188
957 1854 1074 1893 saepe
1092 1850 1304 1893 usurpatur
1321 1841 1396 1879 hoc
1415 1855 1506 1878 ver—

45 1897 145 1937 bum
171 1899 214 1936 in
233 1871 517 1950 posterioribus
540 1898 652 1934 libris
680 1897 825 1934 codicis
853 1899 1074 1935 Iustiniani.
1131 1900 1350 1950 interposui
1373 1905 1506 1935 autem

0 1952 114 1991 hic
137 1951 182 1995 τὸ
210 1956 318 2006 ipsa,
361 1954 469 2007 quod
497 1967 587 1991 cum
615 1953 850 1991 detrimento
878 1967 1015 1992 versus
1046 1955 1193 1992 aberat.
1239 1957 1362 1992 Rrr‘r.
1421 1954 1506 1991 alta

3 2011 303 2062 Dempsterus
324 2009 377 2049 ad
399 2010 427 2051 4
452 2012 544 2052 188-

10 2079 20 2086 ¹
159 2068 254 2108 160.
310 2068 572 2118 decanorum]
613 2079 694 2103 non
715 2073 807 2104 suut
826 2065 893 2103 hic
911 2065 1050 2104 decani
1071 2068 1133 2104 illi
1155 2080 1254 2118 quos
1276 2066 1505 2117 pontificum

0 2110 14 2156 1·
45 2123 111 2160 ius
130 2125 321 2174 agnoscit,
351 2122 423 2161 sed
442 2124 511 2175 qui
530 2122 745 2160 humandis
766 2122 1022 2160 cadaveribus
1044 2131 1275 2174 praeerant3
1307 2136 1405 2174 quos
1426 2124 1505 2159 La-

47 2179 123 2218 tini
143 2179 308 2231 quidem
329 2179 585 2225 libitinarios,
626 2180 767 2216 Graeci
784 2177 1062 2231 νεκροθαπτας
1081 2186 1246 2226 vocant,
1287 2178 1335 2216 de
1365 2179 1508 2230 quibus

0 2228 23 2293 ξ
48 2241 110 2273 est
126 2237 188 2273 tit.
211 2238 264 2277 27
289 2235 360 2273 lib.
383 2238 434 2276 12
463 2234 561 2272 cod.
584 2242 623 2272 et
644 2236 879 2272 Constitutio
901 2234 1143 2284 Theodosii,
1185 2243 1223 2273 et
1241 2236 1508 2274 Valentiniani

0 2294 17 2334 ἱ
52 2293 184 2343 Augg.
206 2292 236 2329 l.
258 2293 283 2332 9
310 2292 353 2329 C.
373 2290 422 2328 de
444 2304 588 2329 sacros.
606 2292 761 2328 Eccles.
818 2293 1007 2329 Dzmrs'r.

0 2339 23 2400 f
163 2346 218 2386 ib.
279 2349 506 2398 cursorum]
538 2346 583 2385 hi
609 2353 701 2385 sunt
730 2348 831 2384 forte
861 2361 961 2399 quos
979 2348 1112 2385 Latini
1141 2349 1348 2399 scriptores
1369 2353 1510 2385 vocant

0 2411 15 2418 ''
51 2404 237 2450 viatores,
265 2405 335 2456 qui
355 2404 651 2454 magistratibus
668 2402 719 2440 ad
739 2404 869 2441 officia
890 2411 1045 2455 praesto
1070 2411 1195 2441 erant.
1223 2422 1226 2425 ¹
1252 2418 1346 2442 uam
1367 2418 1510 2441 nume-

52 2466 135 2497 ruta
156 2460 286 2498 officia
301 2459 369 2498 hic
389 2461 502 2498 aulae
523 2461 754 2511 Cpolitanae
782 2460 970 2497 differunt
992 2462 1040 2498 ab
1066 2460 1399 2509 occidentalibus,
1439 2473 1512 2496 no-

51 2517 159 2554 mine
175 2518 334 2610 omnia,
368 2516 566 2569 quaedam
585 2531 626 2553 re
642 2518 743 2567 ipsa.
801 2519 989 2555 Dmu’sr.

281 2575 494 2624 agentum]
527 2571 663 2610 schola
685 2575 890 2624 agentium
912 2575 954 2610 in
974 2574 1091 2612 rebus
1109 2574 1363 2624 significatur.
1400 2570 1515 2608 Tho-

52 2640 142 2670 mas
167 2629 360 2667 Patricius
381 2642 504 2680 agens
534 2631 574 2666 in
595 2602 732 2667 rebuso
737 2643 775 2666 v.
795 2631 850 2681 Sy
854 2629 949 2667 nod.
969 2638 1042 2668 act.
1060 2634 1100 2671 7.
1159 2632 1346 2693 frequens
1368 2628 1516 2663 mentio

0 2663 96 2879 {h
118 2683 228 2734 iure,
261 2686 332 2722 lib.
357 2689 408 2726 12
429 2686 535 2724 cod.
553 2687 613 2723 tit.
632 2689 711 2734 20,
742 2687 830 2723 etl.
851 2689 877 2727 3
897 2689 941 2723 C.
965 2686 1014 2723 de
1034 2688 1139 2724 offic.
1155 2686 1387 2724 militarium
1407 2682 1517 2719 Iudi-

56 2749 161 2779 cum.
219 2742 422 2780 Ammian.
446 2743 520 2784 16:
561 2749 606 2780 at
622 2743 853 2793 imperator,
883 2757 1038 2793 ι’·σρειθ,
1068 2745 1217 2794 lnquit,
1246 2742 1374 2777 setun!
1394 2752 1518 2790 agen—
