1702 3060
397 59 458 103 IN
491 60 843 105 IOHANNIDOS
875 60 938 105 111
968 60 1171 104 NOTAE.
1417 59 1516 108 245

171 171 268 214 309.
326 171 434 221 Virg.
455 170 563 208 Aen.
582 174 608 213 7
631 169 735 213 540:
766 185 812 208 ea
834 185 911 222 per
934 184 1093 222 campos
1113 184 1238 222 aequo
1259 169 1358 208 dum
1379 171 1518 209 ffilarte

57 235 266 281 geruntur.
325 227 376 264 cf.
399 229 566 279 Procop.
586 228 616 264 l.
641 242 674 265 c.

169 285 266 325 310.
322 297 386 321 ms
412 284 484 321 sed
510 291 642 321 tamen
666 283 732 321 hic
758 283 890 330 celeri,
919 283 1030 321 nullo
1061 297 1194 322 sensu.
1251 283 1428 321 imitatus
1457 290 1516 322 est

58 347 194 381 auctor
208 341 364 391 Virgilii
382 340 489 378 Aen.
502 340 527 381 5
551 339 632 381 445
644 371 654 389 ,
686 342 755 393 qui
773 340 939 378 desinit:
971 340 1162 391 celerique
1179 340 1339 391 elapsus
1355 353 1514 390 corpore

58 398 183 434 cessit.
243 410 266 434 a
294 404 427 434 nostro
451 401 568 448 poeta
592 397 746 434 Statias
763 404 927 434 vocatur
943 395 1148 434 seditionis
1170 406 1309 448 caput,
1340 404 1383 434 ut
1402 396 1517 434 vide-

55 453 189 491 bimus
225 454 374 505 pluries
411 454 538 500 infra,
573 456 643 504 qui
677 454 816 491 Stozas
846 460 904 490 est
941 452 1048 503 apud
1074 454 1312 504 Procopium
1341 453 1388 490 cle
1417 453 1517 491 bello

63 509 195 547 Vand.
224 514 252 552 2
287 510 352 551 15.
409 511 552 554 rectius
582 522 604 545 a
631 517 764 547 nostro
791 514 906 560 poeta
942 510 1096 546 Statias
1122 516 1305 557 vocatur,
1344 517 1386 547 ut
1414 508 1515 547 mihi

54 565 232 614 videtur,
266 567 359 618 quia
387 564 496 603 idem
517 566 683 604 fortasse
708 573 790 603 erat
811 565 918 617 apud
935 564 1133 604 vandalos
1157 578 1201 602 ac
1220 564 1326 616 apud
1348 567 1516 603 Germa-

54 635 127 660 nos
154 635 260 660 nunc
294 622 468 668 Scutzer,
496 635 642 673 nempe
671 629 871 669 strenuus,
900 623 984 671 vel,
1016 629 1058 659 ut
1081 623 1212 673 placet
1234 621 1453 660 Wachtero
1472 625 1517 660 iu

61 678 266 727 Glossarc'o
291 679 528 716 Germanico
549 692 589 729 p.
616 678 721 720 1642
735 709 744 727 ,
774 680 929 717 iuvenis
945 678 1109 728 superbe
1126 678 1323 716 incedens.
1444 679 1459 683 ⁶

165 737 262 776 811.
318 735 413 773 urbs
451 748 496 772 ea
533 742 616 772 erat
650 735 808 773 Africae
848 736 1139 787 proconsularis
1174 749 1246 774 seu
1271 736 1516 787 zeugitanae

51 793 293 842 provinciae,
316 799 410 829 nota
427 793 638 843 praecipue
656 794 697 829 in
720 791 883 830 historia
903 792 1189 829 ecclesiastica:
1215 791 1387 829 habebat
1407 793 1516 830 enim

51 847 189 885 sedem
216 849 505 899 episcopalem,
541 855 580 885 et
607 848 775 886 distabat
803 862 825 886 a
855 847 1092 899 Carthagine
1120 855 1276 885 tantum
1304 849 1358 890 50
1387 862 1441 885 m.
1472 862 1512 900 p.

50 903 142 942 vide
172 905 314 942 Cellar.
349 905 445 942 Not.
481 903 600 942 Orbis
630 912 714 942 ant.
735 905 760 945 4
786 919 825 956 p.
849 908 948 952 162,
986 906 1126 943 Vetera
1156 906 1331 942 Roman.
1362 905 1515 942 Itinera

50 969 212 999 curante
230 962 502 1012 Wesselingio
520 961 686 998 Amstel.
711 962 814 1002 1735
834 975 874 1012 p.
894 959 947 1002 45
960 990 969 1008 ,
1001 962 1088 999 Car.
1112 974 1135 998 a
1155 962 1196 999 S.
1215 962 1340 999 Paulo
1365 961 1512 1012 Geogr.

54 1017 170 1054 Sacr.
202 1030 243 1070 p.
273 1019 326 1059 89
362 1016 425 1055 ed.
458 1018 625 1055 Amstel.
655 1017 787 1065 1704,
828 1025 866 1055 et
900 1018 1080 1054 Morcelli
1108 1017 1208 1069 Afi'·
1246 1018 1389 1054 Christ.
1422 1025 1451 1055 t.
1488 1019 1510 1057 1

49 1087 89 1124 p.
106 1076 203 1116 223,
264 1074 314 1111 cf.
334 1075 573 1125 Procopium
586 1080 812 1110 narrantem
828 1104 838 1122 ‚
870 1087 971 1125 quae
991 1072 1057 1111 hic
1078 1076 1206 1124 tangit
1225 1078 1365 1125 poeta,
1396 1074 1423 1111 l.
1445 1075 1511 1111 cit.

160 1133 255 1172 317.
312 1130 389 1168 fuit
409 1128 476 1167 hic
500 1131 719 1167 Germanus
738 1130 843 1168 filius
866 1131 998 1168 fratris
1018 1132 1228 1168 Iustiniani
1246 1132 1510 1182 imperatoris,

47 1193 88 1225 et
117 1187 188 1224 ille
222 1187 332 1224 cuius
362 1186 444 1224 filia
476 1189 626 1224 Iustina
653 1188 788 1238 nupsit
813 1186 982 1225 Iohanni
1002 1194 1149 1224 nostro.
1209 1201 1246 1224 v.
1270 1200 1388 1238 supra
1412 1186 1463 1224 ad
1487 1188 1508 1227 1

46 1245 144 1285 202.
200 1245 347 1281 missus
379 1250 513 1280 autem
540 1244 615 1281 suit
641 1245 683 1280 in
711 1242 890 1281 Africam
918 1257 939 1280 a
967 1245 1184 1281 Iustiniano
1210 1257 1313 1280 anno
1334 1244 1435 1291 537,
1466 1250 1511 1280 ut

38 1293 254 1339 'solomoni
280 1299 509 1337 succederet
536 1307 574 1338 et
605 1302 792 1351 praetorii
819 1301 1066 1352 praefectura
1086 1301 1331 1350 fungeretur.
1392 1297 1440 1336 de
1464 1313 1510 1337 eo

44 1357 262 1408 Procopius
288 1358 370 1407 agit
395 1358 560 1407 integris
596 1357 789 1407 capitibus
822 1359 870 1397 16
894 1364 932 1393 et
959 1359 1007 1397 17
1044 1359 1151 1394 citati
1178 1357 1269 1393 libri
1287 1360 1311 1399 2
1339 1355 1387 1393 de
1408 1355 1509 1393 bello

51 1413 184 1450 Vand.
244 1411 464 1451 Iohannem
490 1415 609 1450 etiam
628 1420 809 1450 nostrum
829 1413 1056 1449 interfuisse
1077 1421 1171 1450 tunc
1196 1427 1275 1450 una
1297 1426 1389 1449 cum
1408 1414 1509 1450 Ger-

46 1482 164 1507 mano
182 1472 224 1507 in
243 1470 395 1521 proelio
416 1477 550 1506 contra
573 1470 744 1506 Stutiam
766 1476 917 1506 constat
939 1483 991 1506 ex
1011 1482 1043 1506 c.
1067 1470 1117 1509 17
1140 1483 1179 1520 p.
1200 1472 1280 1510 278
1300 1467 1316 1483 ⁸¹
1329 1468 1362 1519 ).

156 1528 253 1568 318.
311 1526 478 1564 fortasse
505 1527 681 1564 Vatams
703 1533 762 1562 est
782 1525 891 1562 idem
914 1539 958 1562 ac
984 1527 1112 1562 amnis
1138 1526 1322 1570 Vadara‚
1353 1524 1401 1562 de
1428 1538 1507 1577 quo

43 1581 135 1619 vide
153 1586 180 1624 2
207 1585 274 1623 68.
332 1584 414 1619 imo
435 1582 591 1619 videtur
606 1596 691 1620 esse
711 1581 813 1619 illud
834 1583 979 1619 flumen
1004 1581 1110 1634 quod
1126 1583 1355 1633 Procopius,
1386 1583 1506 1633 paulo

43 1651 163 1690 supra
195 1640 357 1687 citatus,
394 1646 509 1676 vocat
541 1639 760 1690 Bagrada,
791 1640 939 1676 Graece
970 1633 1199 1691 Βαγράδας,
1239 1651 1386 1689 nempe
1421 1639 1507 1676 Va—

39 1695 208 1746 g'radas.
266 1696 307 1732 in
334 1694 415 1732 tab.
453 1697 641 1746 Peutlng.
673 1702 807 1733 autem
834 1703 892 1733 est
926 1695 1069 1734 Vatari
1093 1696 1204 1732 locus
1232 1696 1405 1732 Africae.
1465 1708 1505 1734 v-

43 1751 211 1789 eandem
229 1751 309 1789 tab.
333 1754 447 1789 iuxta
466 1751 528 1789 ed.
549 1754 741 1790 Aesinam
764 1754 866 1792 1809
893 1764 1019 1802 segni.
1043 1755 1068 1792 3
1090 1753 1150 1788 lit.
1168 1753 1212 1788 F.

153 1810 251 1850 320.
308 1821 426 1846 voces
454 1815 610 1846 nostrae
632 1815 670 1846 et
693 1816 818 1844 terrae
839 1810 882 1844 in
906 1807 1039 1845 codice
1064 1809 1276 1858 rescriptae
1301 1804 1505 1858 apparent,

41 1871 81 1902 et
105 1877 176 1915 pro
203 1870 404 1916 postrema
431 1867 541 1916 prius
573 1864 711 1902 aderat
742 1864 872 1901 tellus.
932 1863 1004 1902 sed
1030 1866 1149 1902 etiam
1170 1862 1367 1902 lohannes
1387 1865 1433 1900 L.
1455 1862 1504 1900 de

40 1922 162 1959 Bonis
187 1923 406 1972 exscriptor
426 1921 571 1959 codicis
586 1951 596 1970 ‚
631 1923 698 1974 qui
721 1923 763 1958 in
786 1934 857 1959 sua
881 1922 1081 1958 Romulea
1102 1924 1128 1962 2
1150 1922 1317 1958 inseruit
1337 1919 1444 1957 hunc
1464 1927 1503 1957 et

40 1984 250 2030 sequentes
272 1979 323 2020 15
343 1991 499 2027 versus,
531 1991 553 2015 a
573 1993 612 2017 v.
635 1991 781 2030 nempe
799 1980 882 2019 222
905 1977 956 2015 ad
976 1980 1081 2027 237,
1112 1977 1256 2015 habet:
1286 1983 1415 2014 nostre
1442 1990 1506 2013 re-

39 2036 148 2086 quies
156 2035 429 2086 pinguissima
446 2043 557 2072 terre.

68 2131 71 2134 ,
150 2093 245 2131 323.
303 2104 365 2128 ms
391 2091 536 2142 pluaie
564 2092 782 2142 praemisso
814 2097 976 2142 puncto.
1034 2091 1090 2127 ita
1121 2090 1243 2126 etiam
1268 2088 1354 2127 1011.
1379 2091 1427 2127 L.
1453 2087 1502 2127 de

36 2148 159 2190 Bonis
175 2147 396 2183 Romuleae
414 2150 440 2188 2
467 2149 562 2189 225.
621 2155 796 2184 attamen
825 2149 895 2198 qui
925 2147 1060 2197 plures
1091 2145 1271 2183 eiusdem
1297 2147 1389 2183 libri
1411 2159 1503 2182 ver—

39 2216 105 2241 sus
127 2204 336 2254 exscripsit
353 2205 393 2239 in
413 2203 556 2241 eodem
575 2204 876 2240 membranaceo
901 2202 1058 2250 codice,
1089 2204 1159 2254 qui
1184 2204 1358 2240 continet
1379 2202 1502 2239 Eclo-

33 2273 114 2311 gas
141 2266 180 2296 et
206 2259 465 2306 Romuleam,
504 2260 599 2297 fecit
631 2267 773 2305 totam,
812 2272 934 2311 quam
960 2272 1100 2296 vocem
1130 2260 1370 2309 reciperem,
1408 2260 1501 2311 quia

40 2317 224 2368 Virgilius
245 2323 284 2354 et
301 2315 466 2354 Ovidius
483 2330 573 2353 eam
589 2317 759 2366 iungunt
780 2329 871 2353 cum
890 2315 1005 2363 orbe3
1027 2328 1172 2366 nempe
1190 2316 1258 2352 ille
1275 2317 1361 2353 Ecl.
1377 2318 1395 2356 1
1421 2318 1500 2357 67:

39 2379 77 2409 et
93 2373 258 2422 penitus
279 2379 357 2410 toto
378 2373 526 2410 divisos
549 2372 640 2410 orbe
658 2373 898 2418 Britannos,
928 2378 966 2409 et
990 2372 1090 2409 alter
1106 2372 1215 2409 Fast.
1241 2374 1259 2412 1
1289 2372 1365 2413 85:
1398 2371 1500 2422 Iup-

34 2429 140 2477 piter
164 2442 255 2466 arce
280 2443 356 2466 sua
382 2436 507 2466 totum
537 2443 628 2466 cam
655 2435 801 2479 spectet
822 2425 866 2465 in
887 2427 1052 2465 orbem..
1093 2427 1165 2466 sed
1184 2427 1338 2479 Libyae
1358 2429 1499 2478 legen-

40 2483 136 2522 dum
152 2491 248 2536 puto
267 2491 354 2524 tum
376 2487 470 2539 quia
490 2485 643 2524 accedit
658 2487 788 2537 magis
804 2484 856 2523 ad
865 2485 1028 2536 plaude,
1046 2491 1133 2523 tum
1150 2486 1243 2538 quia
1263 2484 1367 2522 orbis
1382 2497 1500 2522 usur-

130 2626 175 2670 *J
212 2626 315 2661 Nunc
339 2627 419 2662 mihi
443 2628 579 2663 videtur
601 2640 667 2662 non
691 2628 862 2675 proprium
881 2628 942 2663 sed
966 2628 1078 2674 potius
1101 2627 1341 2673 appellativum
1358 2626 1422 2660 hoc
1437 2636 1498 2658 no-

14 2689 22 2694 «
40 2684 115 2707 men
139 2683 236 2716 esse,
259 2677 295 2708 ct
318 2673 410 2718 loqui
435 2674 625 2709 Caecilides
648 2675 692 2709 de
708 2675 835 2721 Pampo
851 2686 1034 2720 germano,
1059 2675 1094 2708 id
1111 2682 1164 2709 est.
1179 2676 1305 2715 fratre,
1330 2670 1498 2705 Iohannis.

37 2719 308 2754 Mazzanhzllins
323 2718 357 2752 in
373 2719 505 2764 Con-ig.
522 2732 554 2765 p.
568 2722 648 2756 443.
