1702 3060
474 117 824 164 IOHANNIDOS
857 118 963 163 LIB.
996 117 1033 163 1.
1416 115 1480 162 43

137 237 357 286 praestant,
389 237 457 269 aut
473 230 543 269 ubi
558 232 699 282 glauca
716 243 858 270 nemus
877 227 1066 269 distendit
1083 219 1229 279 oliva,¹
1280 232 1286 235 “
1329 232 1331 234 ’

31 300 111 345 585
136 301 286 339 arboris
309 307 378 338 aut
396 301 501 338 altae
515 299 704 338 frondoso
722 296 867 338 vertice
887 300 1006 337 robur
1245 291 1249 294 ⁴

137 369 259 406 efficit
277 368 444 406 occultis?
455 369 560 407 acies
576 367 778 407 subsidere
796 367 963 419 campis.

135 435 340 475 fraudibus
360 435 430 475 his
445 443 570 474 certat·
585 437 830 475 committere
848 435 999 487 proelia
1020 435 1194 482 Maurus,

137 513 182 544 ut
196 506 301 543 celer
315 501 517 542 incautum
531 505 690 543 subiens
708 510 904 542 exterreat
920 501 1078 540 hostem

136 574 446 626 ambiguumque
461 579 636 624 premat,
671 573 795 610 fretus
814 584 1061 624 numeroque
1082 571 1248 621 locoque

0 691 1 696 ¹
26 640 110 686 540
136 649 176 680 et
194 641 351 680 domitis
373 640 539 678 confisus
557 642 682 693 equis.
739 635 834 678 tunc
847 640 1015 691 belliger
1032 645 1119 676 astu

135 710 304 748 mittitur
317 710 360 746 in
377 709 518 760 planos
534 706 643 746 'rarus
661 709 730 761 qui
747 709 896 760 proelia
914 720 1075 759 campos

137 784 320 830 provocet
337 783 377 815 et
394 779 499 815 visos
518 777 675 828 fugiens
694 783 909 827 exaggeret
927 772 1076 814 hostes.

134 845 203 883 ille
221 845 301 884 levi
316 853 433 883 cursu
450 845 627 896 praefixo
647 843 805 882 hastilia
822 845 927 884 ferro

134 914 283 962 vibrat,
314 921 352 951 et
371 915 533 951 incurvo
554 924 628 950 nec
646 920 772 951 cessat
789 911 943 950 flectere
964 924 1062 964 gyro

24 980 106 1025 545
136 981 390 1034 cornipedem
413 980 628 1019 domitum:
659 980 731 1019 sed
751 994 843 1018 cum
862 979 1131 1031 properaverit
1151 977 1289 1030 hostis,

135 1058 218 1088 arte
237 1051 340 1102 fugit
351 1079 362 1099 ,
391 1055 628 1100 comptasut
645 1056 805 1101 spargat
822 1046 989 1086 callidus
1006 1048 1102 1096 alas,

135 1118 231 1158 dum
250 1119 428 1171 sequitur
445 1130 656 1155 numerosa
674 1129 816 1154 manus
836 1117 1058 1168 victrixque
1082 1123 1241 1168 putatur

135 1201 221 1226 esse
240 1188 335 1235 sibi,
367 1193 406 1223 et
422 1192 524 1223 totos
544 1199 688 1236 agmen
709 1183 895 1223 diffundit
914 1187 955 1222 in
974 1199 1104 1236 agros.

133 1254 197 1294 his
217 1257 299 1306 agit
318 1255 361 1292 in
375 1253 492 1291 bellis
509 1254 662 1304 fingens
682 1255 895 1291 certamina
911 1256 1056 1292 Mazax

25 1323 108 1368 550
136 1322 311 1372 insidiis,
341 1321 467 1360 donec
484 1321 637 1360 medios
655 1321 843 1374 perducat
859 1324 902 1359 in
921 1321 1056 1361 hostes

133 1391 279 1430 hostile
298 1391 467 1444 obsessis
485 1391 739 1428 conclausum
756 1391 926 1429 vallibus
944 1404 1105 1442 agmen.

135 1466 229 1497 tunc
254 1458 370 1498 dolus
387 1452 457 1497 i‘sse
474 1466 614 1510 patens
633 1472 771 1496 saevas
793 1458 961 1496 effundit
977 1458 1169 1509 habenas,
1215 1452 1217 1455 ¹

134 1527 437 1580 Absconsasque
456 1528 531 1564 ciet
548 1533 628 1563 tota
652 1525 700 1563 de
719 1533 831 1578 parte
850 1533 1040 1565 catervas.

137 1609 259 1649 quem
278 1602 407 1633 metus
430 1608 520 1632 acer
538 1596 639 1645 agit,
670 1595 799 1646 primo
821 1595 924 1646 fugit
942 1596 1011 1633 ille
1031 1595 1220 1633 tumultu.

23 1663 107 1708 555
133 1662 241 1702 hunc
257 1663 402 1716 premit
421 1663 546 1700 elatus
566 1675 684 1700 saevo
706 1662 778 1700 sub
800 1663 964 1701 vulnere
988 1666 1163 1713 Maurus,

134 1745 256 1785 quem
273 1729 521 1784 impavidum
530 1732 657 1788 ¹timor
674 1731 759 1783 ipse
778 1731 888 1770 facit.
946 1722 1008 1770 sin
1028 1733 1166 1770 robore
1187 1731 1299 1769 firmo

135 1801 377 1839 constiterint
394 1807 488 1838 tunc
506 1800 607 1838 forte
624 1799 718 1849 viri,
748 1813 830 1837 nou
848 1801 931 1839 ulla
951 1808 1140 1854 sequetur

134 1867 324 1907 audentes
341 1860 517 1920 pugnare
535 1881 677 1906 manus
691 1898 701 1917 ,
731 1867 804 1906 sed
828 1869 928 1907 colla
952 1870 1158 1908 reflectunt

132 1938 270 1976 mollia
290 1935 591 1990 quadrupedum
610 1937 728 1975 versi.
787 1938 843 1974 sic
864 1937 970 1975 bella
990 1938 1233 1991 relinquunt,

22 2005 106 2049 560
133 2007 190 2044 sic
207 2007 310 2044 acies
325 2002 495 2058 fugitiva
518 2004 643 2054 cadit,
673 2006 729 2043 sic
749 2005 861 2043 firma
881 2006 1041 2044 resistit.

131 2087 227 2111 nam
241 2073 400 2112 timidos
416 2075 574 2113 fortuna
592 2081 746 2126 premet
757 2104 767 2124 ,
800 2082 1014 2128 cautosque
1033 2075 1186 2113 iuvabit

135 2141 382 2197 audacesque
400 2132 540 2182 simul:
569 2144 716 2194 multos
737 2156 834 2181 nam
853 2157 972 2196 saepe
992 2145 1141 2192 revisit,

135 2218 175 2248 et
192 2213 330 2264 quanti
348 2225 402 2250 ex
419 2212 516 2264 ipsis
534 2211 711 2264 palmam
729 2205 934 2264 sumpsere
953 2211 1134 2264 periclis!

134 2285 178 2316 ut
197 2277 311 2317 decet
330 2273 416 2318 esse
437 2278 556 2317 duces
569 2309 579 2329 ,
614 2282 718 2319 cauti
736 2282 938 2334 fortesque
957 2288 1165 2334 trucesque

24 2343 107 2390 565
133 2346 294 2399 pandite
317 2349 485 2400 quisque
507 2361 599 2386 suas
617 2348 716 2386 belli
733 2350 775 2386 in
795 2347 1021 2387 discrimine
1039 2351 1158 2388 vires.

134 2415 186 2453 sit
205 2415 316 2454 labor
331 2417 400 2453 ille
415 2417 571 2454 animis.
629 2418 733 2454 acies
758 2419 982 2470 componite
1002 2419 1158 2468 turmis,

136 2490 359 2538 cunctaque.
371 2483 572 2538 dispositis
591 2484 777 2524 incedant
796 2488 910 2538 sigua
927 2475 1129 2540 maniplis.

27 2614 97 2651 535
120 2615 195 2652 alde
211 2617 245 2652 Τ
343 2619 412 2656 537
432 2619 466 2655 id
486 2623 597 2655 certat
615 2622 663 2666 T,
688 2620 842 2667 inceptat
859 2621 903 2656 M
913 2611 915 2614 Δ
1005 2621 1073 2657 538
1098 2619 1234 2655 subiens
1251 2621 1421 2654 exterreat
1436 2619 1482 2661 L.

27 2661 178 2698 subitam
203 2667 371 2700 exterreat
397 2668 442 2711 T,
466 2667 576 2700 subito
598 2674 790 2714 perterreat.
809 2669 860 2703 M.
908 2680 955 2702 an
979 2669 1178 2702 subeuntem
1201 2667 1399 2702 exterreat?
1434 2666 1482 2700 cf.

27 2707 60 2742 4·
73 2709 152 2743 604·
279 2711 344 2747 551
369 2723 442 2747 cum
457 2713 607 2748 ctausum
628 2715 661 2747 Τ
778 2714 848 2751 556
869 2714 1027 2761 pavidum
1043 2715 1119 2749 MT
1235 2713 1304 2748 560
1325 2715 1433 2747 restet
1453 2711 1486 2746 Τ

28 2753 97 2788 564
117 2757 235 2790 cautos
249 2753 291 2790 M
421 2758 488 2793 566
509 2759 615 2794 lamor
633 2761 673 2795 Τ.
