<?xml version="1.0" encoding="UTF-8"?>
<!DOCTYPE html PUBLIC "-//W3C//DTD XHTML 1.0 Transitional//EN"
    "http://www.w3.org/TR/xhtml1/DTD/xhtml1-transitional.dtd">
<html xmlns="http://www.w3.org/1999/xhtml" xml:lang="en" lang="en">
 <head>
  <title>
</title>
<meta http-equiv="Content-Type" content="text/html;charset=utf-8" />
  <meta name='ocr-system' content='tesseract 3.04.00' />
  <meta name='ocr-capabilities' content='ocr_page ocr_carea ocr_par ocr_line ocrx_word'/>
</head>
<body>
  <div class='ocr_page' id='page_1' title='image "./corpusscriptorum35niebuoft_0070.png"; bbox 0 0 1702 3060; ppageno 0'>
   <div class='ocr_carea' id='block_1_1' title="bbox 246 163 1071 208">
    <p class='ocr_par' dir='ltr' id='par_1_1' title="bbox 246 163 1071 208">
     <span class='ocr_line' id='line_1_1' title="bbox 246 163 1071 208; baseline 0 -2"><span class='ocrx_word' id='word_1_1' title='bbox 246 176 304 206; x_wconf 72' lang='lat' dir='ltr'><strong>nx</strong></span> <span class='ocrx_word' id='word_1_2' title='bbox 838 163 1071 208; x_wconf 83' lang='lat' dir='ltr'><strong>FOGGINI</strong></span> 
     </span>
    </p>
   </div>
   <div class='ocr_carea' id='block_1_2' title="bbox 243 268 1673 707">
    <p class='ocr_par' dir='ltr' id='par_1_2' title="bbox 243 268 1673 707">
     <span class='ocr_line' id='line_1_2' title="bbox 246 268 1673 325; baseline 0.001 -15"><span class='ocrx_word' id='word_1_3' title='bbox 246 285 326 310; x_wconf 87' lang='lat' dir='ltr'><strong>non</strong></span> <span class='ocrx_word' id='word_1_4' title='bbox 341 272 471 325; x_wconf 81' lang='lat' dir='ltr'><strong>aequis</strong></span> <span class='ocrx_word' id='word_1_5' title='bbox 487 285 640 323; x_wconf 76' lang='lat' dir='ltr'><strong>semper</strong></span> <span class='ocrx_word' id='word_1_6' title='bbox 654 271 810 322; x_wconf 81' lang='lat' dir='ltr'><strong>pennis,</strong></span> <span class='ocrx_word' id='word_1_7' title='bbox 835 272 1022 310; x_wconf 80' lang='lat' dir='ltr'><strong>aemulari</strong></span> <span class='ocrx_word' id='word_1_8' title='bbox 1039 271 1181 311; x_wconf 76' lang='lat' dir='ltr'><strong>studet,</strong></span> <span class='ocrx_word' id='word_1_9' title='bbox 1237 279 1432 324; x_wconf 78' lang='lat' dir='ltr'><strong>praestant</strong></span> <span class='ocrx_word' id='word_1_10' title='bbox 1448 272 1550 313; x_wconf 80' lang='lat' dir='ltr'><strong>hanc</strong></span> <span class='ocrx_word' id='word_1_11' title='bbox 1566 268 1673 325; x_wconf 64' lang='lat' dir='ltr'><strong>mihi}</strong></span> 
     </span>
     <span class='ocr_line' id='line_1_3' title="bbox 251 329 1673 392; baseline 0.003 -17"><span class='ocrx_word' id='word_1_12' title='bbox 251 352 452 375; x_wconf 83' lang='lat' dir='ltr'><strong>censuram</strong></span> <span class='ocrx_word' id='word_1_13' title='bbox 482 341 563 375; x_wconf 87' lang='lat' dir='ltr'><strong>eius</strong></span> <span class='ocrx_word' id='word_1_14' title='bbox 595 340 785 386; x_wconf 82' lang='lat' dir='ltr'><strong>carmina,</strong></span> <span class='ocrx_word' id='word_1_15' title='bbox 815 352 914 390; x_wconf 83' lang='lat' dir='ltr'><strong>quae</strong></span> <span class='ocrx_word' id='word_1_16' title='bbox 931 353 1024 390; x_wconf 84' lang='lat' dir='ltr'><strong>prae</strong></span> <span class='ocrx_word' id='word_1_17' title='bbox 1043 341 1223 377; x_wconf 80' lang='lat' dir='ltr'><strong>manibus</strong></span> <span class='ocrx_word' id='word_1_18' title='bbox 1244 346 1334 376; x_wconf 85' lang='lat' dir='ltr'><strong>sunt</strong></span> <span class='ocrx_word' id='word_1_19' title='bbox 1346 368 1356 387; x_wconf 92' lang='lat'>,</span> <span class='ocrx_word' id='word_1_20' title='bbox 1387 347 1424 377; x_wconf 78' lang='lat' dir='ltr'><strong>ot</strong></span> <span class='ocrx_word' id='word_1_21' title='bbox 1441 354 1540 392; x_wconf 80' lang='lat' dir='ltr'><strong>quae</strong></span> <span class='ocrx_word' id='word_1_22' title='bbox 1557 329 1673 383; x_wconf 59' lang='lat' dir='ltr'><strong>senio}v</strong></span> 
     </span>
     <span class='ocr_line' id='line_1_4' title="bbox 248 405 1673 457; baseline 0.001 -16"><span class='ocrx_word' id='word_1_23' title='bbox 248 406 327 441; x_wconf 85' lang='lat' dir='ltr'><strong>iam</strong></span> <span class='ocrx_word' id='word_1_24' title='bbox 348 406 494 451; x_wconf 82' lang='lat' dir='ltr'><strong>fessus,</strong></span> <span class='ocrx_word' id='word_1_25' title='bbox 526 411 569 440; x_wconf 90' lang='lat' dir='ltr'><strong>ut</strong></span> <span class='ocrx_word' id='word_1_26' title='bbox 599 406 683 455; x_wconf 90' lang='lat' dir='ltr'><strong>ipse</strong></span> <span class='ocrx_word' id='word_1_27' title='bbox 713 405 904 456; x_wconf 87' lang='lat' dir='ltr'><strong>loquitur,</strong></span> <span class='ocrx_word' id='word_1_28' title='bbox 934 409 1097 457; x_wconf 82' lang='lat' dir='ltr'><strong>scripsit.</strong></span> <span class='ocrx_word' id='word_1_29' title='bbox 1152 413 1283 443; x_wconf 88' lang='lat' dir='ltr'><strong>utrum</strong></span> <span class='ocrx_word' id='word_1_30' title='bbox 1309 405 1481 444; x_wconf 82' lang='lat' dir='ltr'><strong>fervidus</strong></span> <span class='ocrx_word' id='word_1_31' title='bbox 1509 408 1673 445; x_wconf 63' lang='lat' dir='ltr'><strong>iuventm.</strong></span> 
     </span>
     <span class='ocr_line' id='line_1_5' title="bbox 249 469 1673 525; baseline 0.004 -20"><span class='ocrx_word' id='word_1_32' title='bbox 249 469 397 520; x_wconf 82' lang='lat' dir='ltr'><strong>aliquid</strong></span> <span class='ocrx_word' id='word_1_33' title='bbox 433 471 598 520; x_wconf 86' lang='lat' dir='ltr'><strong>amplius</strong></span> <span class='ocrx_word' id='word_1_34' title='bbox 633 474 820 521; x_wconf 88' lang='lat' dir='ltr'><strong>potuerit,</strong></span> <span class='ocrx_word' id='word_1_35' title='bbox 858 479 951 509; x_wconf 90' lang='lat' dir='ltr'><strong>tunc</strong></span> <span class='ocrx_word' id='word_1_36' title='bbox 983 480 1155 510; x_wconf 79' lang='lat' dir='ltr'><strong>constare</strong></span> <span class='ocrx_word' id='word_1_37' title='bbox 1184 474 1342 524; x_wconf 86' lang='lat' dir='ltr'><strong>poterit,</strong></span> <span class='ocrx_word' id='word_1_38' title='bbox 1382 475 1416 510; x_wconf 82' lang='lat' dir='ltr'><strong>si</strong></span> <span class='ocrx_word' id='word_1_39' title='bbox 1445 473 1598 525; x_wconf 83' lang='lat' dir='ltr'><strong>quando</strong></span> <span class='ocrx_word' id='word_1_40' title='bbox 1623 475 1673 511; x_wconf 67' lang='lat' dir='ltr'><strong>inr</strong></span> 
     </span>
     <span class='ocr_line' id='line_1_6' title="bbox 247 538 1671 590; baseline 0.004 -18"><span class='ocrx_word' id='word_1_41' title='bbox 247 538 422 586; x_wconf 84' lang='lat' dir='ltr'><strong>apricum</strong></span> <span class='ocrx_word' id='word_1_42' title='bbox 439 543 542 574; x_wconf 75' lang='lat' dir='ltr'><strong>aetas</strong></span> <span class='ocrx_word' id='word_1_43' title='bbox 560 538 730 587; x_wconf 85' lang='lat' dir='ltr'><strong>proferat</strong></span> <span class='ocrx_word' id='word_1_44' title='bbox 745 541 966 588; x_wconf 62' lang='lat' dir='ltr'><strong>poemation</strong></span> <span class='ocrx_word' id='word_1_45' title='bbox 978 569 988 587; x_wconf 83' lang='lat'><strong><em>‚</em></strong></span> <span class='ocrx_word' id='word_1_46' title='bbox 1019 552 1094 590; x_wconf 92' lang='lat' dir='ltr'><strong>quo</strong></span> <span class='ocrx_word' id='word_1_47' title='bbox 1109 538 1283 588; x_wconf 83' lang='lat' dir='ltr'><strong>Libycas</strong></span> <span class='ocrx_word' id='word_1_48' title='bbox 1299 546 1434 590; x_wconf 80' lang='lat' dir='ltr'><strong>gentes</strong></span> <span class='ocrx_word' id='word_1_49' title='bbox 1453 546 1492 576; x_wconf 87' lang='lat' dir='ltr'><strong>et</strong></span> <span class='ocrx_word' id='word_1_50' title='bbox 1513 541 1671 590; x_wconf 63' lang='lat' dir='ltr'><strong>Syrtica?</strong></span> 
     </span>
     <span class='ocr_line' id='line_1_7' title="bbox 248 601 1673 658; baseline 0.003 -20"><span class='ocrx_word' id='word_1_51' title='bbox 248 601 352 639; x_wconf 84' lang='lat' dir='ltr'><strong>bella</strong></span> <span class='ocrx_word' id='word_1_52' title='bbox 370 603 596 654; x_wconf 87' lang='lat' dir='ltr'><strong>complexus</strong></span> <span class='ocrx_word' id='word_1_53' title='bbox 614 605 694 642; x_wconf 82' lang='lat' dir='ltr'><strong>iam</strong></span> <span class='ocrx_word' id='word_1_54' title='bbox 711 605 855 655; x_wconf 83' lang='lat' dir='ltr'><strong>fuerat,</strong></span> <span class='ocrx_word' id='word_1_55' title='bbox 885 613 924 644; x_wconf 87' lang='lat' dir='ltr'><strong>et</strong></span> <span class='ocrx_word' id='word_1_56' title='bbox 944 607 1050 644; x_wconf 88' lang='lat' dir='ltr'><strong>ouius</strong></span> <span class='ocrx_word' id='word_1_57' title='bbox 1069 607 1152 658; x_wconf 84' lang='lat' dir='ltr'><strong>ipse</strong></span> <span class='ocrx_word' id='word_1_58' title='bbox 1171 607 1349 644; x_wconf 75' lang='lat' dir='ltr'><strong>meminit</strong></span> <span class='ocrx_word' id='word_1_59' title='bbox 1367 606 1409 645; x_wconf 84' lang='lat' dir='ltr'><strong>in</strong></span> <span class='ocrx_word' id='word_1_60' title='bbox 1427 606 1673 656; x_wconf 73' lang='lat' dir='ltr'><strong>praefatione:</strong></span> 
     </span>
     <span class='ocr_line' id='line_1_8' title="bbox 243 668 520 707; baseline 0.007 -2"><span class='ocrx_word' id='word_1_61' title='bbox 243 668 296 705; x_wconf 75' lang='lat' dir='ltr'><strong>ad</strong></span> <span class='ocrx_word' id='word_1_62' title='bbox 315 671 520 707; x_wconf 81' lang='lat' dir='ltr'><strong>Iustinum.</strong></span> 
     </span>
    </p>
   </div>
   <div class='ocr_carea' id='block_1_3' title="bbox 236 779 1663 1769">
    <p class='ocr_par' dir='ltr' id='par_1_3' title="bbox 236 779 1663 1415">
     <span class='ocr_line' id='line_1_9' title="bbox 351 779 1663 833; baseline 0.001 -16"><span class='ocrx_word' id='word_1_63' title='bbox 351 780 505 818; x_wconf 85' lang='lat' dir='ltr'><strong>Iamdiu</strong></span> <span class='ocrx_word' id='word_1_64' title='bbox 533 779 650 823; x_wconf 78' lang='lat' dir='ltr'><strong>huius</strong></span> <span class='ocrx_word' id='word_1_65' title='bbox 679 781 796 819; x_wconf 79' lang='lat' dir='ltr'><strong>etiam</strong></span> <span class='ocrx_word' id='word_1_66' title='bbox 828 783 1013 833; x_wconf 64' lang='lat' dir='ltr'><strong>poematii</strong></span> <span class='ocrx_word' id='word_1_67' title='bbox 1038 781 1249 821; x_wconf 83' lang='lat' dir='ltr'><strong>editionem</strong></span> <span class='ocrx_word' id='word_1_68' title='bbox 1273 782 1316 823; x_wconf 82' lang='lat' dir='ltr'><strong>in</strong></span> <span class='ocrx_word' id='word_1_69' title='bbox 1340 782 1439 823; x_wconf 79' lang='lat' dir='ltr'><strong>votis</strong></span> <span class='ocrx_word' id='word_1_70' title='bbox 1461 780 1580 823; x_wconf 74' lang='lat' dir='ltr'><strong>habet</strong></span> <span class='ocrx_word' id='word_1_71' title='bbox 1602 795 1663 826; x_wconf 77' lang='lat' dir='ltr'><strong>res</strong></span> 
     </span>
     <span class='ocr_line' id='line_1_10' title="bbox 238 845 1662 899; baseline 0.004 -19"><span class='ocrx_word' id='word_1_72' title='bbox 238 845 394 895; x_wconf 85' lang='lat' dir='ltr'><strong>publica</strong></span> <span class='ocrx_word' id='word_1_73' title='bbox 418 847 622 894; x_wconf 69' lang='lat' dir='ltr'><strong>litterar1a‚</strong></span> <span class='ocrx_word' id='word_1_74' title='bbox 652 860 779 898; x_wconf 85' lang='lat' dir='ltr'><strong>neque</strong></span> <span class='ocrx_word' id='word_1_75' title='bbox 805 850 977 899; x_wconf 82' lang='lat' dir='ltr'><strong>elapsam</strong></span> <span class='ocrx_word' id='word_1_76' title='bbox 999 851 1080 886; x_wconf 87' lang='lat' dir='ltr'><strong>eius</strong></span> <span class='ocrx_word' id='word_1_77' title='bbox 1102 862 1213 899; x_wconf 85' lang='lat' dir='ltr'><strong>spem</strong></span> <span class='ocrx_word' id='word_1_78' title='bbox 1235 847 1334 885; x_wconf 68' lang='lat' dir='ltr'><strong>mihi</strong></span> <span class='ocrx_word' id='word_1_79' title='bbox 1355 861 1522 899; x_wconf 82' lang='lat' dir='ltr'><strong>auguror</strong></span> <span class='ocrx_word' id='word_1_80' title='bbox 1544 861 1595 889; x_wconf 76' lang='lat' dir='ltr'><strong>ex</strong></span> <span class='ocrx_word' id='word_1_81' title='bbox 1617 861 1662 886; x_wconf 90' lang='lat' dir='ltr'><strong>eo</strong></span> 
     </span>
     <span class='ocr_line' id='line_1_11' title="bbox 237 909 1663 967; baseline 0.004 -21"><span class='ocrx_word' id='word_1_82' title='bbox 237 909 343 962; x_wconf 91' lang='lat' dir='ltr'><strong>quod</strong></span> <span class='ocrx_word' id='word_1_83' title='bbox 368 911 467 951; x_wconf 76' lang='lat' dir='ltr'><strong>milii</strong></span> <span class='ocrx_word' id='word_1_84' title='bbox 497 919 598 951; x_wconf 81' lang='lat' dir='ltr'><strong>certo</strong></span> <span class='ocrx_word' id='word_1_85' title='bbox 629 918 776 951; x_wconf 85' lang='lat' dir='ltr'><strong>constat</strong></span> <span class='ocrx_word' id='word_1_86' title='bbox 801 915 843 948; x_wconf 87' lang='lat' dir='ltr'><strong>in</strong></span> <span class='ocrx_word' id='word_1_87' title='bbox 870 915 1047 964; x_wconf 83' lang='lat' dir='ltr'><strong>pluribus</strong></span> <span class='ocrx_word' id='word_1_88' title='bbox 1078 914 1172 949; x_wconf 92' lang='lat' dir='ltr'><strong>olim</strong></span> <span class='ocrx_word' id='word_1_89' title='bbox 1203 914 1397 956; x_wconf 76' lang='lat' dir='ltr'><strong>codicibus</strong></span> <span class='ocrx_word' id='word_1_90' title='bbox 1429 914 1663 967; x_wconf 83' lang='lat' dir='ltr'><strong>descriptum</strong></span> 
     </span>
     <span class='ocr_line' id='line_1_12' title="bbox 237 975 1662 1030; baseline 0.004 -19"><span class='ocrx_word' id='word_1_91' title='bbox 237 976 372 1016; x_wconf 69' lang='lat' dir='ltr'><strong>fuisse,</strong></span> <span class='ocrx_word' id='word_1_92' title='bbox 429 975 511 1015; x_wconf 89' lang='lat' dir='ltr'><strong>Ioh.</strong></span> <span class='ocrx_word' id='word_1_93' title='bbox 535 978 790 1027; x_wconf 85' lang='lat' dir='ltr'><strong>Cuspinianus</strong></span> <span class='ocrx_word' id='word_1_94' title='bbox 815 980 857 1018; x_wconf 87' lang='lat' dir='ltr'><strong>in</strong></span> <span class='ocrx_word' id='word_1_95' title='bbox 887 993 956 1019; x_wconf 86' lang='lat' dir='ltr'><strong>suo</strong></span> <span class='ocrx_word' id='word_1_96' title='bbox 981 980 1027 1019; x_wconf 84' lang='lat' dir='ltr'><strong>de</strong></span> <span class='ocrx_word' id='word_1_97' title='bbox 1057 979 1286 1016; x_wconf 74' lang='lat' dir='ltr'><strong>Caesaribus</strong></span> <span class='ocrx_word' id='word_1_98' title='bbox 1304 987 1339 1016; x_wconf 83' lang='lat' dir='ltr'><strong>et</strong></span> <span class='ocrx_word' id='word_1_99' title='bbox 1361 980 1662 1030; x_wconf 73' lang='lat' dir='ltr'><strong>Imperatorihus</strong></span> 
     </span>
     <span class='ocr_line' id='line_1_13' title="bbox 237 1041 1662 1099; baseline 0.005 -23"><span class='ocrx_word' id='word_1_100' title='bbox 237 1041 357 1089; x_wconf 73' lang='lat' dir='ltr'><strong>libro²</strong></span> <span class='ocrx_word' id='word_1_101' title='bbox 389 1054 506 1092; x_wconf 83' lang='lat' dir='ltr'><strong>agens</strong></span> <span class='ocrx_word' id='word_1_102' title='bbox 533 1042 580 1080; x_wconf 92' lang='lat' dir='ltr'><strong>de</strong></span> <span class='ocrx_word' id='word_1_103' title='bbox 608 1046 702 1094; x_wconf 87' lang='lat' dir='ltr'>imp.</span> <span class='ocrx_word' id='word_1_104' title='bbox 723 1046 933 1082; x_wconf 82' lang='lat' dir='ltr'><strong>Iustiniano</strong></span> <span class='ocrx_word' id='word_1_105' title='bbox 957 1047 1034 1094; x_wconf 67' lang='lat' dir='ltr'><strong>M„</strong></span> <span class='ocrx_word' id='word_1_106' title='bbox 1074 1053 1269 1099; x_wconf 80' lang='lat' dir='ltr'><strong>repertum</strong></span> <span class='ocrx_word' id='word_1_107' title='bbox 1299 1059 1321 1082; x_wconf 80' lang='lat' dir='ltr'>a</span> <span class='ocrx_word' id='word_1_108' title='bbox 1350 1059 1391 1083; x_wconf 90' lang='lat' dir='ltr'><strong>se</strong></span> <span class='ocrx_word' id='word_1_109' title='bbox 1421 1059 1504 1083; x_wconf 87' lang='lat' dir='ltr'><strong>esse</strong></span> <span class='ocrx_word' id='word_1_110' title='bbox 1531 1053 1662 1085; x_wconf 86' lang='lat' dir='ltr'><strong>narrat</strong></span> 
     </span>
     <span class='ocr_line' id='line_1_14' title="bbox 236 1106 1660 1160; baseline 0.004 -17"><span class='ocrx_word' id='word_1_111' title='bbox 236 1106 372 1144; x_wconf 86' lang='lat' dir='ltr'><strong>Budae</strong></span> <span class='ocrx_word' id='word_1_112' title='bbox 390 1110 431 1144; x_wconf 90' lang='lat' dir='ltr'><strong>iu</strong></span> <span class='ocrx_word' id='word_1_113' title='bbox 452 1109 685 1147; x_wconf 71' lang='lat' dir='ltr'><strong>bibliotheca</strong></span> <span class='ocrx_word' id='word_1_114' title='bbox 703 1113 823 1160; x_wconf 77' lang='lat' dir='ltr'><strong>Regia</strong></span> <span class='ocrx_word' id='word_1_115' title='bbox 844 1109 918 1147; x_wconf 90' lang='lat' dir='ltr'><strong>hoc</strong></span> <span class='ocrx_word' id='word_1_116' title='bbox 936 1114 1159 1160; x_wconf 67' lang='lat' dir='ltr'><strong>poemation</strong></span> <span class='ocrx_word' id='word_1_117' title='bbox 1179 1119 1262 1155; x_wconf 79' lang='lat' dir='ltr'><strong>octo</strong></span> <span class='ocrx_word' id='word_1_118' title='bbox 1290 1113 1399 1151; x_wconf 83' lang='lat' dir='ltr'><strong>libris</strong></span> <span class='ocrx_word' id='word_1_119' title='bbox 1425 1111 1660 1160; x_wconf 79' lang='lat' dir='ltr'><strong>distinctum,</strong></span> 
     </span>
     <span class='ocr_line' id='line_1_15' title="bbox 236 1174 1662 1228; baseline 0.003 -19"><span class='ocrx_word' id='word_1_120' title='bbox 236 1174 542 1227; x_wconf 76' lang='lat' dir='ltr'><strong>inscriptumque</strong></span> <span class='ocrx_word' id='word_1_121' title='bbox 563 1177 626 1213; x_wconf 84' lang='lat' dir='ltr'><strong>Fl.</strong></span> <span class='ocrx_word' id='word_1_122' title='bbox 648 1178 840 1214; x_wconf 63' lang='lat' dir='ltr'><strong>Crescendi</strong></span> <span class='ocrx_word' id='word_1_123' title='bbox 860 1178 1018 1228; x_wconf 74' lang='lat' dir='ltr'><strong>Corc&#39;plu&#39;</strong></span> <span class='ocrx_word' id='word_1_124' title='bbox 1035 1181 1192 1215; x_wconf 85' lang='lat' dir='ltr'><strong>nomine</strong></span> <span class='ocrx_word' id='word_1_125' title='bbox 1215 1186 1253 1215; x_wconf 89' lang='lat' dir='ltr'><strong>et</strong></span> <span class='ocrx_word' id='word_1_126' title='bbox 1271 1179 1382 1215; x_wconf 87' lang='lat' dir='ltr'><strong>titulo</strong></span> <span class='ocrx_word' id='word_1_127' title='bbox 1405 1178 1662 1223; x_wconf 68' lang='lat' dir='ltr'><strong>Iohanmdos,</strong></span> 
     </span>
     <span class='ocr_line' id='line_1_16' title="bbox 240 1234 1661 1296; baseline 0.002 -20"><span class='ocrx_word' id='word_1_128' title='bbox 240 1242 348 1277; x_wconf 82' lang='lat' dir='ltr'><strong>cuius</strong></span> <span class='ocrx_word' id='word_1_129' title='bbox 378 1250 651 1292; x_wconf 81' lang='lat' dir='ltr'><strong>argumentum</strong></span> <span class='ocrx_word' id='word_1_130' title='bbox 679 1251 759 1280; x_wconf 83' lang='lat' dir='ltr'><strong>erat</strong></span> <span class='ocrx_word' id='word_1_131' title='bbox 787 1245 935 1281; x_wconf 87' lang='lat' dir='ltr'><strong>bellum</strong></span> <span class='ocrx_word' id='word_1_132' title='bbox 956 1246 1167 1295; x_wconf 84' lang='lat' dir='ltr'><strong>Libycum,</strong></span> <span class='ocrx_word' id='word_1_133' title='bbox 1199 1234 1518 1296; x_wconf 50' lang='lat' dir='ltr'><strong>quod⁸Iohannes</strong></span> <span class='ocrx_word' id='word_1_134' title='bbox 1533 1245 1661 1279; x_wconf 87' lang='lat' dir='ltr'><strong>Patri-</strong></span> 
     </span>
     <span class='ocr_line' id='line_1_17' title="bbox 240 1307 1660 1368; baseline 0.002 -25"><span class='ocrx_word' id='word_1_135' title='bbox 240 1307 322 1344; x_wconf 91' lang='lat' dir='ltr'><strong>cius</strong></span> <span class='ocrx_word' id='word_1_136' title='bbox 361 1317 490 1351; x_wconf 76' lang='lat' dir='ltr'><strong>contra</strong></span> <span class='ocrx_word' id='word_1_137' title='bbox 527 1311 642 1352; x_wconf 83' lang='lat' dir='ltr'><strong>Afros</strong></span> <span class='ocrx_word' id='word_1_138' title='bbox 679 1311 811 1364; x_wconf 85' lang='lat' dir='ltr'><strong>gessit.</strong></span> <span class='ocrx_word' id='word_1_139' title='bbox 879 1318 1078 1368; x_wconf 77' lang='lat' dir='ltr'><strong>praeterea</strong></span> <span class='ocrx_word' id='word_1_140' title='bbox 1120 1310 1192 1353; x_wconf 83' lang='lat' dir='ltr'><strong>hos</strong></span> <span class='ocrx_word' id='word_1_141' title='bbox 1229 1314 1363 1354; x_wconf 79' lang='lat' dir='ltr'><strong>recitat</strong></span> <span class='ocrx_word' id='word_1_142' title='bbox 1397 1312 1479 1348; x_wconf 86' lang='lat' dir='ltr'><strong>eius</strong></span> <span class='ocrx_word' id='word_1_143' title='bbox 1513 1311 1660 1367; x_wconf 77' lang='lat' dir='ltr'><strong>primos</strong></span> 
     </span>
     <span class='ocr_line' id='line_1_18' title="bbox 238 1384 393 1415; baseline 0 -3"><span class='ocrx_word' id='word_1_144' title='bbox 238 1384 393 1415; x_wconf 81' lang='lat' dir='ltr'><strong>versus:</strong></span> 
     </span>
    </p>

    <p class='ocr_par' dir='ltr' id='par_1_4' title="bbox 402 1453 1477 1570">
     <span class='ocr_line' id='line_1_19' title="bbox 402 1453 1477 1506; baseline 0.003 -17"><span class='ocrx_word' id='word_1_145' title='bbox 402 1455 535 1502; x_wconf 80' lang='lat' dir='ltr'><strong>signa,</strong></span> <span class='ocrx_word' id='word_1_146' title='bbox 564 1453 697 1499; x_wconf 73' lang='lat' dir='ltr'><strong>duces,</strong></span> <span class='ocrx_word' id='word_1_147' title='bbox 720 1462 928 1505; x_wconf 74' lang='lat' dir='ltr'><strong>gentesque</strong></span> <span class='ocrx_word' id='word_1_148' title='bbox 939 1454 1055 1504; x_wconf 62' lang='lat' dir='ltr'><strong>seras</strong></span> <span class='ocrx_word' id='word_1_149' title='bbox 1079 1456 1301 1506; x_wconf 65' lang='grc' dir='ltr'><em>-Μανίἰεᾳιιε</em></span> <span class='ocrx_word' id='word_1_150' title='bbox 1323 1456 1477 1500; x_wconf 82' lang='lat' dir='ltr'><strong>ruinas,</strong></span> 
     </span>
     <span class='ocr_line' id='line_1_20' title="bbox 403 1519 1379 1570; baseline 0.002 -15"><span class='ocrx_word' id='word_1_151' title='bbox 403 1519 585 1563; x_wconf 79' lang='lat' dir='ltr'><strong>insidias,</strong></span> <span class='ocrx_word' id='word_1_152' title='bbox 615 1527 839 1570; x_wconf 76' lang='lat' dir='ltr'><strong>stragesque</strong></span> <span class='ocrx_word' id='word_1_153' title='bbox 857 1522 985 1556; x_wconf 71' lang='lat' dir='ltr'><strong>virum</strong></span> <span class='ocrx_word' id='word_1_154' title='bbox 1005 1520 1195 1570; x_wconf 77' lang='lat' dir='ltr'><strong>durosque</strong></span> <span class='ocrx_word' id='word_1_155' title='bbox 1213 1519 1379 1565; x_wconf 81' lang='lat' dir='ltr'><strong>labores,</strong></span> 
     </span>
    </p>

    <p class='ocr_par' dir='ltr' id='par_1_5' title="bbox 398 1584 1417 1769">
     <span class='ocr_line' id='line_1_21' title="bbox 400 1584 1314 1636; baseline 0.001 -16"><span class='ocrx_word' id='word_1_156' title='bbox 400 1591 437 1620; x_wconf 81' lang='lat' dir='ltr'><strong>et</strong></span> <span class='ocrx_word' id='word_1_157' title='bbox 454 1584 606 1634; x_wconf 81' lang='lat' dir='ltr'><em>Libyae</em></span> <span class='ocrx_word' id='word_1_158' title='bbox 621 1586 768 1631; x_wconf 76' lang='lat' dir='ltr'><strong>clades,</strong></span> <span class='ocrx_word' id='word_1_159' title='bbox 797 1594 832 1622; x_wconf 77' lang='lat' dir='ltr'><strong>et</strong></span> <span class='ocrx_word' id='word_1_160' title='bbox 833 1587 990 1636; x_wconf 75' lang='lat' dir='ltr'><strong>fractos</strong></span> <span class='ocrx_word' id='word_1_161' title='bbox 1005 1586 1153 1623; x_wconf 62' lang='lat' dir='ltr'><strong>viribus</strong></span> <span class='ocrx_word' id='word_1_162' title='bbox 1173 1585 1314 1630; x_wconf 75' lang='lat' dir='ltr'><strong>hostes,</strong></span> 
     </span>
     <span class='ocr_line' id='line_1_22' title="bbox 398 1651 1417 1702; baseline 0.001 -15"><span class='ocrx_word' id='word_1_163' title='bbox 398 1651 824 1702; x_wconf 69' lang='lat' dir='ltr'><strong>indictaqucesamem</strong></span> <span class='ocrx_word' id='word_1_164' title='bbox 838 1653 997 1702; x_wconf 69' lang='lat' dir='ltr'><strong>populis</strong></span> <span class='ocrx_word' id='word_1_165' title='bbox 1016 1653 1223 1702; x_wconf 76' lang='lat' dir='ltr'><strong>laticesque</strong></span> <span class='ocrx_word' id='word_1_166' title='bbox 1239 1658 1417 1701; x_wconf 81' lang='lat' dir='ltr'><strong>negatos,</strong></span> 
     </span>
     <span class='ocr_line' id='line_1_23' title="bbox 399 1718 1300 1769; baseline 0 -12"><span class='ocrx_word' id='word_1_167' title='bbox 399 1724 564 1769; x_wconf 74' lang='lat' dir='ltr'><strong>utraque</strong></span> <span class='ocrx_word' id='word_1_168' title='bbox 580 1720 722 1769; x_wconf 78' lang='lat' dir='ltr'><strong>letiferi</strong></span> <span class='ocrx_word' id='word_1_169' title='bbox 738 1719 936 1758; x_wconf 74' lang='lat' dir='ltr'><strong>turbantes</strong></span> <span class='ocrx_word' id='word_1_170' title='bbox 951 1726 1081 1757; x_wconf 78' lang='lat' dir='ltr'><strong>castra</strong></span> <span class='ocrx_word' id='word_1_171' title='bbox 1099 1718 1300 1757; x_wconf 78' lang='lat' dir='ltr'><strong>tumultus.</strong></span> 
     </span>
    </p>
   </div>
   <div class='ocr_carea' id='block_1_4' title="bbox 223 1792 1655 2785">
    <p class='ocr_par' dir='ltr' id='par_1_6' title="bbox 223 1792 1655 2785">
     <span class='ocr_line' id='line_1_24' title="bbox 229 1792 1654 1847; baseline 0.001 -17"><span class='ocrx_word' id='word_1_172' title='bbox 229 1792 323 1831; x_wconf 81' lang='lat' dir='ltr'><strong>hinc</strong></span> <span class='ocrx_word' id='word_1_173' title='bbox 348 1795 467 1846; x_wconf 81' lang='lat' dir='ltr'><strong>igitur</strong></span> <span class='ocrx_word' id='word_1_174' title='bbox 493 1798 687 1834; x_wconf 85' lang='lat' dir='ltr'><strong>exstitisse</strong></span> <span class='ocrx_word' id='word_1_175' title='bbox 715 1797 809 1834; x_wconf 91' lang='lat' dir='ltr'><strong>olim</strong></span> <span class='ocrx_word' id='word_1_176' title='bbox 834 1796 970 1833; x_wconf 87' lang='lat' dir='ltr'><strong>Budae</strong></span> <span class='ocrx_word' id='word_1_177' title='bbox 998 1795 1115 1834; x_wconf 88' lang='lat' dir='ltr'><strong>huius</strong></span> <span class='ocrx_word' id='word_1_178' title='bbox 1142 1797 1327 1847; x_wconf 70' lang='lat' dir='ltr'><strong>poematii</strong></span> <span class='ocrx_word' id='word_1_179' title='bbox 1348 1793 1520 1835; x_wconf 79' lang='lat' dir='ltr'><strong>codicem</strong></span> <span class='ocrx_word' id='word_1_180' title='bbox 1538 1794 1654 1834; x_wconf 78' lang='lat' dir='ltr'><strong>inno·-</strong></span> 
     </span>
     <span class='ocr_line' id='line_1_25' title="bbox 229 1862 1655 1913; baseline 0.001 -16"><span class='ocrx_word' id='word_1_181' title='bbox 229 1863 363 1910; x_wconf 84' lang='lat' dir='ltr'><strong>tescit3</strong></span> <span class='ocrx_word' id='word_1_182' title='bbox 395 1869 433 1900; x_wconf 90' lang='lat' dir='ltr'><strong>et</strong></span> <span class='ocrx_word' id='word_1_183' title='bbox 461 1871 658 1913; x_wconf 85' lang='lat' dir='ltr'><strong>praeterea</strong></span> <span class='ocrx_word' id='word_1_184' title='bbox 685 1877 736 1901; x_wconf 83' lang='lat' dir='ltr'><strong>ex</strong></span> <span class='ocrx_word' id='word_1_185' title='bbox 763 1877 808 1901; x_wconf 88' lang='lat' dir='ltr'><strong>eo</strong></span> <span class='ocrx_word' id='word_1_186' title='bbox 829 1862 960 1900; x_wconf 84' lang='lat' dir='ltr'><strong>codice</strong></span> <span class='ocrx_word' id='word_1_187' title='bbox 978 1864 1231 1913; x_wconf 82' lang='lat' dir='ltr'><strong>intelligimus</strong></span> <span class='ocrx_word' id='word_1_188' title='bbox 1251 1863 1460 1912; x_wconf 85' lang='lat' dir='ltr'><strong>Corippum</strong></span> <span class='ocrx_word' id='word_1_189' title='bbox 1478 1868 1655 1902; x_wconf 84' lang='lat' dir='ltr'><strong>nostrum</strong></span> 
     </span>
     <span class='ocr_line' id='line_1_26' title="bbox 228 1927 1652 1981; baseline 0 -16"><span class='ocrx_word' id='word_1_190' title='bbox 228 1929 350 1965; x_wconf 83' lang='lat' dir='ltr'><strong>fuisse</strong></span> <span class='ocrx_word' id='word_1_191' title='bbox 369 1928 515 1966; x_wconf 88' lang='lat' dir='ltr'><strong>dictum</strong></span> <span class='ocrx_word' id='word_1_192' title='bbox 531 1931 589 1966; x_wconf 79' lang='grc' dir='ltr'><strong>ΕΙ.</strong></span> <span class='ocrx_word' id='word_1_193' title='bbox 611 1932 860 1968; x_wconf 79' lang='lat' dir='ltr'><strong>cresconium</strong></span> <span class='ocrx_word' id='word_1_194' title='bbox 879 1931 1110 1980; x_wconf 85' lang='lat' dir='ltr'><strong>Corippum,</strong></span> <span class='ocrx_word' id='word_1_195' title='bbox 1141 1943 1192 1966; x_wconf 84' lang='lat' dir='ltr'><strong>ex</strong></span> <span class='ocrx_word' id='word_1_196' title='bbox 1211 1942 1286 1981; x_wconf 91' lang='lat' dir='ltr'><strong>quo</strong></span> <span class='ocrx_word' id='word_1_197' title='bbox 1309 1928 1352 1965; x_wconf 86' lang='lat' dir='ltr'><strong>fit</strong></span> <span class='ocrx_word' id='word_1_198' title='bbox 1370 1935 1414 1966; x_wconf 89' lang='lat' dir='ltr'><strong>ut</strong></span> <span class='ocrx_word' id='word_1_199' title='bbox 1437 1927 1534 1966; x_wconf 88' lang='lat' dir='ltr'><strong>duos</strong></span> <span class='ocrx_word' id='word_1_200' title='bbox 1556 1929 1652 1965; x_wconf 86' lang='lat' dir='ltr'><strong>alios</strong></span> 
     </span>
     <span class='ocr_line' id='line_1_27' title="bbox 228 1995 1651 2046; baseline 0 -15"><span class='ocrx_word' id='word_1_201' title='bbox 228 1995 272 2031; x_wconf 84' lang='lat' dir='ltr'><strong>iu</strong></span> <span class='ocrx_word' id='word_1_202' title='bbox 288 1995 464 2033; x_wconf 85' lang='lat' dir='ltr'><strong>medium</strong></span> <span class='ocrx_word' id='word_1_203' title='bbox 485 1996 675 2035; x_wconf 81' lang='lat' dir='ltr'><strong>adducere</strong></span> <span class='ocrx_word' id='word_1_204' title='bbox 700 1999 854 2035; x_wconf 79' lang='lat' dir='ltr'><strong>valeam</strong></span> <span class='ocrx_word' id='word_1_205' title='bbox 881 1995 928 2033; x_wconf 91' lang='lat' dir='ltr'><strong>de</strong></span> <span class='ocrx_word' id='word_1_206' title='bbox 955 1995 1093 2033; x_wconf 82' lang='lat' dir='ltr'><strong>eodem</strong></span> <span class='ocrx_word' id='word_1_207' title='bbox 1111 1997 1266 2046; x_wconf 86' lang='lat' dir='ltr'><strong>Corippi</strong></span> <span class='ocrx_word' id='word_1_208' title='bbox 1288 1997 1483 2046; x_wconf 72' lang='lat' dir='ltr'><strong>poematio</strong></span> <span class='ocrx_word' id='word_1_209' title='bbox 1502 2001 1651 2032; x_wconf 85' lang='lat' dir='ltr'><strong>veteres</strong></span> 
     </span>
     <span class='ocr_line' id='line_1_28' title="bbox 228 2061 1650 2114; baseline 0 -15"><span class='ocrx_word' id='word_1_210' title='bbox 228 2069 360 2100; x_wconf 81' lang='lat' dir='ltr'><strong>testes.</strong></span> <span class='ocrx_word' id='word_1_211' title='bbox 427 2066 575 2114; x_wconf 85' lang='lat' dir='ltr'><strong>primus</strong></span> <span class='ocrx_word' id='word_1_212' title='bbox 604 2072 662 2102; x_wconf 87' lang='lat' dir='ltr'><strong>est</strong></span> <span class='ocrx_word' id='word_1_213' title='bbox 686 2067 823 2102; x_wconf 85' lang='lat' dir='ltr'><strong>Petrus</strong></span> <span class='ocrx_word' id='word_1_214' title='bbox 847 2066 1040 2101; x_wconf 85' lang='lat' dir='ltr'><strong>Diaconus</strong></span> <span class='ocrx_word' id='word_1_215' title='bbox 1069 2065 1111 2100; x_wconf 89' lang='lat' dir='ltr'><strong>in</strong></span> <span class='ocrx_word' id='word_1_216' title='bbox 1139 2064 1320 2100; x_wconf 78' lang='lat' dir='ltr'><strong>Actuario</strong></span> <span class='ocrx_word' id='word_1_217' title='bbox 1354 2061 1406 2099; x_wconf 84' lang='lat' dir='ltr'><strong>ad</strong></span> <span class='ocrx_word' id='word_1_218' title='bbox 1433 2061 1650 2100; x_wconf 85' lang='lat' dir='ltr'><strong>Chronicou</strong></span> 
     </span>
     <span class='ocr_line' id='line_1_29' title="bbox 230 2128 1650 2181; baseline -0.001 -15"><span class='ocrx_word' id='word_1_219' title='bbox 230 2129 440 2167; x_wconf 77' lang='lat' dir='ltr'><strong>easinense</strong></span> <span class='ocrx_word' id='word_1_220' title='bbox 458 2133 600 2169; x_wconf 88' lang='lat' dir='ltr'><strong>Leonis</strong></span> <span class='ocrx_word' id='word_1_221' title='bbox 618 2133 842 2179; x_wconf 83' lang='lat' dir='ltr'><strong>Marsicani,</strong></span> <span class='ocrx_word' id='word_1_222' title='bbox 867 2131 935 2167; x_wconf 89' lang='lat' dir='ltr'><strong>ubi</strong></span> <span class='ocrx_word' id='word_1_223' title='bbox 952 2132 1053 2166; x_wconf 84' lang='lat' dir='ltr'><strong>inter</strong></span> <span class='ocrx_word' id='word_1_224' title='bbox 1066 2130 1184 2166; x_wconf 90' lang='lat' dir='ltr'><strong>libros</strong></span> <span class='ocrx_word' id='word_1_225' title='bbox 1198 2158 1208 2177; x_wconf 92' lang='lat'>,</span> <span class='ocrx_word' id='word_1_226' title='bbox 1238 2142 1333 2181; x_wconf 86' lang='lat' dir='ltr'><strong>quos</strong></span> <span class='ocrx_word' id='word_1_227' title='bbox 1351 2128 1516 2167; x_wconf 78' lang='lat' dir='ltr'><strong>describi</strong></span> <span class='ocrx_word' id='word_1_228' title='bbox 1536 2141 1650 2165; x_wconf 46' lang='lat' dir='ltr'><strong>curav</strong></span> 
     </span>
     <span class='ocr_line' id='line_1_30' title="bbox 233 2195 1647 2247; baseline -0.001 -15"><span class='ocrx_word' id='word_1_229' title='bbox 233 2197 291 2233; x_wconf 85' lang='lat' dir='ltr'><strong>vit</strong></span> <span class='ocrx_word' id='word_1_230' title='bbox 318 2197 435 2234; x_wconf 83' lang='lat' dir='ltr'><strong>abbas</strong></span> <span class='ocrx_word' id='word_1_231' title='bbox 461 2199 683 2236; x_wconf 81' lang='lat' dir='ltr'><strong>Desiderius</strong></span> <span class='ocrx_word' id='word_1_232' title='bbox 711 2198 761 2236; x_wconf 86' lang='lat' dir='ltr'><strong>ad</strong></span> <span class='ocrx_word' id='word_1_233' title='bbox 776 2200 993 2235; x_wconf 82' lang='lat' dir='ltr'><strong>Romanam</strong></span> <span class='ocrx_word' id='word_1_234' title='bbox 1011 2195 1234 2235; x_wconf 83' lang='lat' dir='ltr'><strong>cathedram</strong></span> <span class='ocrx_word' id='word_1_235' title='bbox 1251 2203 1384 2247; x_wconf 85' lang='lat' dir='ltr'><strong>postea</strong></span> <span class='ocrx_word' id='word_1_236' title='bbox 1405 2201 1558 2234; x_wconf 79' lang='lat' dir='ltr'><strong>evectus</strong></span> <span class='ocrx_word' id='word_1_237' title='bbox 1575 2195 1647 2232; x_wconf 74' lang='lat' dir='ltr'><strong>sub</strong></span> 
     </span>
     <span class='ocr_line' id='line_1_31' title="bbox 226 2260 1649 2314; baseline -0.003 -13"><span class='ocrx_word' id='word_1_238' title='bbox 226 2264 396 2301; x_wconf 85' lang='lat' dir='ltr'><strong>-Victoris</strong></span> <span class='ocrx_word' id='word_1_239' title='bbox 410 2267 436 2304; x_wconf 77' lang='lat'><strong>2</strong></span> <span class='ocrx_word' id='word_1_240' title='bbox 451 2267 622 2314; x_wconf 86' lang='lat' dir='ltr'><strong>nomine,</strong></span> <span class='ocrx_word' id='word_1_241' title='bbox 655 2266 903 2303; x_wconf 86' lang='lat' dir='ltr'><strong>Cresconium</strong></span> <span class='ocrx_word' id='word_1_242' title='bbox 917 2270 1106 2301; x_wconf 86' lang='lat' dir='ltr'><strong>memorat</strong></span> <span class='ocrx_word' id='word_1_243' title='bbox 1124 2264 1171 2301; x_wconf 86' lang='lat' dir='ltr'><strong>de</strong></span> <span class='ocrx_word' id='word_1_244' title='bbox 1187 2263 1296 2300; x_wconf 85' lang='lat' dir='ltr'><strong>bellis</strong></span> <span class='ocrx_word' id='word_1_245' title='bbox 1311 2262 1484 2314; x_wconf 82' lang='lat' dir='ltr'><strong>Libycis.</strong></span> <span class='ocrx_word' id='word_1_246' title='bbox 1542 2260 1649 2302; x_wconf 84' lang='lat' dir='ltr'><strong>hunc</strong></span> 
     </span>
     <span class='ocr_line' id='line_1_32' title="bbox 231 2328 1648 2380; baseline -0.002 -13"><span class='ocrx_word' id='word_1_247' title='bbox 231 2328 406 2368; x_wconf 87' lang='lat' dir='ltr'><strong>codicem</strong></span> <span class='ocrx_word' id='word_1_248' title='bbox 423 2333 466 2368; x_wconf 84' lang='lat' dir='ltr'><strong>in</strong></span> <span class='ocrx_word' id='word_1_249' title='bbox 479 2330 713 2369; x_wconf 82' lang='lat' dir='ltr'><strong>bibliotheca</strong></span> <span class='ocrx_word' id='word_1_250' title='bbox 728 2332 951 2369; x_wconf 87' lang='lat' dir='ltr'><strong>monasterii</strong></span> <span class='ocrx_word' id='word_1_251' title='bbox 965 2332 1108 2368; x_wconf 84' lang='lat' dir='ltr'><strong>Montis</strong></span> <span class='ocrx_word' id='word_1_252' title='bbox 1123 2331 1252 2369; x_wconf 84' lang='lat' dir='ltr'><strong>Casini</strong></span> <span class='ocrx_word' id='word_1_253' title='bbox 1270 2328 1398 2367; x_wconf 85' lang='lat' dir='ltr'><strong>adhuc</strong></span> <span class='ocrx_word' id='word_1_254' title='bbox 1412 2329 1648 2380; x_wconf 77' lang='lat' dir='ltr'><strong>superfuisse</strong></span> 
     </span>
     <span class='ocr_line' id='line_1_33' title="bbox 229 2396 1647 2449; baseline -0.002 -15"><span class='ocrx_word' id='word_1_255' title='bbox 229 2410 267 2434; x_wconf 75' lang='lat' dir='ltr'><strong>a.</strong></span> <span class='ocrx_word' id='word_1_256' title='bbox 288 2398 394 2439; x_wconf 84' lang='lat'><strong>1532</strong></span> <span class='ocrx_word' id='word_1_257' title='bbox 411 2401 502 2436; x_wconf 85' lang='lat' dir='ltr'><strong>novi</strong></span> <span class='ocrx_word' id='word_1_258' title='bbox 521 2411 572 2436; x_wconf 82' lang='lat' dir='ltr'><strong>ex</strong></span> <span class='ocrx_word' id='word_1_259' title='bbox 587 2411 648 2436; x_wconf 89' lang='lat' dir='ltr'><strong>ms</strong></span> <span class='ocrx_word' id='word_1_260' title='bbox 667 2398 751 2436; x_wconf 90' lang='lat' dir='ltr'><strong>cod.</strong></span> <span class='ocrx_word' id='word_1_261' title='bbox 772 2399 894 2436; x_wconf 85' lang='lat' dir='ltr'><strong>Vatic.</strong></span> <span class='ocrx_word' id='word_1_262' title='bbox 913 2400 1015 2439; x_wconf 83' lang='grc'><strong>3961</strong></span> <span class='ocrx_word' id='word_1_263' title='bbox 1031 2426 1041 2446; x_wconf 85' lang='grc'><em>,</em></span> <span class='ocrx_word' id='word_1_264' title='bbox 1072 2398 1138 2449; x_wconf 90' lang='lat' dir='ltr'><strong>qui</strong></span> <span class='ocrx_word' id='word_1_265' title='bbox 1159 2396 1333 2437; x_wconf 86' lang='lat' dir='ltr'><strong>Iudicem</strong></span> <span class='ocrx_word' id='word_1_266' title='bbox 1350 2398 1519 2434; x_wconf 84' lang='lat' dir='ltr'><strong>continet</strong></span> <span class='ocrx_word' id='word_1_267' title='bbox 1536 2396 1647 2435; x_wconf 81' lang='lat' dir='ltr'><strong>Gasi-</strong></span> 
     </span>
     <span class='ocr_line' id='line_1_34' title="bbox 225 2463 1646 2506; baseline -0.001 -6"><span class='ocrx_word' id='word_1_268' title='bbox 225 2466 410 2502; x_wconf 87' lang='lat' dir='ltr'><strong>-nensium</strong></span> <span class='ocrx_word' id='word_1_269' title='bbox 435 2478 517 2503; x_wconf 85' lang='lat' dir='ltr'><strong>mss</strong></span> <span class='ocrx_word' id='word_1_270' title='bbox 544 2465 752 2502; x_wconf 85' lang='lat' dir='ltr'><strong>Clementis</strong></span> <span class='ocrx_word' id='word_1_271' title='bbox 773 2468 800 2506; x_wconf 91' lang='lat'>7</span> <span class='ocrx_word' id='word_1_272' title='bbox 827 2466 935 2502; x_wconf 82' lang='lat' dir='ltr'><strong>iussu</strong></span> <span class='ocrx_word' id='word_1_273' title='bbox 965 2465 1202 2502; x_wconf 88' lang='lat' dir='ltr'><strong>confectum:</strong></span> <span class='ocrx_word' id='word_1_274' title='bbox 1240 2465 1297 2502; x_wconf 85' lang='lat' dir='ltr'><strong>sic</strong></span> <span class='ocrx_word' id='word_1_275' title='bbox 1325 2465 1430 2502; x_wconf 87' lang='lat' dir='ltr'><strong>enim</strong></span> <span class='ocrx_word' id='word_1_276' title='bbox 1453 2464 1497 2501; x_wconf 87' lang='lat' dir='ltr'><strong>in</strong></span> <span class='ocrx_word' id='word_1_277' title='bbox 1523 2463 1646 2502; x_wconf 82' lang='lat' dir='ltr'><strong>classe</strong></span> 
     </span>
     <span class='ocr_line' id='line_1_35' title="bbox 223 2530 1644 2582; baseline -0.001 -14"><span class='ocrx_word' id='word_1_278' title='bbox 223 2531 414 2569; x_wconf 77' lang='lat' dir='ltr'><strong>librorum</strong></span> <span class='ocrx_word' id='word_1_279' title='bbox 443 2533 801 2570; x_wconf 73' lang='lat' dir='ltr'><strong>Graunnaticalium</strong></span> <span class='ocrx_word' id='word_1_280' title='bbox 829 2532 993 2582; x_wconf 85' lang='lat' dir='ltr'><strong>legitur:</strong></span> <span class='ocrx_word' id='word_1_281' title='bbox 1022 2531 1119 2567; x_wconf 72' lang='lat' dir='ltr'><strong>liber</strong></span> <span class='ocrx_word' id='word_1_282' title='bbox 1146 2531 1340 2570; x_wconf 81' lang='lat' dir='ltr'><strong>Cresconii</strong></span> <span class='ocrx_word' id='word_1_283' title='bbox 1363 2531 1482 2580; x_wconf 79' lang='lat' dir='ltr'><strong>incip.</strong></span> <span class='ocrx_word' id='word_1_284' title='bbox 1511 2530 1644 2567; x_wconf 79' lang='lat' dir='ltr'><strong>Victo-</strong></span> 
     </span>
     <span class='ocr_line' id='line_1_36' title="bbox 225 2597 1642 2636; baseline -0.001 -2"><span class='ocrx_word' id='word_1_285' title='bbox 225 2600 295 2635; x_wconf 78' lang='lat' dir='ltr'><strong>ris.·</strong></span> <span class='ocrx_word' id='word_1_286' title='bbox 349 2612 423 2636; x_wconf 86' lang='lat' dir='ltr'><strong>neo</strong></span> <span class='ocrx_word' id='word_1_287' title='bbox 454 2601 594 2636; x_wconf 85' lang='lat' dir='ltr'><strong>mirere</strong></span> <span class='ocrx_word' id='word_1_288' title='bbox 628 2597 703 2636; x_wconf 89' lang='lat' dir='ltr'><strong>hoc</strong></span> <span class='ocrx_word' id='word_1_289' title='bbox 730 2599 885 2636; x_wconf 86' lang='lat' dir='ltr'><strong>initium</strong></span> <span class='ocrx_word' id='word_1_290' title='bbox 911 2597 1017 2635; x_wconf 86' lang='lat' dir='ltr'><strong>haud</strong></span> <span class='ocrx_word' id='word_1_291' title='bbox 1046 2598 1146 2635; x_wconf 87' lang='lat' dir='ltr'><strong>bene</strong></span> <span class='ocrx_word' id='word_1_292' title='bbox 1178 2597 1382 2635; x_wconf 86' lang='lat' dir='ltr'><strong>convenire</strong></span> <span class='ocrx_word' id='word_1_293' title='bbox 1410 2609 1499 2634; x_wconf 90' lang='lat' dir='ltr'><strong>cum</strong></span> <span class='ocrx_word' id='word_1_294' title='bbox 1530 2597 1642 2633; x_wconf 85' lang='lat' dir='ltr'><strong>initio</strong></span> 
     </span>
     <span class='ocr_line' id='line_1_37' title="bbox 224 2661 1641 2717; baseline -0.004 -14"><span class='ocrx_word' id='word_1_295' title='bbox 224 2667 409 2715; x_wconf 58' lang='lat' dir='ltr'><strong>poematii</strong></span> <span class='ocrx_word' id='word_1_296' title='bbox 427 2667 474 2703; x_wconf 86' lang='lat' dir='ltr'><strong>de</strong></span> <span class='ocrx_word' id='word_1_297' title='bbox 491 2666 603 2703; x_wconf 76' lang='lat' dir='ltr'><strong>bellis</strong></span> <span class='ocrx_word' id='word_1_298' title='bbox 611 2665 787 2716; x_wconf 61' lang='lat' dir='ltr'><strong>Libycis,</strong></span> <span class='ocrx_word' id='word_1_299' title='bbox 809 2663 915 2717; x_wconf 88' lang='lat' dir='ltr'><strong>quod</strong></span> <span class='ocrx_word' id='word_1_300' title='bbox 933 2665 1049 2701; x_wconf 85' lang='lat' dir='ltr'><strong>refert</strong></span> <span class='ocrx_word' id='word_1_301' title='bbox 1068 2665 1348 2715; x_wconf 83' lang='lat' dir='ltr'><strong>Cuspinianus:</strong></span> <span class='ocrx_word' id='word_1_302' title='bbox 1376 2661 1523 2699; x_wconf 81' lang='lat' dir='ltr'><strong>laudati</strong></span> <span class='ocrx_word' id='word_1_303' title='bbox 1537 2662 1641 2699; x_wconf 85' lang='lat' dir='ltr'><strong>enim</strong></span> 
     </span>
     <span class='ocr_line' id='line_1_38' title="bbox 224 2727 1640 2785; baseline -0.002 -14"><span class='ocrx_word' id='word_1_304' title='bbox 224 2731 367 2772; x_wconf 79' lang='lat' dir='ltr'><strong>Indicis</strong></span> <span class='ocrx_word' id='word_1_305' title='bbox 395 2740 627 2773; x_wconf 15' lang='lat' dir='ltr'><strong>auctorrnec</strong></span> <span class='ocrx_word' id='word_1_306' title='bbox 654 2733 748 2771; x_wconf 86' lang='lat' dir='ltr'><strong>satis</strong></span> <span class='ocrx_word' id='word_1_307' title='bbox 775 2733 921 2785; x_wconf 83' lang='lat' dir='ltr'><strong>peritus</strong></span> <span class='ocrx_word' id='word_1_308' title='bbox 935 2745 1020 2769; x_wconf 81' lang='lat' dir='ltr'><strong>nec</strong></span> <span class='ocrx_word' id='word_1_309' title='bbox 1038 2732 1131 2770; x_wconf 86' lang='lat' dir='ltr'><strong>satis</strong></span> <span class='ocrx_word' id='word_1_310' title='bbox 1149 2730 1317 2783; x_wconf 76' lang='lat' dir='ltr'><strong>diligens</strong></span> <span class='ocrx_word' id='word_1_311' title='bbox 1335 2730 1482 2782; x_wconf 74' lang='lat' dir='ltr'><strong>passim</strong></span> <span class='ocrx_word' id='word_1_312' title='bbox 1501 2727 1640 2780; x_wconf 77' lang='lat' dir='ltr'><strong>depre-</strong></span> 
     </span>
    </p>
   </div>
  </div>
 </body>
</html>
