1702 3060
367 125 818 171 MAZZUCCHELLII
848 124 1173 169 PRAEFATIO.
1428 137 1511 167 xm

45 243 175 282 lucem
195 240 405 292 profertur.
466 238 596 276 dicam
626 240 759 292 itaque
790 238 920 289 primo
946 235 996 274 de
1019 235 1215 288 poematis
1239 232 1359 272 huius
1383 247 1406 272 a
1428 236 1507 273 Co-

44 311 157 361 rippo
185 309 393 360 compositi
423 308 656 355 existentia3
700 303 844 343 deinde
871 304 922 343 de
950 303 1171 353 codicibus,
1211 304 1280 356 qui
1307 301 1410 340 illud
1435 302 1508 341 de-

42 379 233 429 scriptum
261 375 482 423 habebant,
522 373 650 426 deque
671 375 787 412 unico
811 374 903 411 Tuo
925 374 1148 424 superstiti3
1178 370 1436 423 postmodum
1456 370 1506 409 de

41 444 275 497 'argumento
302 443 497 496 poematis
525 443 650 494 ipsius
678 448 796 494 atque
817 439 866 478 de
885 443 1056 479 utilitate
1077 454 1131 477 ex
1151 439 1294 478 eodem
1314 438 1506 492 capienda

40 515 274 565 praesertim
302 511 354 549 ad
377 510 586 549 historiam
614 508 914 558 illustrandam,
966 522 1012 546 ac
1038 515 1240 560 postremo
1273 507 1323 546 de
1353 511 1504 547 ratione

0 571 1 574 Ἰ
42 595 164 635 quam
179 587 334 620 secutus
355 592 444 617 sum
460 580 502 616 in
528 592 573 616 eo
598 576 765 616 edendo.

154 650 370 700 Corippum
395 647 597 698 scripsisse
627 645 703 684 hoc
730 649 875 697 poema
900 645 1030 682 fassus
1058 650 1116 682 est
1151 642 1261 681 idem
1296 651 1432 682 auctor
1460 646 1502 681 in

39 718 274 768 Fragmento
305 715 406 768 (sive
428 712 692 766 dedicatione)
725 715 924 752 Carminis
952 714 995 749 in
1023 712 1187 750 laudem
1209 713 1360 751 Iastini
1379 712 1498 765 Aug.

39 786 204 822 minoris
211 813 230 831 ,
258 782 328 821 ubi
346 797 384 822 v.
406 783 458 826 85
482 784 558 820 ait:
1151 823 1154 826 ⁴

206 853 308 906 quid
321 851 496 904 Libycas
507 859 646 905 gentes
656 881 672 898 ,
706 851 808 904 quid
828 852 986 904 Syrtica
993 851 1153 901 proelia
1171 851 1305 889 dicam

206 924 289 960 iam
309 921 423 959 libris
445 920 638 970 completa
655 919 783 956 meis?

35 997 211 1029 attamen
240 1004 322 1028 non
355 987 496 1025 desunt
524 987 593 1023 alii
621 993 755 1024 testes.
821 979 969 1024 “testis
996 982 1082 1024 est’'
1120 988 1227 1024 enim
1268 986 1339 1038 (ut
1370 986 1501 1025 verbis

35 1065 124 1096 utar
146 1059 252 1096 Petri
273 1056 470 1092 Francisci
491 1056 674 1106 Fogginii
701 1057 743 1092 in
772 1054 1031 1104 Pracffatione
1059 1054 1110 1092 ad
1138 1068 1256 1092 suum
1283 1056 1499 1106 Corippum

33 1139 75 1178 p.
100 1124 179 1176 11)
203 1119 374 1162 “auctor
394 1136 639 1175 anonymus,
673 1125 742 1176 qui
763 1123 1067 1160 cresconianam
1088 1124 1362 1161 collectionem
1385 1131 1497 1161 vete-

33 1205 123 1231 rum
143 1205 339 1230 canonum
359 1193 515 1244 aliaque
534 1193 607 1231 SS.
625 1200 783 1245 patrum
801 1192 991 1243 opuscula
1011 1190 1217 1243 descripsit
1232 1193 1274 1229 in
1292 1192 1496 1229 membra-
1564 1235 1568 1237 ‚

31 1273 155 1299 nacco
180 1274 257 1299 ms.
283 1259 416 1298 codice
437 1274 539 1298 saec.
567 1264 618 1303 10
642 1263 792 1299 Romae
815 1262 858 1298 in
879 1258 1119 1297 bibliotheca
1141 1261 1401 1298 Vallicellana
1423 1258 1497 1296 ad-

31 1335 199 1379 servato,
231 1335 270 1367 et
285 1342 392 1367 nunc
414 1335 550 1366 notato
574 1335 670 1367 toln.
694 1331 758 1378 18,
791 1330 860 1381 qui
879 1335 1020 1366 texens
1042 1341 1082 1379 p.
1114 1331 1190 1371 136
1217 1329 1497 1381 opusculorum

30 1399 208 1436 olmlium
237 1411 260 1435 a
288 1411 330 1436 se
360 1396 646 1450 descriptorum
674 1396 870 1446 indicem,
916 1397 987 1435 sub
1007 1395 1085 1434 hoc
1106 1397 1243 1434 titulo:
1285 1397 1383 1435 haec
1404 1404 1498 1434 sunt

30 1480 132 1519 quae
149 1468 192 1504 in
213 1467 346 1504 codice
364 1465 584 1515 habentur,
613 1467 669 1503 ita
696 1467 855 1515 incipit:
894 1465 1114 1501 Concordia
1134 1478 1333 1501 canonum
1349 1478 1376 1501 a
1401 1465 1498 1502 Cre-

28 1536 160 1573 &conio
190 1533 394 1585 Africano
428 1534 606 1584 episcopo
640 1532 795 1583 digesta
836 1530 909 1569 sub
948 1531 1136 1581 capitulis
1169 1533 1360 1569 trecentis.
1427 1533 1500 1569 iste

28 1603 218 1657 nimirum
244 1601 474 1639 Cresconius
500 1599 606 1637 bella
630 1607 667 1636 et
688 1601 875 1638 victorias
883 1628 901 1645 ,
947 1613 1048 1650 quas
1067 1598 1270 1637 Iohannes,-
1292 1601 1498 1638 Patricius

26 1669 143 1722 apud
153 1668 347 1720 Africam
369 1669 417 1706 de
436 1669 650 1706 Saracenis
666 1668 803 1720 gessit,
835 1667 1074 1705 hexametris
1093 1666 1270 1705 versibus
1289 1668 1498 1718 descripsit

24 1737 98 1776 sub
133 1735 246 1774 libris
266 1764 417 1774 ......
479 1734 584 1774 hanc
615 1731 782 1774 notam''
818 1738 1073 1789 prosequitur
1113 1737 1331 1788 Fogginius
1365 1731 1496 1775 “iuris

24 1805 174 1857 publici
198 1805 294 1842 fecit
317 1806 510 1843 Baronius
539 1805 594 1858 (a.
619 1805 714 1847 527.
733 1818 774 1842 11.
796 1804 868 1857 76)
882 1835 892 1855 ‚
942 1812 981 1842 et
1003 1807 1150 1842 iterum
1170 1819 1223 1842 ex
1245 1806 1332 1856 ipso
1359 1803 1496 1843 codice

27 1872 232 1925 descripsit
256 1886 301 1910 ac
317 1871 468 1910 recudit
487 1874 741 1911 Mabillonius
769 1872 834 1927 (It.
854 1874 942 1911 Ital.
961 1888 1001 1925 p.
1021 1869 1141 1925 69).’'
1200 1875 1330 1924 arguit
1349 1871 1494 1911 deinde

25 1943 239 1994 Fogginius
259 1955 342 1980 non
359 1943 559 1979 immerito
578 1940 806 1980 Chissetium
825 1949 864 1979 et
885 1943 1158 1991 Com-antium,
1191 1955 1362 1995 quorum
1385 1944 1494 1994 prior

23 2008 66 2048 in
79 2010 213 2062 praefi
234 2008 346 2061 opp.
367 2009 568 2047 Ferrancli
586 2017 624 2047 et
642 2011 742 2048 alter
761 2012 802 2048 in
814 2012 952 2063 praef.
978 2011 1038 2048 ad
1054 2012 1260 2062 Epistolas
1283 2012 1493 2049 Romano-

24 2091 114 2116 rum
126 2076 365 2130 'ponaflcum
386 2092 425 2130 p.
446 2081 473 2119 2
499 2075 521 2130 ξ
542 2082 568 2120 7
589 2091 630 2115 11.
656 2082 738 2121 122
757 2093 798 2131 p.
822 2079 901 2122 105
925 2079 1242 2128 affimnaverant‚
1273 2081 1492 2118 Baronium

23 2147 219 2185 invenisse
238 2147 353 2184 illam
373 2153 511 2184 notam
532 2148 575 2184 in
593 2160 670 2185 ms.
694 2146 780 2185 cod.
802 2149 990 2186 Vaticano
1004 2178 1014 2198 ,
1059 2155 1098 2185 et
1125 2162 1177 2185 ex
1203 2150 1292 2200 ipsa
1318 2155 1492 2187 aetatem

23 2213 221 2252 Cresconii
250 2214 468 2270 collectoris
504 2227 701 2253 canonum
732 2215 970 2268 produxisse
1003 2215 1054 2254 acl
1089 2219 1244 2254 exitum
1272 2219 1422 2256 saeculi
1448 2222 1488 2267 7,

21 2295 114 2320 cum
132 2295 185 2321 ex
195 2283 403 2320 Anastasio
424 2281 730 2322 Bibliothecario
751 2291 790 2322 et
806 2284 984 2323 Cedreno
1007 2292 1159 2324 constet
1178 2299 1284 2324 anno
1306 2289 1330 2328 3
1353 2288 1491 2325 Leon-

22 2351 70 2388 tii
87 2352 356 2403 imperatoris,
401 2349 445 2388 id
474 2357 534 2388 est
555 2350 702 2390 Christi
726 2355 831 2402 697,
871 2355 1023 2393 Arabes
1053 2355 1270 2392 obtinuisse
1295 2354 1489 2403 Africam,

23 2431 76 2456 ex
93 2432 218 2472 eaque
238 2419 426 2470 expulsos
444 2419 567 2457 fuisse
590 2420 638 2458 ab
661 2422 784 2460 altero
804 2420 981 2460 Iohanne
997 2425 1162 2475 patricio
1181 2423 1277 2460 illuc
1294 2424 1416 2461 misso
1439 2423 1489 2460 ab

22 2486 108 2538 ipso
132 2489 314 2526 Leontio.
386 2489 430 2525 in
460 2494 673 2541 utrtunque
706 2497 841 2528 autem
868 2505 1042 2529 errorem
1073 2491 1295 2529 inciderant
1325 2505 1367 2528 re
1395 2504 1489 2530 vera

25 2554 116 2594 Ger.
139 2554 226 2595 Ioh.
252 2557 415 2595 Vossius
450 2556 498 2594 de
525 2556 722 2596 historicis
748 2560 913 2597 Latinis
940 2561 968 2598 l.
998 2563 1023 2601 3
1056 2567 1158 2612 part.
1179 2563 1205 2602 2
1234 2574 1267 2598 c.
1292 2563 1339 2610 3,
1381 2561 1490 2598 Guil.

21 2622 181 2662 Voelluz
213 2626 256 2662 in
285 2624 540 2676 praefatione
574 2624 626 2663 ad
658 2626 955 2666 Bibliothecam
992 2629 1099 2667 Iuris
1138 2629 1322 2667 canonici
1349 2629 1491 2667 veteris

23 2689 171 2729 editam
195 2693 378 2730 Lutetiae
406 2694 658 2732 Parisiorum
678 2708 781 2734 anno
806 2698 908 2739 1661
930 2727 940 2746 ‚
987 2704 1026 2735 et
1048 2697 1292 2735 Ennnanuel
1318 2710 1339 2734 a
1360 2694 1489 2734 Sche-

19 2757 181 2798 lesu-ate
205 2761 249 2798 in
277 2773 396 2812 opere
426 2763 615 2816 inscripto
637 2763 820 2803 Ecclesia
838 2764 1046 2817 Africana
1077 2766 1151 2805 sub
1179 2767 1354 2818 primate
1388 2764 1489 2803 Car-
