1702 3060
398 101 609 146 IUSTINI
640 101 880 146 MJNORIS
914 100 1019 145 LIB.
1049 99 1105 142 11.

194 212 247 251 Ut
269 211 418 250 clamor
440 222 609 263 magnus
627 213 767 264 populi
790 212 1054 264 strepitusque
1074 209 1237 265 quievit,

140 278 298 319 divinus
316 282 498 332 princeps
515 282 695 331 Augusta
712 293 808 318 voce
827 291 1015 330 perorans

67 365 83 383 ι.
138 345 240 386 haec
256 349 364 400 plebi
382 347 570 386 mandata
589 347 714 386 dedit.
766 343 894 384 “bene
913 348 1055 394 vivite,
1086 346 1206 383 cives.

139 422 298 467 tempus
316 415 516 467 gaudendi
536 423 616 454 est:
646 414 836 467 gaudete,
866 413 1092 465 hilaresque
1111 419 1283 451 manete.

32 480 112 527 885
141 484 306 522 contulit
326 485 402 522 ista
423 483 542 522 deus:
570 485 704 522 nullus
725 495 797 521 sua
819 481 963 534 gaudia
984 481 1128 520 turbet.

139 553 344 604 priventur
362 551 522 600 caedes,
553 551 774 590 studiorum
791 552 919 602 iurgia
944 554 1110 586 cessent.

142 626 183 656 et
198 621 279 656 iam
297 626 387 671 post
403 618 541 668 duros,
573 621 722 656 cunctis
745 620 930 670 promitto
943 645 953 665 ‚
983 616 1139 654 labores

141 688 222 725 otia
239 688 317 725 sint
334 687 464 738 plebi,
494 687 608 724 nobis
628 687 836 738 vigilantia
855 685 1016 724 sollers:

74 774 83 790 ι
140 754 397 806 tranquillam
414 754 559 791 faciam
577 757 724 793 securis
744 754 894 792 civibus
912 753 1066 790 urbem.

31 817 113 867 540
138 834 211 859 nos
229 835 364 860 curam
377 823 497 860 vestri
514 823 708 873 gerimus,
735 835 809 860 nos
830 828 959 859 vestra
977 827 1149 856 tuemur.

141 887 286 926 credite
299 919 309 938 ‚
338 903 419 927 non
439 891 589 941 patitur
604 891 824 929 saeclormn
845 895 953 928 secta
971 899 1151 924 meorum

142 957 309 994 iniustos
326 959 478 995 saevire
497 957 579 996 diu.
637 958 858 1008 componite
880 968 1026 1003 mores,

142 1037 166 1061 a
182 1024 298 1062 furtis
318 1023 498 1063 cohibete
514 1038 657 1063 manus
669 1054 680 1074 ,
711 1031 859 1062 cessate
875 1037 1033 1061 nocere.

142 1090 279 1130 discite
295 1093 506 1141 iustitiam,
535 1093 671 1143 leg-um
687 1099 896 1144 praecepta
914 1097 1062 1129 tenete.

31 1154 112 1202 845
139 1160 332 1197 iustitiam
356 1161 579 1212 quicunque
600 1161 696 1198 facit
709 1190 720 1209 ,
750 1161 837 1198 fora
855 1160 967 1197 nulla
984 1157 1163 1211 timebit:

139 1228 268 1264 omnis
291 1229 364 1265 erit
383 1226 508 1266 iudex
524 1227 830 1266 informidabilis
849 1228 925 1266 im.

141 1295 324 1345 corripiet
344 1302 475 1333 sontes
495 1297 594 1333 iuris
612 1297 740 1347 vigor.
798 1302 882 1333 este
904 1293 1043 1347 quieti.

142 1362 177 1400 si
198 1364 350 1401 socium
372 1365 501 1401 socius
515 1393 525 1412 ‚
556 1365 590 1401 si
616 1365 744 1401 civem
766 1365 862 1400 civis
884 1362 1046 1408 amabit,

141 1443 223 1467 non
243 1430 373 1468 solum
391 1432 515 1481 optati
533 1431 664 1468 tribuo
681 1431 906 1482 spectacula
925 1430 1032 1477 circi,

31 1496 113 1540 850
140 1499 316 1549 praemia
338 1496 410 1535 sed
429 1498 587 1551 populis
609 1504 647 1536 et
663 1500 841 1536 maxima
862 1497 964 1535 dona
983 1494 1146 1548 parabo.

143 1564 276 1603 ditabo
294 1566 432 1616 plebes
454 1567 615 1620 opibus,
643 1578 869 1618 nomenque
887 1571 1078 1615 negatum

143 1633 368 1671 oonsulibus
389 1635 527 1671 oonsul
542 1641 632 1684 post
651 1641 829 1685 tempora
850 1634 976 1671 multa
996 1631 1167 1679 novabo,

139 1699 310 1752 gaudeat
326 1708 370 1739 ut
389 1708 495 1739 totus
516 1704 658 1739 Iustini
674 1715 838 1740 munere
857 1700 1047 1739 mundus.

142 1767 245 1807 dona
266 1768 518 1808 calendarum
534 1778 747 1823 properant
764 1772 894 1808 vicina
912 1780 1092 1807 mearmn
1105 1778 1118 1804 ε

30 1833 112 1879 855
139 1849 209 1873 vos
228 1839 368 1874 vestris
392 1837 542 1876 adstote
562 1839 680 1887 locis,
710 1844 941 1890 properate,
971 1843 1121 1888 parate,

139 1906 411 1958 promissaque
429 1905 494 1944 die
509 1913 663 1945 nostras
677 1913 831 1958 sperate
849 1900 1046 1943 curules.”

27 1996 40 2026 ι,
140 1975 302 2023 expavit
320 1973 498 2025 gaudens
518 1976 679 2028 inopino
700 1976 863 2012 nomine
883 1974 1028 2024 vulgus

141 2041 311 2078 consulis
331 2040 490 2080 audito:
519 2049 637 2080 natus
659 2043 812 2093 fragor,
842 2043 951 2094 itque
971 2042 1167 2080 tumultus

140 2121 213 2159 per
231 2109 355 2147 laetos
374 2110 516 2161 ingens
534 2111 669 2148 fremit
689 2110 867 2162 undique
885 2123 1080 2158 murmur,

25 2174 113 2217 ,360
139 2177 464 2229 ingeminantque
485 2190 601 2216 cavos
621 2178 728 2216 dulci
742 2178 1014 2215 modulamine
1032 2178 1211 2229 plausus·

195 2246 351 2283 Interea
366 2245 438 2283 lati
454 2247 626 2297 spoliant
647 2247 834 2285 subsellia
855 2247 970 2293 circi3

141 2310 317 2364 undique
335 2314 563 2364 plorantum
582 2314 786 2352 descendit
802 2315 917 2352 turba
935 2315 1124 2361 virorum,

143 2385 182 2415 et
197 2381 336 2431 positis
354 2387 479 2419 totam
502 2381 646 2420 chartis
666 2383 848 2433 implevit
867 2395 1029 2419 arenam

143 2453 232 2484 ante
251 2448 380 2499 ipsam
400 2449 552 2488 domini
573 2449 731 2499 sedem,
761 2451 961 2502 largisque
981 2445 1154 2500 rigantes

33 2510 115 2555 865
144 2525 211 2550 ora
227 2515 302 2551 viri
319 2517 492 2556 lacrimis
513 2525 551 2556 et
571 2525 696 2556 terrae
714 2531 874 2569 corpora
895 2517 1033 2556 dantes

144 2581 186 2617 in
205 2580 324 2620 facies
345 2584 520 2623 cecidere
539 2599 644 2623 suas.
697 2581 911 2624 “miserere
924 2616 934 2634 ‚
963 2580 1181 2637 perimus‚”

109 2696 114 2704 Ι
145 2649 318 2686 insonuit
334 2664 416 2689 vox
433 2665 577 2704 magua
594 2653 676 2691 diu.
730 2648 845 2705 “lege
864 2668 972 2693 sacra
992 2657 1165 2707 parentis

144 2715 388 2769 syngrapha,
419 2719 467 2758 de
486 2723 605 2760 tantis
622 2723 815 2760 rationem
831 2724 973 2776 collige
992 2724 1151 2764 chartis.

0 2653 18 2752 :Nkaim
8 2632 14 2637 A

6 2815 23 2842 ,2.
3 2749 27 2812 :3252-

1381 97 1475 143 185
