1702 3060
474 111 716 155 VONCKH
747 112 1070 159 PRAEFATIO,
1447 125 1504 154 ιν

36 220 217 272 =Gnrlppo
251 233 395 272 agens:
453 222 602 268 Iuvat,
639 224 790 276 inquit,
831 223 992 265 ultimos
1022 224 1233 263 Romanae
1263 221 1505 272 eloquentiae

51 296 214 330 conatus
229 303 308 327 non
325 291 585 341 adspernari,
614 294 686 329 etsi
702 291 824 342 vulgo
844 293 976 334 minus
995 290 1145 329 nobiles
1163 289 1400 333 habeantur.

159 357 231 395 Sin
253 371 346 396 vero
370 357 478 396 hisce
503 359 839 397 observationibus
863 361 1007 398 nostris
1031 365 1236 400 occurrant
1264 357 1461 410 quaedam
1480 370 1503 394 a

35 423 306 464 -Rittershusio
328 433 395 463 aut
412 427 488 464 alio
511 429 699 478 quopiam
718 428 798 466 iam
817 434 1046 478 praecepta,
1078 426 1219 465 eadem
1234 426 1314 463 illis
1335 425 1503 464 adscribi

46 489 303 534 vehementer
322 496 460 545 cupioz
491 507 620 546 neque
640 496 766 544 enim,
790 501 947 545 praeter
966 497 1096 532 Ruizii
1117 494 1331 532 editionem
1352 494 1501 544 princi-—

46 571 140 610 pem
165 566 204 597 et
231 561 474 612 Dempsteri,
503 562 624 599 aliam
640 561 773 604 videre
793 564 976 612 contigit,
1005 575 1104 614 quas
1126 569 1164 600 et
1184 564 1311 612 ipsas,
1345 568 1388 598 ut
1409 563 1501 613 plu-

45 627 167 676 rlmu‚
193 625 316 666 debeo
330 626 567 671 humanitati
584 632 631 669 V.
652 631 695 668 C.
714 631 823 667 Petri
841 630 1086 681 wesseling.
1144 643 1227 667 non
1244 631 1378 681 itaque
1400 628 1500 666 mihi

42 693 176 737 fraudi
206 708 292 733 esse
318 697 532 747 voluerim,
566 699 600 736 si
627 700 695 751 qui
723 706 814 736 ante
843 712 916 736 nos
941 705 1075 736 nostra
1103 698 1205 735 sorte
1234 696 1428 744 dixerint,
1457 702 1501 733 ut

42 760 220 803 Donatus
247 764 464 815 inquiebat.
522 766 595 804 sed
625 774 663 804 et
689 780 812 819 quem
834 766 1051 805 laudabam
1075 765 1219 813 modo,
1247 763 1435 802 Barthius
1458 764 1500 801 in

42 827 376 872 Adversariorum
397 834 529 884 libris,
562 837 777 884 Corippum
792 835 974 885 plurimis
995 836 1091 872 locis
1110 841 1177 871 aut
1197 832 1412 869 illustrarat
1433 838 1502 869 aut

41 896 270 936 emendarat
284 928 294 947 ‚
330 914 431 952 quae
466 903 598 938 omnia
622 899 701 937 huo
723 906 899 950 repetere
921 902 1050 940 inanis
1073 898 1170 941 duxi
1191 911 1348 948 operae.
1406 899 1500 935 nul-

39 963 100 1003 las
119 978 235 1016 porro
258 967 418 1006 lacunas
439 975 507 1006 aut
526 967 677 1006 defecta
692 968 780 1004 loca
798 968 983 1018 supplere
1005 978 1214 1017 aggressus
1235 978 1338 1002 sum.
1396 963 1499 1004 nihil

0 1035 1 1038 ’
38 1034 150 1072 enim
167 1035 353 1071 incertius
370 1041 408 1071 et
424 1035 674 1072 arbitrarium
689 1036 818 1086 magis
835 1048 993 1086 semper
1011 1032 1159 1071 credidi
1181 1046 1301 1085 quam
1318 1041 1497 1075 veterum

38 1107 242 1140 auctorum
257 1103 410 1152 scriptis
429 1103 570 1151 verba,
600 1103 670 1142 ubi
689 1102 826 1141 deesse
846 1103 1104 1150 videbantur,
1131 1101 1315 1140 infarcire
1327 1132 1337 1150 ,
1372 1116 1497 1154 quum

34 1167 137 1208 forte
165 1169 294 1207 millia
326 1170 421 1209 talia
448 1178 628 1214 nostrum
657 1173 881 1222 excogitare
911 1172 1035 1223 possit
1064 1171 1293 1220 ingenitun,
1325 1184 1497 1223 quorum

34 1248 87 1277 ne
116 1250 242 1275 111111111
270 1237 432 1289 quidem
465 1240 561 1290 ipsis
589 1241 632 1276 in
658 1247 835 1282 mentem
864 1241 1029 1278 venerit.
1088 1237 1220 1275 docuit
1248 1252 1342 1276 sane
1369 1253 1495 1290 expe-

35 1305 176 1346 rieutia
195 1306 436 1346 coniecturas
454 1307 649 1349 eiusmodi
664 1309 835 1351 nimium
854 1315 1047 1362 ,quantum
1066 1320 1152 1345 esse
1170 1307 1354 1356 lubricas,
1381 1309 1495 1359 sique

34 1370 188 1414 codices
206 1374 370 1424 scriptos
387 1375 582 1425 consulas,
607 1375 809 1420 evidenter
827 1376 1017 1428 adparere
1035 1376 1170 1414 falsas.
1231 1374 1339 1427 quod
1359 1381 1397 1411 et
1419 1373 1496 1412 du-

34 1438 132 1482 dum
150 1443 227 1479 viri
246 1441 350 1485 docti
370 1443 642 1485 observarunt,
701 1445 749 1482 ab
771 1446 820 1488 iis
846 1447 980 1496 itaque
1014 1442 1122 1495 (uno
1143 1443 1245 1483 forte
1266 1442 1352 1482 loco
1373 1454 1493 1478 exce-

32 1515 120 1560 pto,
148 1512 218 1562 qui
238 1513 468 1561 perspicuus
494 1507 604 1560 erat)
635 1510 831 1558 abstinui,
866 1523 981 1548 voces
1002 1516 1159 1547 tantum
1181 1515 1402 1558 corruptas,
1436 1510 1492 1546 si-

33 1577 195 1629 quidem
214 1575 315 1614 mihi
334 1578 433 1615 tales
451 1577 697 1627 viderentur,
727 1591 866 1616 sanare
878 1608 888 1626 ,
919 1585 986 1615 aut
1001 1577 1180 1615 versibus
1199 1574 1337 1612 ordine
1358 1578 1491 1615 minus

33 1651 144 1683 recto.
172 1645 367 1686 collocatis
401 1647 704 1697 transpositione
732 1659 884 1684 novave
912 1646 1227 1697 interpunctione
1251 1642 1405 1681 mederi
1424 1645 1491 1680 in-

31 1713 163 1760 stitui,
189 1714 380 1752 nonnulla
409 1716 529 1752 etiam
554 1727 576 1751 a
600 1715 689 1752 crisi
708 1716 842 1756 miuus
861 1716 1083 1753 necessan'a
1106 1711 1321 1752 vindicare.
1381 1711 1489 1764 quod

11 1787 77 1817 rut
105 1781 220 1820 nobis
250 1783 500 1832 successerit,
523 1781 699 1826 iudicent
725 1782 808 1825 alii.
865 1781 939 1822 sed
964 1783 1008 1821 in
1034 1795 1120 1827 rem
1146 1787 1397 1834 praesentem
1415 1795 1487 1822 ve-

30 1861 201 1888 mamus.
