1702 3060
431 64 645 110 IUSTINI
677 65 918 111 MINORIS
949 66 1055 110 ΠΒ.
1074 67 1150 111 ΠΙ.

174 170 260 211 iure
280 186 372 212 suas
392 173 594 227 dispensat
616 190 734 228 opes,
774 189 852 229 quo
873 179 1048 216 continet
1065 179 1215 216 orbem.

173 247 314 292 sponte
331 240 471 281 damus
491 242 622 295 dignis
635 274 645 292 ,
674 243 850 295 indignis
868 252 1008 295 sponte
1025 259 1232 296 negamus.

174 314 218 346 tu
235 322 422 350 numeros
439 313 615 350 numeris
639 318 678 349 et
698 313 801 349 vires
823 313 974 351 viribus
997 312 1120 351 audes

60 374 144 418 355
173 390 396 436 exaequare
414 379 546 418 meis?
575 381 719 417 nostris
738 393 820 417 non
838 378 999 418 fidimus
1021 383 1154 430 armis,

173 457 400 499 quanquam
418 446 598 485 ductores
610 477 620 496 ‚
651 448 808 484 numeri
831 447 1033 500 fortesque
1050 449 1212 499 tribuni,

174 514 340 551 subiecti
356 527 468 566 reges
490 522 529 552 et
548 522 687 566 gentes
705 515 886 553 subditae
905 514 1120 564 abundent,

173 589 268 634 quot
285 581 440 620 caelum
457 589 588 632 guttas
606 584 750 631 mittit,
787 590 883 635 quot
901 584 1012 620 littus
1031 596 1185 621 arenas.

171 647 279 702 quod
296 663 415 701 super
431 657 512 699 est,
539 664 744 703 tulumque
762 664 899 688 meum
918 653 1088 702 speciale
1107 653 1304 699 levamen,

56 717 139 758 360
166 717 324 768 imperii
345 717 442 756 deus
463 725 523 755 est
545 720 669 757 virtus
691 726 729 757 et
749 721 875 770 gloria
892 720 1030 768 nostri,

167 797 192 822 a
210 798 288 838 quo
310 793 414 824 certa
438 787 567 835 salus,
599 795 799 838 sceptrum
819 786 936 824 datur
952 793 1070 838 atque
1090 794 1288 838 potestasr,

167 854 237 904 qui
252 854 421 904 populos
443 855 617 892 clemens
637 869 756 906 super
776 856 910 893 omnia
928 866 1049 905 regna
1067 857 1230 893 Latinos

167 922 392 971 constituit,
422 935 640 974 pacemque
656 936 770 960 suam
790 921 1043 960 commendat
1063 925 1210 971 amari3

166 991 277 1027 cuius
296 1003 366 1041 spe
382 991 564 1038 fruimur,
596 991 706 1027 cuius
722 991 865 1027 virtute
885 989 1074 1040 superbos

51 1058 135 1101 365
165 1056 397 1105 deiicimus,
428 1059 539 1095 cuius
563 1058 731 1108 populos
754 1059 900 1109 pietate
921 1064 1104 1107 tuemur-3

162 1126 232 1178 qui
248 1132 402 1166 nostros
423 1132 542 1176 auget
561 1126 662 1162 mira
680 1127 825 1163 virtute
846 1125 1083 1177 triumphos.

161 1195 285 1244 ipsius
299 1191 510 1231 laudamus
531 1206 650 1244 opus,
680 1194 888 1246 solumque
908 1195 1117 1240 timemus3

158 1260 264 1299 huuc
283 1275 409 1299 unum
427 1263 593 1299 colimus
613 1273 751 1311 regem
769 1259 1055 1314 dominumque
1076 1263 1260 1300 fatemur.

160 1338 399 1380 cognoscant
413 1333 563 1368 Avares
581 1330 768 1382 quonlam
790 1327 887 1366 deus
906 1332 1154 1381 omnipotens
1175 1339 1247 1369 est.

47 1401 130 1442 370
158 1399 283 1437 fastus
302 1411 384 1437 non
403 1401 598 1451 patimur:
628 1403 767 1447 gentes
786 1398 932 1434 servire
952 1399 1130 1436 volentes

159 1468 397 1518 suscipimus
411 1496 420 1514 ,
452 1465 644 1518 donisque
661 1464 834 1502 humiles
854 1472 891 1502 et
911 1463 1062 1503 honore
1076 1467 1271 1506 levamus.

157 1536 325 1588 quisque
347 1547 437 1571 suas
456 1541 658 1571 mensuret
676 1547 771 1584 opes
791 1534 975 1585 viresque
997 1547 1174 1582 suorum,

159 1615 251 1640 cum
267 1603 378 1654 queis
395 1602 502 1639 bella
520 1610 653 1653 gerat,
685 1603 757 1640 sub
780 1615 856 1654 qua
877 1615 947 1652 spe
970 1606 1183 1654 sumpserit
1202 1617 1332 1653 ar1ua3

158 1669 337 1708 divinum
355 1671 514 1709 sibimet
531 1672 622 1722 plus
639 1673 818 1709 consulat
836 1669 942 1708 uude
960 1678 1117 1723 petatur

42 1740 126 1783 375
156 1740 375 1787 auxilium3
405 1746 590 1790 poterunt
609 1741 643 1777 si
662 1740 827 1776 numina
849 1751 951 1776 vana
970 1746 1173 1790 potentem

154 1819 383 1859 oppugnare
405 1806 546 1855 deum3
576 1809 610 1846 si
629 1809 782 1859 possint
802 1814 941 1858 sponte
960 1808 1096 1844 venire

151 1875 367 1928 persculpti
388 1873 562 1925 lapides,
593 1874 735 1912 surdae
753 1881 966 1926 mutaeque
985 1875 1148 1926 figurae,

153 1950 429 1994 monstraque,
459 1956 560 1995 quae
579 1945 697 1981 variis
719 1949 878 1981 exstant
902 1943 1067 1980 conflata
1091 1944 1279 1982 metallis.

153 2013 189 2051 si
208 2012 317 2049 caelo
334 2012 452 2049 tellus
468 2012 623 2048 bellum
640 2018 774 2049 movet
787 2041 797 2059 ,
834 2024 944 2048 arma
964 2011 1102 2049 feretis

43 2083 124 2126 380
150 2093 222 2119 vos
237 2081 358 2118 armis
375 2079 539 2118 adversa
553 2080 668 2117 meis.
727 2080 783 2128 si,
808 2079 994 2127 barbare,
1025 2081 1155 2117 nescis

152 2147 251 2202 quid
267 2149 391 2187 virtus
411 2151 588 2186 Romana
604 2154 756 2199 potest,
788 2149 950 2198 antiqua
971 2148 1142 2198 require,

153 2230 254 2270 quae
276 2218 414 2268 proavi
432 2223 562 2268 patres
582 2223 619 2254 et
639 2218 703 2253 avi
723 2222 886 2267 potuere
910 2216 1058 2252 Latini.

151 2284 249 2338 quid
265 2291 398 2322 noster
414 2286 546 2322 senior
560 2286 688 2335 potuit
704 2291 836 2335 pater,
866 2284 1008 2331 inscie,
1041 2281 1162 2332 disce,

149 2353 222 2391 sub
243 2366 320 2405 quo
340 2351 548 2391 Vandalici
572 2351 796 2389 ceciderunt
817 2358 947 2401 strage
967 2352 1127 2402 tyranni

38 2419 120 2463 385
149 2420 389 2472 edomitique
409 2421 545 2468 Getae,
575 2420 701 2471 pubes
713 2420 994 2468 Alamanuica,
1023 2419 1165 2456 Franci

151 2495 284 2541 totque
305 2490 405 2526 aliae
424 2495 585 2539 gentes3
614 2489 846 2540 famosaque
868 2501 988 2538 regna
1011 2501 1083 2539 per
1101 2488 1238 2526 orbem

152 2556 275 2594 ardua
293 2558 366 2595 sub
383 2559 527 2595 nostris
548 2558 742 2594 flectentia
762 2557 862 2593 colla
880 2554 1093 2607 triumphis

154 2637 358 2676 suscepere
376 2627 536 2676 iugum,
565 2632 720 2663 mentes
738 2625 969 2677 animosque
988 2623 1132 2662 dedere

153 2693 310 2733 servitio
321 2722 333 2743 ,
359 2694 551 2747 uobisque
569 2702 731 2732 manent
750 2708 801 2732 ex
818 2693 932 2733 hoste
950 2691 1103 2732 fideles.

1428 68 1524 114 197
