1702 3060
391 106 603 150 IUSTINI
634 105 875 149 MINORIS
909 104 1015 148 LIL.
1043 105 1080 149 Ι.

119 217 208 256 luce
228 229 299 255 sua
321 215 479 256 radians
500 224 539 255 et
559 223 693 268 aperto
713 216 838 254 libera
861 217 985 265 caelo,

119 285 329 336 conspicuo
350 287 466 323 vitrei
487 284 700 336 splendens
720 285 878 335 fulgore
902 285 1080 335 metalli3

13 348 92 396 1oe
120 350 251 389 dicere
275 354 309 390 si
326 354 387 391 fas
405 359 485 401 est,
515 354 623 390 rutili
641 366 721 389 non
741 351 879 402 indiga
900 354 1010 402 solis,

121 420 188 458 vel
205 421 300 458 solis
322 419 490 459 dicenda
509 420 674 468 domus3
707 421 931 470 gratissima
953 423 1043 459 visu

122 495 162 526 et
179 489 280 526 facie
302 487 484 526 miranda
502 489 592 526 loci.
651 501 743 539 pars
764 489 954 539 prospicit
971 501 1051 525 una

120 557 361 596 immensmn
378 557 568 608 pelagus3
598 569 689 607 pars
711 558 870 607 respicit
890 556 1011 593 altera
1031 562 1204 607 portum,

123 631 282 677 portum
297 637 418 677 quem
436 626 619 676 geminae
639 625 894 675 complexam
913 622 1075 661 brachia
1096 626 1207 675 ripae

14 691 94 739 105
119 693 328 732 moenibus
345 695 556 746 appositiS,
585 691 742 744 rapidos
765 699 1014 730 contemnere
1037 699 1176 730 ventos

121 768 162 799 et
180 762 353 811 faciunt,
382 762 650 814 praebentque
672 761 802 798 salum
823 761 991 798 statione
1012 761 1216 811 quietum:

121 843 339 882 aequoreos
359 830 548 880 frangunt
567 829 719 867 obiecto
739 841 936 866 marmore
953 828 1107 876 fluctus,

123 905 163 935 et
182 896 396 949 prohibent
415 898 557 935 refluas
578 898 755 948 angustis
774 897 955 934 faucibus
977 895 1119 934 undas.

124 968 273 1018 gratior
292 966 361 1003 ille
378 966 455 1002 fuit
474 964 646 1003 dominis
665 965 776 1002 locus
789 994 799 1013 ,
829 963 936 1002 unde
958 964 1140 1002 solebant

17 1022 96 1079 110
122 1034 369 1086 midivagnm
386 1039 562 1085 spectare
582 1033 729 1070 fretum
751 1045 967 1085 curvasque
987 1035 1141 1071 carinas

126 1104 260 1143 omnia
277 1108 478 1140 vectantes
498 1102 648 1151 gemini
669 1103 906 1139 commercia
925 1099 1083 1141 mundi.

124 1171 208 1210 iulo
231 1184 252 1208 e
271 1170 400 1208 stratis
421 1181 658 1219 consurgens
680 1171 852 1221 impiger
869 1170 959 1208 altis

125 1241 273 1276 electus
290 1239 474 1290 princeps
494 1244 643 1274 secreta
663 1239 704 1274 in
725 1245 835 1289 parte
852 1237 1029 1286 sedebat,

123 1314 243 1359 atque
262 1313 418 1344 ostensa
436 1305 513 1342 sibi
534 1318 646 1342 carae
666 1306 862 1343 referebat
881 1308 1046 1345 amanti.

18 1374 96 1421 115
179 1376 287 1412 Dum
304 1375 480 1426 loquitur
496 1379 716 1424 pensatque
734 1375 801 1424 pia
826 1388 916 1412 cum
941 1377 1107 1426 coniuge
1128 1389 1254 1425 curas,

125 1444 266 1483 limina
286 1455 395 1480 sacra
413 1449 544 1493 patres
566 1439 727 1478 deiectis
748 1442 922 1481 vultibus
943 1445 1113 1481 intrant:

127 1513 197 1552 ille
217 1509 375 1548 habitus
396 1522 532 1547 casum
550 1510 674 1559 signis
697 1513 932 1547 monstravit
953 1513 1114 1562 apertis.

128 1592 338 1618 surrexere
357 1579 445 1626 citi,
486 1577 697 1628 verbisque
720 1578 761 1613 in
779 1576 873 1614 sede
893 1580 1040 1618 relictis

129 1647 181 1687 ad
198 1646 352 1685 medios
373 1659 517 1683 venere
534 1646 657 1682 locos·
709 1639 836 1698 “quid
858 1647 990 1695 fertis,
1022 1647 1171 1687 amiel?

22 1720 100 1760 120
129 1730 199 1754 cur
214 1718 346 1755 tristes
357 1712 376 1752 ’ἔ
387 1709 409 1726 ”
439 1715 613 1751 Iustinus
638 1715 707 1754 ait.
760 1709 899 1766 “pater
918 1717 1076 1754 inclitus
1097 1719 1203 1756 orbis

130 1783 274 1824 occidit
293 1797 344 1821 an
364 1784 462 1821 vivit
477 1777 526 1820 '2²¹
579 1796 726 1834 magno
748 1790 842 1821 tunc
865 1787 972 1836 regia
997 1786 1091 1824 ssetu

127 1854 336 1904 ingemuit.
394 1853 566 1902 gemitus
585 1865 665 1888 uno
686 1852 884 1890 Calinicus
905 1853 1055 1891 ademit

128 1935 197 1961 ora
212 1933 397 1973 premens
421 1919 566 1971 digito,
598 1918 819 1973 dextraque
839 1922 996 1959 silentia
1018 1923 1128 1962 fecit.

131 2002 277 2040 aggere
298 2002 379 2026 non
402 1989 517 2025 aliter
540 2001 631 2027 cum
650 1990 752 2026 vioto
775 1989 923 2027 flumen
948 1991 1149 2031 inmidans

26 2058 101 2101 125
129 2059 172 2099 in
188 2058 290 2098 latos
315 2058 486 2109 erumpit
505 2069 619 2107 agros
637 2086 647 2105 ‚
678 2059 712 2095 si
733 2059 883 2095 cautior
901 2060 986 2097 illic

130 2125 376 2176 marginibus
397 2126 542 2176 sparsis
566 2131 712 2162 erectas
733 2126 895 2176 colligat
915 2126 1044 2166 undas

132 2193 305 2244 agricola
320 2222 330 2241 ,
359 2194 402 2230 in
420 2206 506 2231 sese
526 2193 670 2230 refluus
689 2194 938 2232 revocabitur
955 2197 1098 2245 amnis,

130 2263 366 2313 praecipites
385 2262 590 2299 frenantur
606 2274 732 2313 aquae
746 2291 756 2310 ‚
787 2261 889 2300 redit
907 2265 1079 2315 impetus
1098 2267 1242 2316 onmis,

133 2336 171 2366 et
189 2329 314 2367 clausi
332 2329 470 2367 bibula
491 2331 566 2368 rivi
581 2332 815 2368 minuuntur
836 2344 969 2369 arena.

25 2398 104 2441 130
124 2391 384 2435 “Romanum
404 2398 638 2448 imperium,
668 2401 771 2450 patri
794 2398 889 2437 dum
909 2401 990 2437 vita
1006 2401 1207 2452 manebat,

133 2466 272 2503 vestris
298 2466 471 2503 consiliis
491 2468 713 2519 vestrisque
738 2468 939 2505 laboribus
963 2464 1121 2506 auctum

136 2538 174 2569 et
195 2532 302 2583 plebi
322 2539 461 2570 notum
481 2541 539 2572 est
563 2542 602 2573 et
621 2549 692 2574 nos
714 2550 805 2573 cum
820 2537 936 2587 plebe
955 2538 1140 2586 fatemur,

137 2599 380 2649 Augustum,
410 2603 580 2652 Iusfine,
612 2617 752 2654 genus.
813 2611 850 2641 te
871 2606 1050 2656 principe
1071 2605 1252 2656 dignum,

139 2672 176 2704 te
196 2665 400 2707 domiuum
423 2682 556 2711 sacrae
580 2674 670 2728 quis
687 2686 767 2711 non
786 2673 1031 2728 praedixerit
1050 2675 1177 2723 aulae,

26 2743 94 2779 124
115 2741 215 2788 eum]
236 2743 418 2790 legebatur
438 2757 548 2792 quam.

1372 102 1467 159 169
