1702 3060
255 153 319 198 52
855 153 1072 196 CORIPPI

364 262 458 299 litus
478 269 702 307 arenosu1n3
731 265 824 297 tunc
842 260 1013 298 tristibus
1036 265 1125 299 aera
1144 261 1301 299 turbant

366 328 518 365 flatibus
531 355 541 374 ‚
571 325 742 363 adversis
764 325 983 364 scindentes
1001 328 1135 364 nubila
1151 329 1302 366 flabris:

363 395 418 431 sic
438 404 593 442 campos
612 392 712 428 acies
732 389 860 431 densis
880 395 1055 431 Romana
1075 395 1237 432 catervis

255 460 336 500 260
364 459 511 505 turbat,
543 464 580 494 et
603 458 781 496 absentes
801 461 930 510 pulvis
949 461 1029 496 iam
1048 461 1268 512 comprimit
1283 458 1428 499 hostes.

365 530 499 561 cautus
517 525 565 560 ab
584 523 744 562 adversa
762 533 979 564 metuentes
998 541 1092 579 rupe
1113 528 1318 577 Mela-ugus

364 589 483 638 vidit3
513 597 551 627 et
570 592 718 641 ingenti
736 593 896 631 turbans
916 595 1082 631 clamore
1104 593 1278 631 cohortes

363 657 525 694 barbara
543 660 652 708 signa
669 658 789 696 dedit.
845 661 1035 710 paulatim
1055 661 1230 712 linquere
1249 673 1405 711 campos

363 723 574 773 incipiunt,
605 732 643 761 et
660 732 742 762 tuta
761 727 862 762 acies
880 740 950 776 per
969 734 1091 764 castra
1113 726 1339 765 recondunt.

256 787 337 830 265
419 791 471 826 At
491 792 650 827 veniens
670 791 780 828 fortis
793 820 802 838 ,
835 793 1002 829 vallatus
1021 800 1058 830 et
1077 796 1253 844 agmine,
1284 792 1419 830 ductor

365 856 562 893 montibus
579 858 620 892 in
638 858 801 893 summis
822 856 1016 894 adstantes
1038 861 1223 909 conspicit
1241 858 1386 908 hostes,

366 923 657 974 incolumesque
679 936 769 960 suos
792 922 967 973 gaudens
986 926 1154 974 suscepit
1179 931 1351 962 ovantes.

365 986 478 1036 hinc,
507 989 589 1024 fera
609 1001 707 1039 quae
728 991 852 1026 saevis
875 997 912 1026 et
934 991 1059 1027 tristia
1076 991 1180 1027 bella
1199 991 1353 1042 periclis

365 1062 538 1105 gesserat
558 1056 626 1091 illa
647 1068 810 1103 manus,
842 1056 1033 1104 referunt,
1063 1056 1273 1107 faucesque
1299 1057 1506 1108 malignas.

255 1122 336 1161 270
363 1122 552 1171 praecipit
569 1122 652 1172 ipse
668 1123 762 1158 viris
779 1122 902 1159 fossas
923 1129 960 1159 et
981 1129 1103 1160 castra
1121 1123 1248 1159 locare

364 1187 461 1225 haut
480 1189 615 1239 procul
637 1187 798 1225 adverso
817 1190 1004 1237 nimitun,
1035 1188 1105 1226 sed
1120 1190 1294 1239 protinus
1307 1217 1318 1237 ,
1347 1187 1472 1228 hoste.

367 1254 571 1304 perficitmt
591 1262 795 1305 praecepta
818 1257 905 1303 citi,
938 1256 1177 1307 planumque
1195 1270 1265 1307 per
1285 1269 1429 1309 aequor

368 1319 535 1357 candida
550 1333 646 1357 mox
664 1323 788 1357 niveis
809 1322 932 1371 figunt
949 1324 1113 1359 tentoria
1131 1323 1243 1359 velis.

368 1384 434 1422 hic
450 1388 625 1423 Romana
642 1399 781 1423 manus
800 1389 935 1436 positis
951 1389 1161 1425 fortissima
1181 1388 1313 1425 castris

258 1449 338 1491 275
367 1465 438 1502 per
454 1454 606 1490 varium
627 1451 804 1489 discurrit
829 1466 939 1502 opus.
995 1467 1085 1504 pars
1105 1467 1211 1490 arma
1233 1454 1384 1504 reponit

368 1518 447 1554 alta
466 1519 579 1566 locis,
608 1525 746 1570 pensat
762 1517 962 1570 pharetras
985 1532 1170 1571 arcusque
1190 1519 1372 1557 retendit.

370 1582 490 1620 ardua
511 1597 609 1636 quae
631 1586 743 1622 celsis
764 1591 980 1622 sustentent
1002 1587 1088 1623 vela
1107 1587 1311 1635 columnis,

370 1649 505 1687 ordine
526 1651 723 1702 configunt
738 1653 858 1702 pratis
877 1652 920 1688 in
939 1653 1123 1689 mollibus
1145 1650 1300 1700 hastas3

371 1723 486 1768 atque
505 1716 626 1755 hastis
645 1719 756 1755 solite
774 1731 845 1768 per
863 1731 1019 1768 campos
1038 1725 1144 1755 scuta
1164 1719 1374 1767 reclinant3

260 1783 341 1824 280
369 1783 584 1835 loricasque
601 1797 738 1835 graves
757 1792 795 1821 et
817 1797 934 1821 conos
953 1785 1121 1835 pellibus
1140 1791 1274 1835 aptant

365 1852 598 1900 suppositis3
630 1849 792 1900 glandes
814 1857 852 1887 et
872 1857 998 1886 cetera
1015 1851 1095 1887 tela
1117 1857 1321 1901 reponunt.

369 1914 543 1965 alipedes
560 1918 717 1954 meritos
736 1930 825 1967 pars
846 1917 967 1952 altera
990 1917 1136 1967 colligit
1156 1916 1308 1965 ardens,

369 1983 514 2032 pabula
530 1990 631 2020 certa
647 1984 789 2021 serens.
848 1983 972 2034 epulis
989 1984 1095 2020 volat
1112 1985 1179 2020 ille
1198 1981 1381 2034 parandi⁸

373 2047 530 2087 doctus:
559 2054 655 2087 aena
673 2051 805 2088 locans
824 2051 991 2087 flammis
1012 2051 1195 2087 alimenta
1217 2052 1434 2098 ministrat3

263 2114 343 2157 285
370 2113 436 2152 hio
460 2115 609 2165 gelidos
626 2117 752 2154 fontes
771 2124 910 2167 puteo,
939 2118 1158 2168 raptimque
1173 2130 1243 2167 per
1258 2115 1397 2154 herbas

371 2183 549 2220 incurvos
565 2190 675 2234 parat
692 2184 759 2220 ille
777 2190 881 2221 toros
895 2213 904 2230 ‚
939 2190 977 2220 et
996 2183 1142 2220 fercula
1161 2185 1272 2234 ponit

372 2256 499 2286 comta
517 2250 614 2286 focis
635 2257 771 2300 aptans
790 2248 952 2300 dapibus
969 2249 1240 2301 mandansque
1259 2251 1426 2288 fluentis.

425 2315 622 2353 Maximus
642 2317 789 2355 interea
812 2329 921 2353 curas
940 2317 1010 2354 sub
1030 2324 1183 2368 pectore
1205 2315 1339 2354 ductor

371 2381 573 2429 volvebat,
604 2380 754 2419 diversa
774 2396 956 2430 movens,
987 2390 1198 2435 gentesque
1218 2384 1400 2434 locosque

263 2449 346 2490 290
375 2449 622 2499 captivosque
646 2449 782 2497 simul,
808 2450 957 2487 bellum
980 2463 1076 2502 quos
1093 2451 1271 2500 gentibus
1290 2450 1404 2487 Afros

265 2545 331 2580 258
354 2545 539 2579 scindentes
555 2545 603 2586 L,
626 2544 849 2580 scindentibus
868 2547 900 2579 T
991 2548 1054 2581 261
1079 2549 1255 2580 uetuentes
1272 2547 1304 2580 T
1389 2547 1454 2582 254
1475 2546 1635 2581 recedunt
1650 2547 1689 2580 M

265 2592 333 2624 270
356 2590 504 2636 precepit
522 2592 554 2623 '1'
685 2592 748 2625 271
773 2596 831 2623 aut
851 2592 883 2624 Τ
1013 2592 1095 2625 ibid.
1119 2591 1285 2636 proximus
1309 2592 1341 2624 T
1469 2594 1536 2627 277
1559 2592 1636 2627 celis
1658 2593 1690 2625 T

265 2635 332 2670 285
357 2637 478 2680 puteo]
495 2639 608 2681 portat
623 2635 663 2669 M
749 2636 828 2668 ibid.
844 2635 1028 2680 raptimque
1043 2637 1083 2676 L,
1099 2640 1277 2680 raptatque
1294 2637 1332 2670 M
1336 2636 1366 2671 Γ
1452 2639 1519 2672 287
1535 2642 1632 2671 conta
1650 2638 1689 2676 T,

268 2685 387 2714 cuncta
417 2681 446 2714 L
578 2681 658 2714 ibid.
690 2680 771 2714 locis
802 2682 833 2714 Τ
963 2681 1046 2714 ibid.
1078 2680 1223 2714 fluctetts
1257 2682 1288 2714 Τ
1417 2683 1486 2717 290
1511 2683 1616 2719 affros
1649 2683 1689 2723 Τ,

267 2725 357 2759 Afris
373 2725 412 2759 Μ
419 2738 428 2758 =
452 2726 495 2760 cf.
510 2725 586 2760 331.
610 2731 644 2760 ct
660 2726 780 2771 ubique
796 2725 868 2760 Afri
885 2730 962 2759 sunt
976 2725 1208 2772 provinciales.
