1702 3060
277 123 309 170 7
313 123 341 168 6
881 122 1095 166 CORIPPI

278 234 357 274 130
384 245 486 269 nunc
508 231 674 279 Stntias,
707 230 914 282 ipsumque
931 229 1030 268 mihi
1049 231 1203 268 fortuna
1223 230 1412 271 dedisset!

385 305 451 334 aut
470 297 586 334 simul
608 297 756 333 alterno
774 298 988 348 patuissent
1006 303 1160 348 pectora
1178 296 1292 346 ferro,

385 369 423 398 et
443 369 592 411 raperet
608 363 688 400 fors
705 376 820 400 saeva
839 362 956 411 duos3
986 370 1052 400 aut
1071 376 1206 414 corpus
1224 363 1370 402 arundo

383 427 541 464 vulnere
560 429 668 465 letali
688 429 836 466 fixisset
854 443 967 467 saeva
987 431 1154 481 tyranni.

380 493 444 530 vel
462 507 618 530 mecum
635 496 799 545 pariter,
823 498 858 534 si
875 499 930 535 sic
947 509 1035 534 mea
1051 497 1131 533 fata
1148 495 1356 544 minantur,

274 559 352 602 135
379 562 538 598 crimine
557 563 679 598 civilis
700 569 827 600 careat
845 577 904 601 res
922 564 1076 614 publica
1093 557 1212 599 belli?

436 628 541 663 Dum
561 635 691 665 movet
712 630 779 666 ille
799 630 923 677 viros,
951 628 1118 666 inimicis
1135 628 1310 678 improba
1331 629 1450 679 signis

384 706 471 729 ecce
491 694 591 731 acies
611 696 780 744 Massyla
799 696 894 742 ruit3
924 696 1091 746 ripisque
1107 693 1315 746 propinqui

382 759 572 806 fluminis,
602 766 682 795 arte
707 758 806 808 doli,
836 761 953 811 longo
974 762 1078 798 stetit
1099 760 1232 799 ordine
1254 764 1420 811 compta.

381 831 473 860 tunc
495 825 664 875 primum
682 826 856 864 volucres
874 839 1047 877 pugnam
1065 840 1220 865 movere
1239 828 1421 878 sagittae:

278 889 356 931 140
384 892 504 940 impia
529 898 696 942 pennato
715 892 912 942 finguntur
933 905 1089 944 corpora
1108 893 1224 930 ferro.

383 963 488 994 trans
506 957 668 994 fluvium
686 957 826 996 cedens
846 961 946 997 acies
963 961 1119 997 inimica
1137 966 1344 996 retrorsum

383 1024 493 1059 ssexit
512 1036 654 1074 equos:
683 1026 876 1075 sequitur,
907 1025 1034 1063 densis
1055 1033 1093 1062 et
1111 1026 1275 1062 fiumina
1287 1026 1375 1062 telis

383 1092 596 1139 perrumpit
610 1091 766 1127 levitate
786 1103 867 1128 sua.
923 1105 1002 1129 non
1018 1093 1084 1128 ille
1101 1091 1301 1142 periclum,

382 1167 462 1190 non
482 1162 647 1192 mortem
666 1163 842 1194 metuens
860 1159 933 1195 iter
951 1157 1200 1195 inremeabile
1219 1157 1367 1205 transit,

275 1217 351 1261 145
380 1219 604 1272 invaditque
625 1223 747 1270 viros,
776 1222 898 1260 veluti
918 1230 1085 1261 vastator
1107 1223 1277 1272 acerbus,

384 1285 569 1337 diripiens
588 1295 760 1325 armenta
778 1290 839 1325 leo
858 1296 1062 1341 taurosque
1078 1290 1238 1337 feroces,

380 1351 486 1390 hunc
507 1354 618 1403 fugat
637 1352 740 1390 hunc
758 1361 915 1391 mactat.
972 1357 1088 1392 currit
1107 1354 1302 1405 dispersus
1320 1354 1464 1406 ubique

380 1431 478 1469 grex
500 1420 677 1470 pavitans
696 1427 903 1471 pastorque
922 1421 1058 1470 fugax.
1100 1422 1206 1458 ‘furit
1223 1422 1291 1457 ille
1313 1423 1477 1458 cruentis

383 1484 562 1522 dentibus
577 1514 586 1533 ‚
618 1492 655 1522 et
671 1486 770 1523 latos
786 1487 930 1537 frangit
948 1486 1175 1538 manditque
1193 1499 1263 1537 per
1281 1492 1406 1537 agros.

272 1552 351 1594 150
378 1552 568 1602 Massylas
586 1553 687 1589 acies
707 1554 762 1589 sic
783 1552 866 1590 dux
881 1556 1021 1591 virtute
1038 1552 1230 1591 Iohannes

378 1618 578 1666 turbabat,
605 1618 745 1656 mediis
761 1627 1006 1670 prosternens
1024 1621 1160 1657 funera
1179 1619 1340 1669 campis.

379 1683 484 1720 hunc
501 1685 650 1721 imitata
671 1684 806 1723 cohors
822 1685 961 1736 gladiis
979 1686 1142 1736 fugitiva
1159 1691 1340 1736 perurget

381 1752 537 1799 agmina
556 1751 826 1789 transfodiens.
883 1752 988 1789 volat
1003 1753 1140 1802 igneus
1162 1765 1327 1804 aequore
1344 1758 1424 1790 toto

383 1829 473 1853 cmn
489 1818 601 1854 sociis
620 1817 702 1855 dux
717 1820 801 1869 ipse
819 1819 972 1866 furens,
1002 1820 1233 1870 Maurosque
1250 1819 1408 1869 fugaces

276 1883 352 1925 155
380 1885 626 1935 persequitur
645 1898 714 1921 ceu
734 1886 855 1922 victor
874 1897 1006 1921 ovans.
1061 1885 1140 1922 iam
1162 1886 1348 1934 sanguine
1366 1885 1494 1923 multo>

383 1962 490 1986 arma
512 1951 659 1999 calent3
689 1951 848 1987 rubrum
867 1958 991 2001 gestat
1013 1953 1091 1988 iam
1111 1950 1271 1987 dextera
1288 1951 1433 1988 ferrum

379 2028 543 2066 pugnax
562 2018 696 2055 militis
717 2025 830 2069 atque
855 2016 976 2054 ducis.
1033 2030 1102 2067 pro
1125 2020 1236 2054 sortis
1258 2018 1415 2069 iniquae

379 2084 488 2119 triste
507 2082 637 2121 nefas!
670 2097 691 2121 o
713 2082 858 2134 grande
877 2082 1045 2120 malum!
1075 2085 1155 2120 iam
1176 2090 1340 2122 cesserat
1358 2083 1479 2123 hostiS

379 2150 524 2198 victus,
552 2157 590 2187 et
606 2149 787 2187 adversas
805 2151 950 2200 passim
967 2163 1037 2201 per
1052 2157 1160 2201 prata
1181 2157 1351 2188 catervas

269 2217 347 2256 160
377 2217 570 2253 sternebat
587 2218 783 2255 Romanus
803 2230 920 2269 eques
938 2219 1135 2269 victorque
1153 2218 1329 2266 necabat,

377 2295 466 2318 cum
486 2283 610 2319 subito
635 2283 779 2320 Stutias
800 2283 939 2320 mediis
959 2297 979 2320 e
997 2285 1161 2321 vallibus
1181 2290 1294 2320 atrox

382 2349 494 2398 signa
514 2361 673 2386 movens
690 2350 845 2387 inimica
863 2351 958 2398 ruit,
989 2352 1210 2402 crimenque
1226 2349 1354 2386 Latini

378 2415 546 2451 nominis
567 2417 832 2466 Hermogenes
851 2418 996 2467 pariter
1013 2419 1241 2468 Taurusque
1258 2417 1448 2453 feruntur.

377 2479 449 2517 hos
473 2482 646 2532 sequitur
667 2484 841 2519 Romana
860 2496 1019 2531 manus,
1047 2496 1127 2520 non
1146 2489 1298 2529 nostra,
1328 2482 1505 2519 rebelles.

272 2547 347 2588 165
374 2554 467 2583 tunc
489 2549 628 2584 iterum
648 2549 799 2586 miseris
817 2551 960 2598 pariter
984 2562 1208 2586 concurrere
1230 2549 1319 2585 telis

267 2644 332 2679 131
357 2644 455 2678 semel
485 2645 578 2690 apud
605 2644 645 2678 M
785 2645 849 2679 137
882 2645 1020 2679 massiua
1054 2646 1086 2679 Τ
1216 2644 1280 2680 143
1313 2643 1496 2691 prorumpit
1525 2640 1618 2690 apud
1648 2645 1688 2678 M

270 2689 337 2723 152
358 2689 498 2734 gladiis]
522 2690 649 2735 gelidus
666 2690 717 2733 Τ,
740 2689 854 2734 ingens
869 2690 910 2724 Μ
1041 2691 1101 2726 161
1127 2701 1148 2725 e
1162 2690 1220 2733 M,
1246 2694 1281 2725 et
1298 2691 1336 2725 Τ.
