1702 3060
276 131 368 180 152
879 134 1098 178 CORIPPI

380 253 499 292 quem
515 242 625 278 iuxta
647 242 802 291 sapiens
822 241 1047 279 Reciuarius
1065 240 1223 279 horrida
1238 242 1344 282 bella

269 308 350 348 290
377 315 532 358 pectore
551 307 739 356 pensabat
756 307 929 358 placido,
958 322 1153 360 sensuque
1175 311 1306 360 sagaci

379 386 603 422 percurrens
621 376 746 411 varios
765 375 962 425 relegebat
980 378 1020 412 in
1044 375 1178 413 ordine
1203 389 1329 415 casus.

380 439 538 475 alternis
560 442 708 478 animos
727 442 949 478 relevabant
970 442 1128 479 vocibus
1147 443 1275 491 ambo,

379 511 590 556 mutuaque
614 520 665 543 ex
689 509 809 545 oculis
833 508 987 544 arcebat
1013 508 1144 545 fabula
1167 522 1338 547 somnos.

378 584 400 608 o
423 574 600 622 quotiens
624 573 752 610 abiere
773 587 906 624 pares,
937 573 1214 627 dominumque
1231 583 1430 626 potentem

265 637 347 680 295
373 651 442 689 pro
467 652 614 687 rerum,
643 641 798 690 populi,
827 641 974 691 Libyae
994 644 1225 693 propriaque
1243 644 1368 680 salute

374 716 464 740 cum
488 704 658 742 lacrimis
675 708 820 756 petiere
843 705 929 744 diu!
958 720 1031 744 nec
1051 707 1178 744 fundit
1194 710 1331 747 inanes

373 771 493 808 tristis
516 778 679 823 uterque
696 785 845 823 preces.
902 780 1056 811 orantes
1076 774 1174 811 vidit
1192 775 1240 812 ab
1259 777 1339 813 alta

371 836 463 874 sede
484 843 613 888 pater,
643 844 833 875 terrarum
849 841 983 876 orbem
1002 842 1069 891 qui
1085 841 1251 878 fulmine
1267 849 1406 891 terret3

370 910 407 940 et
427 903 546 940 finem
563 906 748 954 imposuit
762 912 868 943 tanto
887 913 975 957 post
995 907 1098 943 bella
1117 907 1256 945 labori.

260 972 342 1011 800
427 970 710 1007 Marmaridum
730 973 876 1009 interea
896 975 1094 1010 nocturnis
1120 972 1250 1011 dedita
1269 975 1388 1012 sacris

370 1044 493 1073 castra
513 1037 705 1084 fremunt,
735 1044 983 1090 statuuntque
1005 1052 1110 1087 aras,
1146 1047 1185 1077 et
1204 1042 1336 1078 inania
1354 1048 1517 1092 poscunt

367 1105 542 1141 numina.
599 1102 816 1154 producunt
834 1103 1002 1154 pecudes
1022 1106 1158 1143 altaria
1180 1107 1339 1155 circum,

369 1177 407 1206 et
429 1169 597 1206 fundunt
618 1172 806 1207 miserum
830 1173 920 1208 rivis
943 1185 1012 1221 per
1035 1178 1145 1222 prata
1166 1185 1356 1210 cruorem.

372 1235 414 1273 hi
439 1244 608 1273 mactant
633 1238 788 1285 Gurzil,
817 1238 875 1274 illi
893 1238 987 1284 tibi,
1018 1239 1194 1287 corniger
1209 1239 1402 1288 Ammon3

261 1301 341 1343 305
370 1304 604 1354 igniferique
624 1304 755 1340 colunt
774 1317 873 1355 quae
891 1306 1032 1340 Mazax
1050 1306 1209 1340 numina
1226 1306 1361 1342 Martis

371 1372 529 1420 accipit,
557 1377 674 1420 atque
698 1369 816 1407 deum
831 1371 926 1407 belli
945 1378 1054 1421 putat
1071 1383 1154 1407 esse
1175 1377 1395 1421 potentem3

367 1438 575 1473 Mastiman
593 1437 682 1473 alii:
711 1438 937 1474 Maurorum
957 1436 1032 1474 hoc
1051 1439 1208 1474 nomine
1227 1444 1362 1487 gentes

367 1504 608 1540 Taenarium
628 1502 763 1540 dixere
782 1505 935 1551 Iovem,
968 1505 1030 1540 cui
1050 1517 1239 1554 sanguine
1259 1505 1384 1542 multo

366 1567 530 1606 humani
554 1571 707 1619 generis
727 1577 918 1607 mactatur
935 1571 1092 1606 victima
1111 1572 1224 1621 pesti.

252 1638 334 1677 310
361 1649 431 1686 pro
453 1637 580 1673 scelus
603 1634 840 1673 infaustum!
874 1638 1042 1686 gemitus
1062 1637 1318 1684 miserabilis,
1347 1649 1461 1676 auras

362 1703 535 1754 undique
556 1705 801 1751 concutiens,
833 1703 1066 1740 clamoribus
1086 1702 1243 1740 aethera
1261 1704 1405 1754 pulsat.

360 1772 550 1821 imprimit
567 1769 631 1807 hic
653 1771 800 1807 ferrum
818 1770 965 1819 iugulis
977 1798 987 1816 ,
1019 1777 1056 1806 et
1075 1771 1233 1807 vocibus
1251 1771 1381 1820 ipsum

361 1851 509 1873 numen
535 1839 636 1887 agit,
667 1835 884 1887 dubiasque
903 1848 1044 1872 vocans
1062 1838 1170 1872 exire
1187 1850 1258 1886 per
1275 1837 1432 1874 umbras

361 1906 453 1941 solis
470 1906 544 1940 iter
560 1910 709 1940 tentare
729 1903 850 1939 iubet.
907 1908 1000 1938 tunc
1019 1915 1126 1938 more
1141 1903 1303 1952 profano

250 1972 331 2013 315
361 1970 547 2022 diripiunt
566 1968 761 2020 pecudum
778 1969 893 2006 fibras
918 1974 956 2004 et
978 1968 1057 2004 fata
1078 1971 1292 2020 requirunt.

360 2044 553 2088 presserat
569 2039 642 2073 ista
666 2035 761 2073 deus
774 2065 784 2083 ‚
814 2033 1053 2086 surdumque
1073 2034 1123 2071 ad
1144 2036 1315 2071 carmina
1331 2048 1476 2075 numen

361 2117 476 2142 omne
498 2104 592 2140 fuit:
623 2103 723 2139 nulli
743 2103 872 2139 retulit
891 2114 1073 2151 responsa
1092 2101 1285 2138 sacerdos.

414 2169 618 2218 Phoebus,
649 2170 696 2206 ab
716 2169 858 2205 interni
878 2166 1128 2217 resplendens
1149 2169 1325 2217 margine
1343 2169 1453 2216 caeli,

363 2238 506 2274 Oceani
531 2237 735 2287 rumpebat
758 2247 902 2286 aquas,
931 2234 1148 2284 meliorque
1169 2246 1373 2283 resurgens

249 2308 330 2346 320
359 2305 505 2340 lumine
529 2304 723 2352 fulgentes
745 2301 873 2338 radios
893 2299 1075 2336 tendebat
1092 2301 1132 2337 iu
1154 2301 1301 2349 orbem,

362 2371 468 2407 felici
488 2376 669 2405 nascente
689 2368 773 2415 die3
803 2369 960 2417 iamque
980 2365 1113 2403 ordine
1136 2374 1238 2403 certo

358 2436 611 2474 Christicolae
628 2436 788 2470 veniunt
806 2434 940 2483 populi
953 2461 964 2480 ‚
993 2434 1167 2469 Romana
1188 2434 1368 2469 iuventus

358 2502 676 2553 magnanimique
694 2499 810 2537 duces
822 2529 832 2548 ,
862 2500 983 2548 signis
1007 2498 1278 2536 comitantibus
1298 2509 1391 2534 una.

245 2624 310 2657 291
337 2621 446 2654 uarias
464 2622 495 2654 Τ
610 2618 677 2654 304
699 2618 752 2653 hic
771 2618 804 2650 Τ
911 2617 994 2649 ibid.
1017 2615 1084 2660 illi]
1109 2614 1177 2649 miti
1194 2615 1266 2648 ΜΤ
1373 2614 1439 2650 305
1461 2613 1627 2658 hignifero
1645 2614 1676 2645 Τ

244 2668 315 2746 :⁹232
334 2667 453 2746 dnum]
477 2664 600 2699 domini
617 2666 649 2700 Τ
767 2663 836 2698 310
857 2661 994 2706 geminis
1013 2663 1044 2696 '1'
1154 2661 1220 2696 313
1243 2671 1361 2694 nomen
1379 2660 1411 2693 'I'
1519 2660 1586 2694 316
1609 2669 1673 2703 quc
