1702 3060
415 133 491 174 DE
525 131 798 176 LAUDIBUS
832 132 1054 176 IUSTINI.
1363 130 1459 179 401

35 238 262 295 ilysnauseam
281 246 408 294 usque
427 247 466 279 et
486 239 663 279 taedium
680 242 864 292 legentis.
923 242 980 281 sic
998 240 1192 280 barbarae
1210 249 1248 280 et
1266 243 1461 282 immanes

34 299 184 337 *stiones
204 310 317 349 reges
337 311 450 346 suos,
482 311 572 335 cum
590 299 666 335 alia
686 300 851 336 numina
869 311 950 335 non
966 297 1176 347 haberent,
1207 298 1302 337 deos
1321 313 1460 338 cense-

24 351 118 402 ant,
147 360 194 392 ut
227 353 276 392 de
307 355 462 392 Hulmis
487 355 621 392 scribit
642 356 798 392 Priscus
821 353 972 392 Rhetor
990 357 1033 392 in
1057 356 1362 405 Legationibus,
1393 363 1461 394 aut

33 407 71 448 ei
109 410 234 459 filios,
277 418 322 448 ut
359 409 408 448 de
447 412 713 449 Ta1u1estanis
751 409 1082 463 Theophylactus
1119 412 1336 450 Simocatta
1363 416 1389 455 7
1418 414 1460 453 9.

35 474 168 506 amm.

72 551 74 555 ,
113 524 238 560 Lnnu
255 523 279 562 3
304 535 344 560 v.
368 524 404 562 1.
460 522 654 574 Augusti.
717 523 774 560 sic
802 523 936 559 curavi
967 520 1269 571 excudendum,
1301 538 1393 562 cum
1418 526 1460 561 in

22 579 186 621 mnibus
218 575 408 616 hactenus
442 579 646 630 impressis
676 576 888 616 haberetur
912 578 1129 629 Augustus
1139 607 1155 625 ,
1184 581 1314 618 male:
1366 593 1460 617 nam

30 634 142 686 eil-gil.
162 636 262 672 Aen.
282 637 334 676 7:
372 642 547 685 augusta
576 634 634 671 ad
658 636 813 671 moenia
839 636 962 686 regis,
993 641 1032 672 et
1064 643 1208 673 tectum
1240 644 1461 688 augustum

26 702 156 744 agene.
216 691 376 728 Servius
404 689 519 728 docet
544 691 780 742 Augustum
805 690 936 728 locum
960 705 1038 728 esse
1058 693 1230 743 augurio
1254 707 1460 730 consecra-

23 758 106 793 um,
134 747 178 784 in
197 760 274 798 quo
286 754 446 797 poterat
464 746 604 784 haberi
620 755 792 784 senatus.
855 748 965 786 Suet.
986 749 1091 799 Aug.
1112 751 1152 788 7.
1209 756 1323 788 vetus
1340 754 1460 801 poeta

22 802 112 855 {pud
130 804 337 851 Tacitum,
367 809 412 840 ut
432 810 548 854 puto,
581 802 630 841 de
657 805 843 841 German.
863 804 1063 842 moribus:
1096 806 1279 855 auguriis
1294 813 1460 856 patrum

15 860 188 911 «ipris-ca
193 859 418 911 formidine
434 873 608 897 sacrum.
669 860 742 898 Sil.
761 860 849 897 Ital.
875 862 919 901 1:
950 861 1162 898 concilium
1185 870 1301 899 vocat
1324 876 1460 914 augu-

18 916 108 954 ’ᾶιηι
129 922 316 967 castaque
335 914 466 952 beatos
477 923 718 966 paupertate
729 923 877 966 patres.
940 915 1026 953 dlxi
1058 916 1107 954 ad
1140 919 1291 955 consul.
1311 921 1337 960 6
1355 921 1459 956 Hon.

25 969 209 1010 thadim.
229 971 384 1009 collecti
400 971 599 1009 trabeatus
613 972 703 1008 adit
719 971 886 1008 delubra
911 979 1084 1010 senatus.
1118 974 1307 1012 Dmurs‘r.
1364 974 1462 1012 Au-

21 1030 164 1080 ansuis]
193 1029 336 1065 melior
363 1040 483 1065 sonus
508 1028 707 1079 Augusti,
736 1026 808 1064 sed
834 1027 977 1066 talibus
1009 1027 1052 1065 id
1079 1042 1223 1066 aevum
1246 1031 1462 1081 ignoscen-

20 1097 112 1123 tum.
168 1084 426 1122 memorabile
455 1091 588 1121 autem
619 1090 657 1120 et
684 1097 885 1121 summum
913 1084 1109 1134 elogium,
1141 1084 1249 1136 quod
1275 1085 1370 1123 huic
1391 1089 1461 1124 Iu-

15 1141 104 1178 stino
138 1139 250 1178 dedit
279 1141 509 1191 posteritas,
555 1135 807 1180 δικαιότατον
834 1140 951 1177 illum
979 1141 1087 1178 velut
1117 1142 1457 1192 cognominando3

18 1195 109 1235 :dod
131 1209 280 1234 nomen
304 1209 384 1234 non
409 1195 569 1233 aliunde
597 1209 719 1248 quam
751 1196 799 1233 ab
826 1197 875 1233 iis
908 1198 1028 1247 gestis
1060 1199 1257 1247 accepisse
1288 1198 1458 1248 videtur,

19 1253 144 1304 quibus
171 1251 390 1290 secundum
418 1253 566 1290 librum
588 1253 728 1290 clausit
750 1253 966 1303 Corippus‚
998 1252 1107 1304 quod
1125 1255 1318 1291 nimirum
1337 1257 1458 1294 Iusti-

4 1309 110 1349 niani
141 1310 326 1347 avunculi
355 1307 488 1346 debita
523 1309 662 1357 solvit,
700 1310 939 1346 immensam
967 1310 1053 1346 auri
1084 1311 1167 1347 vim
1194 1310 1456 1361 impendens3

0 1358 110 1417 *qquod
140 1378 234 1403 sane
261 1378 342 1403 non
371 1365 500 1417 quivis
530 1366 745 1416 imperator
767 1365 947 1413 fecisset,
979 1378 1070 1402 cum
1089 1367 1219 1417 potior
1233 1367 1318 1404 fisci
1339 1381 1457 1406 causa

0 1422 88 1460 nisa
113 1421 266 1460 fuisset.
324 1422 382 1459 sic
409 1433 503 1459 vero
532 1419 581 1458 de
613 1434 659 1458 eo
688 1419 862 1458 eodinus
879 1422 922 1457 in
942 1423 1222 1460 commentario
1245 1425 1456 1477 παρεκβολ.

0 1483 116 1531 teuto.
137 1480 389 1518 Κωνσταντ..·
419 1473 515 1529 μετιὶ
540 1474 583 1517 δὲ
602 1474 671 1518 τόν
691 1473 873 1517 θάνατον
893 1473 1177 1519 Ἰουστινιανοῦ
1196 1477 1410 1532 ἐκράτησεν
1434 1479 1459 1523 ὅ

0 1529 172 1585 {amede
200 1529 330 1575 αὐτοῦ
355 1529 565 1580 Ἰουστῖνος
591 1531 617 1574 ό
646 1529 728 1574 ἆπό
755 1530 1091 1588 κουροπαλοὲτων,
1141 1533 1166 1576 ὅ
1198 1533 1458 1586 δικαιότατος.

0 1591 163 1629 &ha-ru.
925 1616 927 1620 v

112 1649 153 1688 8.
205 1653 330 1699 grata
354 1647 600 1699 reposuimus
625 1660 696 1699 pro
720 1654 828 1694 rata,
857 1645 965 1701 quod
986 1648 1028 1685 in
1051 1661 1113 1686 ms
1135 1646 1269 1686 codice
1291 1649 1455 1700 legeba-

0 1705 76 1741 ιώ.
132 1705 257 1742 Rmz.

109 1761 150 1801 6.
206 1760 349 1797 lacuna
364 1757 430 1797 hic
449 1766 543 1796 erat.
575 1759 756 1810 supplevi
769 1773 936 1810 pompa.
970 1760 1100 1798 Tacit.
1120 1761 1265 1798 Annal.
1285 1763 1334 1801 3:
1351 1761 1456 1812 sue-

0 1819 95 1858 runt
116 1817 188 1867 qui
199 1815 357 1867 publici
360 1815 525 1867 funeris
536 1829 731 1866 pompam
748 1817 999 1867 requirerent.
1061 1823 1101 1853 at
1118 1818 1305 1854 correctio
1324 1825 1384 1856 est
1402 1831 1454 1856 ex

0 1862 208 1919 aaudiani
228 1870 392 1924 epithal.
414 1874 517 1910 Hon.
542 1878 581 1909 et
601 1873 775 1909 Mariae:
814 1879 907 1909 ante
911 1873 1028 1923 sores
1047 1874 1130 1909 iam
1144 1886 1298 1924 pompa
1320 1881 1454 1920 sonat,

0 1925 226 1979 meritaque
241 1942 399 1966 sacram
410 1928 675 1979 praeradiant
689 1929 860 1965 ductura
880 1942 1039 1966 nurum.
1072 1930 1261 1967 Dmursr.
1301 1943 1456 1980 pompa

0 1973 102 2036 ’ΜΠ
130 1985 186 2022 ita
219 1983 359 2022 dextre
386 1985 563 2036 explevit
587 1984 772 2022 lacunam
791 1983 971 2023 Thomas
992 1986 1250 2036 Dempsterus
1265 2014 1275 2033 ,
1307 1993 1346 2023 et
1363 1992 1455 2023 ante

0 2032 94 2079 minu
119 2042 404 2079 coniectaverat
432 2041 542 2079 Elias
569 2039 793 2079 Putschius.
823 2043 988 2079 Bnmx.
1049 2041 1286 2092 turbaficit]
1312 2043 1368 2079 sic
1388 2055 1454 2079 re-

0 2083 131 2144 ditui,
161 2109 252 2134 cum
283 2104 399 2134 antea
426 2095 521 2134 hinc
551 2097 705 2135 abesset
735 2096 866 2134 turba.
900 2099 1023 2135 Rwr.
1082 2096 1346 2135 Rittershusio
1379 2096 1455 2135 ad-

0 2143 147 2249 aetior
161 2153 361 2204 supplenti
379 2152 515 2198 turba,
544 2153 616 2190 sed
635 2155 796 2191 restituo
816 2154 912 2190 ruit.
973 2154 1030 2191 sic
1046 2154 1212 2191 inferius
1233 2152 1259 2193 4
1288 2154 1355 2193 14.
1415 2161 1455 2192 et

60 2251 62 2253 ,
107 2221 204 2246 voce
240 2208 292 2246 ad
332 2208 636 2259 significandum
666 2208 934 2246 multitudinis
960 2209 1184 2247 festinantis
1220 2222 1454 2248 concursum

95 2278 117 2302 e
135 2266 258 2302 utitur
275 2266 485 2316 Virgilius,
514 2267 614 2302 Aen.
635 2267 662 2306 2
692 2264 746 2306 64
777 2272 815 2302 et
835 2266 977 2315 Georg.
999 2264 1025 2305 4
1056 2266 1152 2307 185.
1211 2265 1454 2305 Claudianus

15 2367 20 2372 .
44 2319 92 2363 ..4
108 2322 256 2359 consul.
276 2323 441 2359 Honorii
471 2334 510 2359 v.
531 2324 636 2363 623:
672 2322 765 2358 ausi
791 2320 1031 2359 Danubium
1060 2321 1262 2372 quondam
1292 2329 1454 2360 tranare

0 2367 215 2518 fflwmi
245 2379 289 2414 in
318 2377 456 2415 lintres
470 2378 634 2429 fregere
658 2391 814 2424 nemus,
844 2391 935 2414 cum
957 2377 1067 2415 mille
1086 2377 1257 2416 ruebant
1267 2393 1345 2430 per
1357 2380 1453 2429 flu-

11 2473 23 2482 „
119 2433 269 2484 plenae
285 2435 418 2471 cuneis
437 2433 677 2471 immanibus
697 2433 798 2471 alni.
856 2435 988 2472 Foee.
1060 2475 1064 2478 ,

108 2493 151 2532 7.
208 2489 362 2542 longis]
392 2489 468 2528 hoc
491 2503 542 2527 ex
563 2490 702 2541 virgil.
722 2491 824 2527 Aen.
847 2493 896 2531 2:
918 2488 1141 2540 porticibus
1169 2490 1299 2542 longi-5
1312 2490 1445 2541 sugit.

0 2547 1 2550 ’
28 2583 50 2601 ,s
121 2557 186 2584 ετ.
242 2544 385 2584 horum
423 2548 532 2584 enim
561 2547 735 2598 pretium
758 2547 800 2583 in
823 2545 1086 2598 longitudine.
1144 2548 1333 2598 Virgilius
1366 2548 1450 2583 Ae-

7 2640 11 2644 ,
93 2615 116 2640 e
135 2603 176 2643 2.
233 2602 397 2641 Plautus
419 2603 676 2641 Mostellaria.
732 2604 896 2640 ΒΑΜἩ.

113 2660 180 2700 10.
238 2660 355 2710 ceris]
394 2661 516 2697 cereis
549 2659 804 2710 imaginibus.
871 2659 976 2697 Plin.
1003 2657 1056 2699 35
1094 2661 1147 2699 2:
1188 2656 1306 2694 aliter
1338 2654 1454 2704 apud

48 2711 55 2718 ”
74 2712 85 2722 “
103 2726 164 2750 ree
191 2714 234 2751 in
257 2716 373 2753 atrii-⁹
399 2723 523 2753 erant.
585 2717 756 2766 expressi
783 2729 873 2754 cera
902 2715 1038 2752 vultus
1064 2712 1236 2765 singulis
1268 2712 1452 2761 dicpone-

4 2758 149 2819 batur
160 2771 364 2818 armariis,
392 2779 438 2809 ut
451 2779 574 2822 ees-ent
587 2773 799 2824 imagines,
829 2785 932 2824 quae
949 2771 1231 2809 comitarentur
1241 2765 1451 2819 gentilicia

13 2823 33 2843 s-

9 2924 34 2963 ᾗ·

7 2974 39 3011 ΞΥ
