1702 3060
228 211 282 242 xx
728 201 1169 244 MAZZUCCHELLII

230 308 334 345 tione
360 307 410 345 ad
438 322 549 346 suum
573 310 801 347 Salviauum
823 323 895 348 nos
916 309 1027 348 docet
1047 311 1094 346 ab
1114 313 1199 363 ipso
1220 311 1443 362 Hungariae
1461 325 1552 362 rege
1570 314 1652 350 Lu-

232 374 387 423 ‹lovico‚
427 377 495 426 qui
522 377 621 424 patri
649 389 718 411 suo
746 376 944 414 Vladislao
975 380 1159 416 successit
1189 392 1225 416 a.
1256 379 1381 426 1516,
1428 380 1653 427 obtinuisse,

231 449 439 492 antequam
459 442 611 477 Turcae
630 441 783 479 Budam
801 443 1108 493 ingrederentur,
1137 447 1264 483 varios
1282 445 1432 482 codices
1451 447 1654 482 Corviuia-

231 520 317 543 nos.
373 506 533 543 tandem
554 507 696 544 residui
715 508 795 550 400
816 513 964 547 circiter
984 510 1156 558 codices,
1189 511 1299 548 Buda
1322 525 1343 548 a
1363 510 1506 548 Christi
1525 512 1652 549 fideli-

231 573 303 610 bus
325 581 567 623 recuperata‚
596 575 788 611 Viennam
808 576 968 614 traducti
990 579 1145 614 suerunt
1164 591 1263 614 anno
1287 579 1403 626 1686,
1427 592 1507 615 11011
1523 586 1653 616 tamen

230 651 349 688 opera
368 640 565 676 Lambecii
579 668 589 687 ‚
629 647 671 677 ut
699 642 797 679 salso
826 651 956 680 narrat
974 643 1250 681 Tiraboschins
1273 645 1441 681 Historia
1461 659 1575 695 supra
1597 647 1655 681 ci-

231 711 311 740 tata
330 712 359 741 t.
383 707 406 744 6
428 720 468 756 p.
489 709 508 746 1
531 720 571 756 p.
595 707 693 748 159:
735 721 827 744 nam
855 711 937 758 ipse
955 711 1186 747 Lambecius
1208 725 1331 762 usque
1355 711 1402 747 ab
1423 725 1523 749 anno
1549 714 1656 752 1680

230 771 331 806 inter
345 773 454 807 vivos
474 785 557 808 esse
577 771 755 809 desierat.
811 781 888 811 tres
911 775 1061 813 codices
1084 783 1235 813 tantum
1255 778 1322 812 ille
1344 790 1380 813 a.
1406 780 1510 818 1666
1535 779 1655 815 Vien-

230 849 322 872 nam
347 851 368 872 e
389 835 561 873 Budensi
578 838 812 875 bibliotheca
831 842 1014 892 retulerat
1027 872 1036 889 ,
1066 845 1311 892 permittente
1331 844 1417 892 ipso
1437 845 1657 880 Tun-carum

230 902 379 939 domini
398 902 624 939 administro
639 933 648 948 ‚
678 913 721 940 ut
739 905 846 942 idem
860 908 1092 945 Lambecius
1113 915 1274 945 testatur
1301 910 1558 946 Commentar.
1585 909 1657 944 lib.

230 970 256 1007 2
278 982 310 1004 (τ.
332 971 356 1007 9
375 970 447 1004 col.
471 970 550 1008 948
572 967 662 1004 edit.
684 970 834 1005 citatae.

341 1033 453 1080 Quod
477 1047 568 1070 vero
600 1036 652 1070 ait
672 1036 848 1072 Struvins
880 1035 927 1072 de
956 1038 1193 1086 privatorum
1218 1034 1481 1087 bibliothecis,
1521 1039 1654 1077 dicen-

233 1101 327 1138 dum
347 1109 405 1137 est
421 1102 535 1137 etiam
561 1100 608 1136 de
626 1115 760 1138 museo
778 1104 971 1139 Trivultio
986 1133 995 1150 ,
1036 1106 1077 1139 in
1106 1117 1181 1155 quo
1212 1111 1289 1140 tres
1315 1103 1467 1140 codices
1486 1108 1658 1142 existunt

230 1169 405 1213 insignes
417 1196 427 1213 ‚
469 1169 500 1204 si
517 1169 764 1205 membranas
786 1171 1014 1219 scripturam
1041 1178 1078 1206 et
1094 1177 1250 1206 ornatus
1268 1172 1475 1220 praecipue
1493 1168 1656 1222 spectes,

229 1236 295 1285 qui
318 1233 468 1284 depicta
487 1233 693 1270 ostendunt
714 1242 918 1272 stemmata
940 1239 1050 1285 regni
1071 1238 1294 1286 Hungariae
1317 1243 1354 1272 et
1368 1235 1556 1286 praedicti
1575 1240 1657 1274 eius

232 1302 334 1349 regis
364 1300 572 1347 Matthiae,
625 1315 696 1337 nec
725 1315 803 1338 11011
830 1301 947 1339 huius
981 1303 1213 1339 emblemata
1244 1303 1363 1338 varia.
1420 1310 1511 1340 sunt
1537 1303 1657 1341 iidem

233 1366 463 1416 praegrandi
481 1368 625 1412 forma,
667 1375 704 1403 et
732 1370 901 1418 cooperti
931 1370 1032 1404 corio
1063 1381 1278 1418 purpureo,
1321 1370 1362 1404 in
1388 1382 1464 1421 quo
1481 1372 1659 1408 visuntur

234 1431 362 1468 adhuc
389 1434 576 1482 impressa
603 1432 829 1470 huiusmodi
860 1447 1012 1485 quoque
1038 1435 1205 1484 insignia
1233 1442 1386 1484 praeter
1412 1438 1519 1473 varia
1541 1451 1659 1476 aurea

234 1506 460 1534 ornamenta
474 1527 483 1544 ‚
515 1510 649 1535 omnes
670 1501 799 1535 Latini
822 1507 858 1535 et
879 1501 1034 1536 saeculo
1064 1500 1111 1540 15
1135 1500 1327 1551 descripti.
1383 1503 1426 1538 in
1448 1503 1658 1554 [11101111ᾶέ-

232 1566 372 1600 bentur
399 1565 560 1600 Ioannis
589 1566 831 1602 Damascena·
857 1567 1090 1609 sententiae,
1139 1568 1230 1602 ilem
1257 1566 1442 1604 Anselmi
1465 1571 1658 1620 archiepi-

233 1631 341 1679 scopi
370 1630 659 1667 C'cmtnarieneis
689 1631 960 1682 monologion,
999 1632 1168 1668 eiusdem
1193 1632 1402 1682 prologion
1413 1662 1428 1680 ,
1467 1650 1538 1672 cur
1563 1637 1659 1675 deus

234 1696 347 1732 homo
355 1723 371 1741 ,
411 1696 458 1733 de
478 1699 720 1746 processione
743 1699 785 1734 S.
816 1699 1013 1747 Spiritus,
1050 1699 1097 1734 cle
1112 1699 1350 1749 sermentato
1370 1707 1408 1736 et
1422 1702 1572 1747 azimo,
1612 1704 1660 1740 cle

235 1763 435 1800 voluntate
463 1763 611 1813 triplici
633 1764 698 1800 vel
721 1764 769 1800 de
793 1764 1142 1810 similitudinibus,
1189 1765 1237 1802 de
1266 1773 1452 1815 conceptu
1473 1768 1658 1818 virginis,

234 1830 282 1866 cle
302 1833 554 1867 sacramentis
574 1830 766 1866 ecclesiae.
828 1832 926 1868 alter
951 1833 1218 1881 complectitur
1250 1832 1533 1870 Commentan’a
1556 1836 1659 1872 Por-

227 1897 424 1946 phirlonis
455 1905 491 1933 et
518 1897 690 1933 Aer-onis
725 1899 769 1933 in
803 1898 1053 1946 QHoratium
1085 1897 1287 1935 Flaccum.
1347 1901 1458 1936 tertio
1491 1899 1658 1954 denique

235 1965 482 2000 continentur
500 1963 618 2011 haec,
659 1977 800 2014 nempe
819 1964 974 2000 La'e'rtii
993 1965 1183 2015 Diogenis
1200 1967 1302 2002 vitae
1319 1971 1436 2015 atque
1451 1969 1659 2015 sententiae

235 2043 367 2066 eorum
395 2032 465 2080 qui
491 2032 534 2067 in
550 2030 804 2079 philosophia
831 2031 1079 2076 claruerunt,
1118 2034 1330 2082 praemissa
1352 2033 1514 2082 epistola
1534 2034 1656 2070 inter-

235 2098 352 2147 pretis
371 2098 500 2132 Latini
527 2098 569 2132 F.
591 2097 786 2134 Ambrosii
810 2099 1050 2134 Traversarii
1071 2098 1378 2136 Camaldulensis
1405 2097 1456 2135 ad
1473 2100 1657 2138 Cosmum

234 2162 450 2209 Medicem3
490 2163 712 2199 Her-odoaca-
729 2164 776 2200 de
795 2165 877 2200 vita
897 2164 1064 2200 Homeri
1070 2191 1088 2208 ,
1126 2167 1188 2202 cui
1209 2168 1333 2216 praeit
1351 2167 1558 2216 Peregrini
1575 2167 1658 2204 Al-

235 2227 282 2264 lii
309 2229 527 2278 interpretis
559 2231 759 2279 praefatio
797 2230 855 2266 acl
886 2231 1146 2267 Lam-entium
1181 2232 1400 2278 stIe‹licem;
1455 2218 1660 2284 PVugilii

235 2295 419 2331 Maronis
446 2297 530 2331 vila
547 2310 619 2345 per
642 2297 847 2332 Donatum
869 2299 1174 2346 grammaticum
1201 2298 1304 2335 edita
1311 2313 1328 2346 ,·
1366 2299 1469 2335 vitae
1485 2312 1659 2349 quorun-

233 2361 329 2397 clam
347 2361 583 2398 Latinorum
598 2363 806 2411 poetarum
827 2376 854 2399 α
873 2363 1092 2400 Pc'andtdo
1115 2365 1239 2401 editae
1245 2379 1262 2411 ;
1295 2365 1505 2414 Pomponii
1524 2365 1658 2419 lusor-

235 2430 369 2463 tunati
390 2429 432 2464 in
456 2428 672 2465 MAnnaei
692 2430 853 2466 Lucani
875 2430 1024 2476 1¹itam;
1064 2444 1108 2466 ex
1128 2429 1511 2468 annumerationibus
1531 2432 1657 2469 Euse-

236 2492 292 2529 ln'i
314 2493 364 2530 cle
383 2494 617 2542 temporibus
632 2508 704 2544 per
732 2495 990 2544 Olympiadas
1001 2496 1209 2545 poetarum
1227 2497 1472 2546 quorundam
1489 2498 1658 2536 Latino.-

234 2574 323 2596 rum
353 2562 481 2607 1⁷itae5
526 2560 655 2598 Verba
683 2561 851 2597 MFabii
886 2562 1123 2611 Quintiliani
1147 2563 1195 2600 de
1221 2564 1458 2600 institutione
1489 2567 1658 2602 oratoria

235 2626 333 2664 libro
351 2627 497 2664 decimo
515 2642 605 2665 cum
623 2628 671 2665 de
686 2627 814 2678 po'e'tis
833 2629 991 2665 Latini-s·
1009 2635 1164 2666 tractat.
1225 2637 1301 2666 tres
1325 2631 1388 2667 isti
1410 2629 1561 2668 codices
1578 2645 1658 2669 mss

232 2694 456 2732 Corviniani
483 2694 664 2732 videntur
690 2693 789 2731 mihi
815 2696 1022 2746 praecipue
1051 2708 1103 2733 ex
1129 2694 1348 2732 charactere
1365 2695 1547 2746 descripti
1563 2698 1658 2733 Flo-

235 2763 404 2813 rentiae,
454 2775 530 2817 qua
559 2763 601 2799 in
628 2761 723 2800 urbe
753 2773 824 2799 rex
850 2761 1057 2812 Matthias,
1109 2769 1207 2800 teste
1237 2763 1392 2821 Struvio
1425 2763 1511 2800 loco
1539 2774 1656 2812 supra
