1702 3060
245 156 318 186 xvl
745 141 1181 184 MAZZUCCHELLII

246 251 400 291 videtur
422 258 552 289 autem
581 250 623 289 id
651 266 672 288 e
693 252 838 288 Graeca
866 251 1000 300 lingua
1024 249 1272 302 desmnptmn
1299 265 1349 289 ex
1371 255 1530 292 vocibus
1549 238 1672 308 κόραξ

245 334 346 371 puer
362 321 425 357 vel
436 319 577 369 pullus
595 325 661 355 aut
681 319 817 368 niger,
855 323 892 353 et
908 317 1029 365 ’ἵππος
1046 330 1166 368 equus
1177 333 1193 365 ,·
1234 320 1346 369 quasi
1364 318 1469 358 dicas
1486 310 1685 372 equuleus}

246 388 310 425 vel
336 387 447 436 niger
472 399 593 436 equas
607 413 621 429 ,
678 391 744 422 aut
776 385 891 421 etiam
917 397 1018 434 puer
1052 383 1095 421 id
1129 391 1187 423 est
1223 398 1356 422 servus
1381 385 1573 438 ab1equi⁸
1606 370 1686 437 vel-i

250 455 392 504 equi-so.
1680 492 1682 496 ,

354 519 439 555 Etsi
462 521 601 568 poema
623 519 670 556 cle
693 518 802 555 hellis
820 517 980 568 Libycis
1007 519 1100 555 olim
1126 518 1302 569 pluribus
1321 520 1362 555 in
1380 517 1575 558 codicibus
1599 520 1682 558 de-·

244 586 428 636 scriptum
449 586 660 633 exstiterit,
702 584 750 622 de
778 585 926 622 duobus
950 592 1102 622 tantum
1125 587 1262 622 notitia
1289 584 1341 622 ad
1367 571 1536 623 eruditos
1567 589 1670 624 viros

243 654 441 703 pervenit:
480 665 574 687 nam
601 653 738 689 tertius
763 653 1030 689 Trivultianus
1062 650 1263 702 hucusque
1294 652 1408 689 latuit
1429 653 1494 690 vel
1516 655 1671 703 penitus

244 722 400 770 ignotus
430 719 598 765 exstitit,
643 720 819 768 quamvis
840 720 881 755 in
905 719 1077 769 plurium
1099 717 1299 755 doctorum
1318 717 1523 755 hominum
1541 721 1670 756 mani-

243 787 316 823 bus
347 787 485 832 fuerit,
522 791 566 820 ut
590 784 692 820 iufra
722 783 880 821 docebo.
938 787 1197 836 antiquiorem
1226 784 1399 822 codicem
1424 785 1546 822 fuisse
1566 793 1672 836 patet

243 853 358 890 illum
386 852 454 902 qui
480 852 523 887 in
547 849 782 887 bibliotheca
809 850 1089 887 monachorum
1105 853 1249 888 Montis
1267 852 1398 888 Casini
1420 851 1489 889 diu
1506 853 1582 889 fuit
1599 852 1672 889 ad-

245 923 440 964 servatus,
481 928 622 966 nempe
651 929 672 952 a
701 917 854 953 saeculo
877 920 926 956 11
948 930 1071 966 usque
1090 915 1141 952 ad
1164 919 1225 956 16.
1277 912 1476 956 “Petrus’'
1501 932 1672 971 namque

241 977 514 1028 “diaconus‚”
541 989 585 1018 ut
615 984 669 1019 ait
687 984 899 1032 Fogginius
922 995 962 1032 p.
986 984 1057 1029 10,
1083 976 1107 994 ‘¹‘
1117 982 1159 1017 in
1179 980 1360 1020 Auctario
1386 982 1438 1020 ad
1456 983 1672 1022 chronicon

246 1050 452 1087 Casinense
470 1049 610 1085 Leonis
629 1050 856 1097 Marsicani,
896 1049 965 1085 ubi
988 1050 1090 1084 inter
1116 1049 1235 1085 libros
1259 1061 1356 1099 quos
1375 1047 1542 1088 describi
1561 1065 1674 1088 cura-

245 1117 302 1154 vit
321 1115 438 1151 abbas
457 1114 681 1152 Desiderius
692 1145 701 1163 ‚
736 1115 786 1152 ad
803 1118 1021 1152 Romanam
1038 1113 1263 1152 cathedram
1278 1121 1412 1164 postea
1430 1123 1584 1154 evectus
1602 1119 1673 1155 sub

248 1184 410 1222 Victoris
430 1185 456 1222 2
471 1184 627 1219 nomine
639 1212 648 1230 ‚
685 1183 930 1219 cresconiam
949 1189 1141 1219 memorat
1162 1181 1207 1218 de
1227 1180 1338 1218 bellis
1356 1179 1529 1230 Libycis.
1570 1181 1675 1220 hunc

250 1248 423 1286 codicem
459 1249 502 1284 in
525 1248 759 1286 bibliotheca
784 1250 1008 1286 monasterii
1037 1250 1181 1288 Montis
1215 1248 1345 1285 Casini
1377 1246 1506 1285 adhuc
1536 1262 1673 1300 super-

246 1317 366 1353 fuisse
395 1327 494 1351 anno
519 1314 623 1355 1532
650 1312 771 1353 novi''
800 1314 885 1368 (est
908 1315 1014 1352 idem
1040 1317 1250 1366 Fogginius
1281 1317 1348 1366 qui
1369 1314 1566 1367 loquitur)
1589 1311 1614 1329 “
1625 1329 1677 1354 ex

245 1395 306 1419 ms
326 1380 456 1418 codice
478 1382 663 1418 Vaticano
685 1384 787 1423 3961
805 1411 814 1430 ,
846 1384 914 1433 qui
931 1382 1103 1419 indicem
1122 1385 1291 1420 continet
1309 1383 1580 1420 casinensium
1593 1397 1675 1421 mss

246 1449 457 1485 Clementis
478 1450 504 1487 7
525 1448 634 1483 iussu
653 1448 884 1484 confectum.
929 1451 984 1485 sic
1004 1451 1109 1485 enim
1127 1450 1168 1485 in
1190 1449 1312 1486 classe
1331 1449 1520 1486 librorum
1543 1462 1676 1500 gram-

244 1515 486 1551 maticalium
508 1513 673 1562 legitur:
714 1512 812 1549 liber
836 1514 1032 1550 cresconii
1047 1515 1166 1563 incip.
1195 1510 1403 1552 Victoris-'²
1458 1518 1674 1566 suspicatus

245 1588 327 1619 erat
342 1581 554 1630 Fogginius
572 1580 636 1616 vel
658 1581 761 1615 male
786 1579 1002 1616 indicatum
1021 1579 1126 1616 hunc
1144 1579 1316 1616 codicem
1333 1581 1455 1617 fuisse
1472 1583 1538 1619 vel
1553 1586 1674 1620 muti-

243 1649 328 1685 lum
349 1647 562 1693 exstitisse,
602 1658 690 1681 cum
716 1651 814 1682 teste
845 1647 1080 1696 Cuspiniano
1099 1645 1290 1683 Budensis
1320 1647 1477 1683 initium
1504 1658 1675 1688 sumeret

246 1715 292 1752 ab
315 1713 421 1752 hisce
441 1713 589 1750 verbis:
632 1714 766 1763 signa,
795 1713 911 1750 duces
927 1720 1021 1750 etc.:
1052 1712 1121 1750 sed
1138 1727 1242 1750 nunc
1257 1719 1364 1764 patet
1380 1714 1610 1766 neutiquam
1631 1716 1674 1753 id

246 1795 342 1819 esse.
409 1782 489 1817 imo
527 1792 578 1816 ex
611 1779 680 1815 illa
712 1793 807 1816 voce
843 1781 1009 1818 Victoris
1042 1786 1189 1817 constat
1220 1781 1472 1817 Casinensem
1502 1781 1676 1820 codicem

237 1848 527 1899 praefationem
550 1847 668 1882 etiam
691 1844 872 1884 habuisse
884 1877 893 1895 ‚
941 1860 1060 1899 quam
1078 1859 1170 1897 prae
1191 1860 1231 1884 se
1247 1847 1322 1883 fert
1341 1858 1496 1897 quoque
1512 1848 1674 1886 Trivul-

246 1918 387 1952 tianus.
455 1920 586 1950 utrum
617 1912 756 1951 eadem
785 1916 948 1951 caruerit
974 1929 1035 1952 ms
1063 1913 1278 1961 Budensis,
1321 1925 1373 1948 ex
1399 1925 1475 1963 quo
1500 1917 1674 1954 recitavit

248 1983 506 2032 cuspinianus
530 1981 677 2030 priores
700 1982 872 2032 quinque
901 1995 1035 2019 versus
1062 1982 1253 2032 poematis
1281 1978 1456 2016 eiusdem
1480 1982 1522 2018 in
1540 1995 1609 2019 suo
1627 1983 1674 2020 cle

254 2047 486 2086 Caesaribus
508 2054 543 2083 et
560 2047 856 2096 imperatoribus
875 2050 972 2086 libro
986 2079 995 2097 ,
1035 2050 1103 2086 ubi
1125 2047 1173 2084 de
1190 2048 1402 2084 Iustiniano
1422 2049 1523 2098 agit,
1551 2050 1674 2088 ‘nobis

248 2129 327 2152 non
345 2115 481 2166 liquet.
540 2115 684 2150 etenim
707 2122 860 2164 praeter
882 2117 1038 2153 titulum
1058 2123 1095 2152 et
1121 2115 1209 2152 illos
1232 2116 1403 2166 quinque
1422 2127 1579 2163 versus,
1622 2129 1674 2152 ex

248 2182 387 2233 quibus
405 2195 445 2217 re
463 2194 554 2218 vera
582 2183 717 2232 incipit
743 2187 882 2232 poema
907 2185 1051 2234 quique
1075 2181 1250 2219 eiusdem
1270 2188 1543 2232 argumentum
1560 2182 1672 2220 nobis

248 2254 335 2284 ante
354 2248 484 2285 oculos
506 2255 678 2298 ponunt,
719 2248 820 2286 nihil
839 2249 947 2286 aliud
966 2249 1013 2286 de
1031 2251 1099 2286 illo
1117 2263 1178 2287 ms
1197 2250 1453 2300 Cuspinianus
1470 2248 1673 2286 nobiscum

247 2315 556 2351 communicavit.
613 2322 795 2352 neutrmn
832 2323 962 2354 autem
999 2329 1134 2353 eorum
1167 2315 1342 2354 codicum
1366 2313 1418 2352 ad
1446 2327 1519 2352 nos
1549 2328 1673 2367 usque

245 2371 495 2431 perdurasse,
538 2394 617 2418 non
643 2383 837 2420 immerito
868 2390 926 2421 est
952 2382 1180 2431 dicendum,
1220 2395 1310 2419 cum
1335 2379 1510 2419 nondum
1533 2386 1673 2432 poema

245 2447 345 2484 illud
372 2454 455 2485 tam
487 2447 554 2484 diu
583 2451 797 2500 expetitum
825 2451 868 2486 in
900 2451 1029 2487 lucem
1051 2451 1223 2495 venerit3
1253 2460 1326 2484 nec
1357 2446 1485 2485 adhuc
1512 2450 1599 2485 sciri
1624 2448 1671 2484 ab

245 2515 326 2552 ullo
340 2517 465 2565 potuit
484 2514 579 2566 quid
593 2517 671 2553 illis
693 2516 888 2554 codicibus
907 2517 1054 2553 factum
1075 2518 1136 2563 sit,
1166 2526 1290 2565 quove
1308 2515 1565 2563 pervenerint.
1625 2512 1673 2550 de

249 2582 450 2619 Gasinensi
478 2583 583 2619 enim
599 2584 809 2633 Fogginius
834 2584 915 2619 iam
936 2583 1061 2620 factus
1093 2583 1220 2618 fuerat
1245 2582 1399 2630 certior,
1439 2587 1483 2618 ut
1498 2582 1582 2631 ipse
1606 2582 1671 2627 ait,

221 2676 225 2681 .
250 2661 272 2684 a
289 2649 371 2686 viro
390 2647 498 2686 docto
517 2650 623 2686 illius
640 2648 898 2687 bibliothecae
921 2656 1113 2697 curatore,
1142 2648 1294 2685 nullam
1310 2648 1365 2684 ibi
1383 2654 1526 2685 restare
1544 2659 1672 2684 mem—

251 2714 412 2752 branam
438 2729 538 2767 quae
563 2717 758 2755 Cresconii
786 2730 928 2755 nomen
952 2729 1045 2768 prae
1068 2729 1109 2754 se
1135 2716 1257 2763 ferat,
1296 2715 1447 2752 nullam
1464 2715 1507 2752 in
1527 2726 1601 2766 qua
1623 2711 1671 2749 de
