1702 3060
255 104 344 150 158
853 105 1071 148 CORIPPI

356 220 395 250 at
414 225 483 251 vos
504 212 716 249 incolumes
734 224 811 248 uno
827 212 956 250 minus
975 211 1095 250 ardua
1115 213 1227 252 celsis

357 280 526 329 excipiet
544 280 664 327 portis
683 291 836 314 summo
856 277 1047 329 Carthago
1067 273 1308 331 triumpho.”

354 346 446 382 talia
469 344 663 380 dicentem
684 346 843 382 comites
862 347 942 383 iam
964 347 1124 383 vulnere
1142 347 1291 384 fessum

245 410 324 451 505
354 411 586 460 suscipiunt,
621 409 866 463 hilaremque
886 414 1025 450 animis
1044 414 1085 449 in
1108 420 1231 450 castra
1251 420 1455 463 reponunt.

352 475 418 512 hic
436 479 561 514 socius
574 478 702 515 Deciis
719 479 891 515 infernas
906 479 987 516 ibat
1004 478 1054 516 ad
1072 479 1241 527 umbras,

352 543 452 579 felix
469 550 591 580 morte
609 557 692 580 sua.
748 557 891 582 nomen
910 553 997 596 post
1014 546 1118 582 bella
1135 546 1294 582 beatum

352 622 506 659 semper
526 610 596 645 erit
610 638 620 656 ‚
650 622 879 662 semperque
899 619 1031 648 manet
1051 611 1302 648 memorabile
1319 611 1440 658 caelo,

355 674 450 712 dum
471 677 551 712 fera
571 676 675 712 bella
697 677 828 726 legent
850 691 944 715 aevo
965 679 1144 715 veniente
1162 679 1345 714 minores.

244 739 325 780 510
408 744 460 779 At
479 743 653 778 Romana
672 755 810 780 manus
830 744 939 781 iussu
959 743 1086 792 ducis,
1124 743 1282 782 horrida
1298 744 1456 780 turbans

356 810 533 859 agmina,
563 821 633 858 per
648 816 805 846 cunctos
825 810 969 858 fertur,
1001 823 1196 861 cornuque
1216 811 1360 847 reflexo

355 874 517 912 stridula
535 877 744 912 raucisonis
766 875 963 925 compellit
979 876 1126 925 spicula
1141 877 1270 913 nervis
1281 904 1293 923 ‚

357 940 570 978 condensos
590 942 711 978 veluti
728 941 896 978 fundunt
917 955 1031 979 causa
1051 942 1184 978 nubila
1207 941 1361 978 nimbos

357 1006 555 1055 grandinis
576 1015 613 1043 et
631 1009 730 1044 latos
753 1007 986 1056 distringunt
1002 1009 1104 1044 culta
1122 1021 1192 1058 per
1211 1021 1322 1057 agros
1334 1020 1346 1044 ε

247 1069 327 1112 515
357 1075 540 1110 sternitur
554 1075 630 1110 alta
648 1086 758 1123 seges
771 1102 781 1122 ‚
815 1072 950 1110 viridis
967 1086 1040 1109 nec
1057 1074 1264 1123 pampinus
1286 1086 1381 1110 uvas

359 1138 530 1176 vindicat
548 1142 631 1190 ipse
653 1153 741 1177 suas
753 1170 764 1188 ,
794 1140 906 1176 arbor
924 1153 996 1176 nec
1014 1139 1167 1176 densior
1184 1140 1266 1176 ulla

359 1203 534 1242 defendit
550 1213 704 1244 teneros
718 1207 900 1244 foliorum
915 1208 1085 1257 tegmine
1102 1219 1244 1244 ramos.

355 1269 511 1308 horrida
529 1267 613 1308 tum
631 1274 759 1309 nervis
781 1275 948 1310 volitans
967 1275 1143 1324 pulsatur
1164 1271 1310 1310 arundo
1322 1301 1332 1321 ‚

355 1339 516 1375 vulnera
533 1346 634 1375 certa
653 1340 802 1376 ferens:
835 1341 988 1376 nullum
1003 1341 1085 1377 sine
1103 1341 1290 1389 sanguine
1308 1340 1431 1377 telum

245 1402 326 1446 520
355 1407 515 1453 corruit,
547 1413 614 1442 aut
629 1419 764 1456 campo
782 1407 958 1444 volucres
978 1406 1150 1444 cecidere
1171 1409 1348 1456 sagittae.

354 1485 458 1508 nunc
475 1473 583 1509 fortis
605 1474 760 1522 sonipes
772 1501 781 1519 ‚
816 1471 958 1511 densus
977 1487 1080 1510 nunc
1100 1474 1282 1510 sternitur
1301 1471 1437 1511 hostis.

356 1552 471 1575 omne
490 1540 601 1575 rubet
617 1539 794 1589 tepidum
814 1541 984 1591 Massylo
1004 1542 1193 1590 sanguine
1212 1540 1374 1578 ferrum.

356 1605 526 1643 succedit
544 1607 664 1655 pilata
684 1619 822 1644 manus
836 1636 846 1655 ,
877 1614 1110 1658 cunctosque
1128 1620 1198 1657 per
1217 1619 1329 1657 agros

356 1686 514 1723 corpora
531 1674 636 1709 felici
655 1674 876 1710 sternebant
896 1673 1013 1711 caede
1032 1674 1189 1710 tribuni.

243 1737 324 1780 525
350 1741 486 1776 militis
508 1753 614 1776 arma
634 1741 780 1776 calent:
812 1741 965 1776 nullum
984 1747 1040 1777 est
1062 1742 1144 1777 sine
1163 1740 1351 1790 sanguine
1371 1740 1506 1777 Mauro

355 1808 519 1843 Romani
536 1807 683 1842 ferrum
701 1807 850 1856 populi.
909 1805 1019 1843 dolor
1038 1809 1182 1843 excitat
1201 1808 1292 1843 iras.

359 1874 446 1923 quis
464 1879 520 1910 tot
540 1873 676 1908 acerba
697 1871 839 1908 ducum
858 1871 1045 1909 dederant
1063 1886 1162 1923 quae
1181 1873 1317 1908 funera
1338 1874 1482 1924 campis
1494 1902 1505 1921 ‚

358 1941 445 1991 quis
466 1941 591 1976 varias
611 1945 752 1976 mortes
774 1948 839 1976 aut
858 1939 969 1976 dictis
988 1941 1156 1990 explicet
1173 1938 1304 1975 hostes

359 2013 568 2057 prostratos
591 2013 799 2057 captosque
819 2007 946 2044 ferens
959 2035 969 2054 ‚
999 2019 1172 2057 quosque
1195 2007 1278 2055 ipse
1295 2005 1480 2056 magister

248 2071 329 2112 530
358 2072 496 2109 deiecit
515 2074 655 2109 virtute
679 2075 781 2109 viros
793 2071 812 2109 ‘l
849 2074 932 2110 sine
954 2074 1111 2109 nomine
1132 2072 1266 2123 plebes

357 2139 614 2176 Marmaridae
633 2141 782 2190 periere
802 2141 942 2176 simul:
973 2139 1042 2176 sed
1060 2141 1228 2176 carmine
1246 2135 1390 2190 paucos

358 2219 379 2242 e
399 2207 532 2244 multis
551 2207 713 2257 signabo
730 2219 818 2243 meo
830 2235 840 2254 ,
871 2220 967 2258 quos
986 2207 1088 2243 fama
1108 2207 1255 2256 priores

357 2275 484 2310 attulit
503 2273 553 2310 ad
571 2281 700 2310 cautas
718 2274 884 2310 volitans
900 2286 950 2310 ex
969 2271 1143 2310 hostibus
1166 2284 1291 2308 aures.

407 2342 679 2391 Armipotens,
708 2340 840 2378 hostes
862 2353 1022 2376 cernens
1045 2341 1215 2386 obstare,
1244 2335 1436 2375 Iohannes

243 2406 322 2448 535
352 2407 462 2443 irruit
480 2409 520 2443 in
540 2407 679 2444 densas
701 2409 822 2454 acies,
853 2413 1078 2457 turmasque
1100 2406 1265 2442 rebelles

351 2474 502 2510 letifero
524 2487 707 2510 mucrone
728 2481 844 2521 secat,
875 2487 946 2510 ceu
963 2485 1110 2509 messor
1125 2477 1236 2508 acuta

354 2541 454 2577 falce
475 2542 586 2577 metit
607 2547 780 2590 segetes,
810 2546 960 2576 maturo
977 2546 1151 2588 tempore
1174 2536 1333 2584 souers3

246 2638 313 2673 508
337 2649 471 2672 manens
486 2639 526 2673 M
658 2637 740 2672 ibid.
765 2637 866 2671 celum
886 2637 918 2671 Τ
1048 2635 1115 2671 513
1137 2634 1256 2669 nebula
1273 2634 1304 2668 Τ
1433 2631 1498 2668 525
1521 2630 1623 2666 mauri
1642 2631 1673 2665 '1'

249 2685 313 2719 529
338 2686 427 2718 seros
442 2685 482 2720 Μ
612 2683 680 2719 532
702 2688 736 2717 et
755 2683 793 2716 T.
