<?xml version="1.0" encoding="UTF-8"?>
<!DOCTYPE html PUBLIC "-//W3C//DTD XHTML 1.0 Transitional//EN"
    "http://www.w3.org/TR/xhtml1/DTD/xhtml1-transitional.dtd">
<html xmlns="http://www.w3.org/1999/xhtml" xml:lang="en" lang="en">
 <head>
  <title>
</title>
<meta http-equiv="Content-Type" content="text/html;charset=utf-8" />
  <meta name='ocr-system' content='tesseract 3.04.00' />
  <meta name='ocr-capabilities' content='ocr_page ocr_carea ocr_par ocr_line ocrx_word'/>
</head>
<body>
  <div class='ocr_page' id='page_1' title='image "./corpusscriptorum35niebuoft_0517.png"; bbox 0 0 1702 3060; ppageno 0'>
   <div class='ocr_carea' id='block_1_1' title="bbox 444 75 1494 126">
    <p class='ocr_par' dir='ltr' id='par_1_1' title="bbox 444 75 1494 126">
     <span class='ocr_line' id='line_1_1' title="bbox 444 75 1494 126; baseline 0 0"><span class='ocrx_word' id='word_1_1' title='bbox 444 79 522 126; x_wconf 81' lang='lat' dir='ltr'><strong>DE</strong></span> <span class='ocrx_word' id='word_1_2' title='bbox 554 79 829 126; x_wconf 82' lang='lat' dir='ltr'>LAUDIBUS</span> <span class='ocrx_word' id='word_1_3' title='bbox 861 77 1086 125; x_wconf 83' lang='lat' dir='ltr'><strong>IUSTINT.</strong></span> <span class='ocrx_word' id='word_1_4' title='bbox 1394 75 1494 126; x_wconf 86' lang='lat'><strong>441</strong></span> 
     </span>
    </p>
   </div>
   <div class='ocr_carea' id='block_1_2' title="bbox 0 189 1533 1995">
    <p class='ocr_par' dir='ltr' id='par_1_2' title="bbox 40 189 1508 514">
     <span class='ocr_line' id='line_1_2' title="bbox 43 189 1499 243; baseline -0.003 -12"><span class='ocrx_word' id='word_1_5' title='bbox 43 205 118 231; x_wconf 80' lang='lat' dir='ltr'><strong>non</strong></span> <span class='ocrx_word' id='word_1_6' title='bbox 133 191 299 238; x_wconf 71' lang='lat' dir='ltr'><strong>mium,</strong></span> <span class='ocrx_word' id='word_1_7' title='bbox 326 203 407 230; x_wconf 83' lang='lat' dir='ltr'><strong>non</strong></span> <span class='ocrx_word' id='word_1_8' title='bbox 427 192 552 238; x_wconf 73' lang='lat' dir='ltr'><strong>triste,</strong></span> <span class='ocrx_word' id='word_1_9' title='bbox 581 206 661 230; x_wconf 84' lang='lat' dir='ltr'><strong>non</strong></span> <span class='ocrx_word' id='word_1_10' title='bbox 678 191 841 231; x_wconf 80' lang='lat' dir='ltr'><strong>laetum.</strong></span> <span class='ocrx_word' id='word_1_11' title='bbox 902 189 1124 230; x_wconf 78' lang='lat' dir='ltr'><strong>cassiodor.</strong></span> <span class='ocrx_word' id='word_1_12' title='bbox 1147 194 1172 234; x_wconf 91' lang='lat'>8</span> <span class='ocrx_word' id='word_1_13' title='bbox 1194 204 1259 243; x_wconf 81' lang='lat' dir='ltr'><strong>ep.</strong></span> <span class='ocrx_word' id='word_1_14' title='bbox 1278 191 1346 231; x_wconf 87' lang='lat'><strong>10.</strong></span> <span class='ocrx_word' id='word_1_15' title='bbox 1377 191 1499 228; x_wconf 86' lang='lat' dir='ltr'><strong>Clau-</strong></span> 
     </span>
     <span class='ocr_line' id='line_1_3' title="bbox 42 245 1500 300; baseline -0.002 -13"><span class='ocrx_word' id='word_1_16' title='bbox 42 248 147 289; x_wconf 85' lang='lat' dir='ltr'><strong>dian.</strong></span> <span class='ocrx_word' id='word_1_17' title='bbox 166 247 216 286; x_wconf 87' lang='lat' dir='ltr'><strong>de</strong></span> <span class='ocrx_word' id='word_1_18' title='bbox 234 245 344 286; x_wconf 87' lang='lat' dir='ltr'><strong>laud.</strong></span> <span class='ocrx_word' id='word_1_19' title='bbox 363 246 520 287; x_wconf 78' lang='lat' dir='ltr'><strong>Stilich.</strong></span> <span class='ocrx_word' id='word_1_20' title='bbox 540 251 589 290; x_wconf 79' lang='lat'><strong>2:</strong></span> <span class='ocrx_word' id='word_1_21' title='bbox 619 250 721 286; x_wconf 78' lang='lat' dir='ltr'><strong>seria</strong></span> <span class='ocrx_word' id='word_1_22' title='bbox 742 250 908 300; x_wconf 78' lang='lat' dir='ltr'><strong>quisque</strong></span> <span class='ocrx_word' id='word_1_23' title='bbox 924 249 1020 285; x_wconf 80' lang='lat' dir='ltr'><strong>iocis</strong></span> <span class='ocrx_word' id='word_1_24' title='bbox 1042 247 1158 286; x_wconf 77' lang='lat' dir='ltr'><strong>nulla</strong></span> <span class='ocrx_word' id='word_1_25' title='bbox 1172 247 1395 299; x_wconf 66' lang='lat' dir='ltr'><strong>formidine</strong></span> <span class='ocrx_word' id='word_1_26' title='bbox 1422 250 1500 285; x_wconf 79' lang='lat' dir='ltr'><strong>mi-</strong></span> 
     </span>
     <span class='ocr_line' id='line_1_4' title="bbox 41 303 1501 357; baseline 0 -15"><span class='ocrx_word' id='word_1_27' title='bbox 41 312 134 343; x_wconf 72' lang='lat' dir='ltr'><strong>scet.</strong></span> <span class='ocrx_word' id='word_1_28' title='bbox 166 305 273 342; x_wconf 87' lang='lat' dir='ltr'><strong>male</strong></span> <span class='ocrx_word' id='word_1_29' title='bbox 291 317 382 343; x_wconf 90' lang='lat' dir='ltr'><strong>meo</strong></span> <span class='ocrx_word' id='word_1_30' title='bbox 399 303 547 342; x_wconf 89' lang='lat' dir='ltr'><strong>iudicio</strong></span> <span class='ocrx_word' id='word_1_31' title='bbox 568 306 774 357; x_wconf 82' lang='lat' dir='ltr'><strong>legebatur</strong></span> <span class='ocrx_word' id='word_1_32' title='bbox 783 305 914 356; x_wconf 80' lang='lat' dir='ltr'><strong>seria,</strong></span> <span class='ocrx_word' id='word_1_33' title='bbox 946 312 1079 342; x_wconf 79' lang='lat' dir='ltr'><strong>contra</strong></span> <span class='ocrx_word' id='word_1_34' title='bbox 1102 306 1284 342; x_wconf 83' lang='lat' dir='ltr'><strong>carminis</strong></span> <span class='ocrx_word' id='word_1_35' title='bbox 1306 312 1344 342; x_wconf 90' lang='lat' dir='ltr'><strong>et</strong></span> <span class='ocrx_word' id='word_1_36' title='bbox 1365 318 1501 356; x_wconf 85' lang='lat' dir='ltr'><strong>gram-</strong></span> 
     </span>
     <span class='ocr_line' id='line_1_5' title="bbox 40 359 1500 415; baseline -0.001 -16"><span class='ocrx_word' id='word_1_37' title='bbox 40 362 210 400; x_wconf 82' lang='lat' dir='ltr'><strong>maticae</strong></span> <span class='ocrx_word' id='word_1_38' title='bbox 232 362 404 413; x_wconf 85' lang='lat' dir='ltr'><strong>regulas.</strong></span> <span class='ocrx_word' id='word_1_39' title='bbox 434 362 623 400; x_wconf 68' lang='lat' dir='ltr'><strong>Drmrsr.</strong></span> <span class='ocrx_word' id='word_1_40' title='bbox 652 362 858 413; x_wconf 84' lang='lat' dir='ltr'><strong>legebatur</strong></span> <span class='ocrx_word' id='word_1_41' title='bbox 866 361 995 412; x_wconf 81' lang='lat' dir='ltr'><strong>seria,</strong></span> <span class='ocrx_word' id='word_1_42' title='bbox 1030 359 1101 398; x_wconf 87' lang='lat' dir='ltr'><strong>sed</strong></span> <span class='ocrx_word' id='word_1_43' title='bbox 1121 363 1286 412; x_wconf 84' lang='lat' dir='ltr'><strong>opponit</strong></span> <span class='ocrx_word' id='word_1_44' title='bbox 1308 363 1500 415; x_wconf 69' lang='lat' dir='ltr'><strong>Corippus</strong></span> 
     </span>
     <span class='ocr_line' id='line_1_6' title="bbox 42 416 1508 471; baseline 0.001 -16"><span class='ocrx_word' id='word_1_45' title='bbox 42 417 159 456; x_wconf 89' lang='lat' dir='ltr'><strong>ludos</strong></span> <span class='ocrx_word' id='word_1_46' title='bbox 184 424 225 465; x_wconf 86' lang='lat' dir='ltr'><strong>et</strong></span> <span class='ocrx_word' id='word_1_47' title='bbox 253 419 381 468; x_wconf 83' lang='lat' dir='ltr'><strong>seria,</strong></span> <span class='ocrx_word' id='word_1_48' title='bbox 430 418 475 456; x_wconf 89' lang='lat' dir='ltr'><strong>in</strong></span> <span class='ocrx_word' id='word_1_49' title='bbox 501 431 604 471; x_wconf 87' lang='lat' dir='ltr'><strong>quae</strong></span> <span class='ocrx_word' id='word_1_50' title='bbox 635 417 714 456; x_wconf 90' lang='lat' dir='ltr'><strong>duo</strong></span> <span class='ocrx_word' id='word_1_51' title='bbox 746 424 830 456; x_wconf 85' lang='lat' dir='ltr'><strong>tota</strong></span> <span class='ocrx_word' id='word_1_52' title='bbox 859 416 1069 455; x_wconf 88' lang='lat' dir='ltr'><strong>hominum</strong></span> <span class='ocrx_word' id='word_1_53' title='bbox 1110 420 1192 456; x_wconf 81' lang='lat' dir='ltr'><strong>vita</strong></span> <span class='ocrx_word' id='word_1_54' title='bbox 1234 417 1508 469; x_wconf 85' lang='lat' dir='ltr'><strong>distinguitur.&#39;</strong></span> 
     </span>
     <span class='ocr_line' id='line_1_7' title="bbox 41 472 167 514; baseline -0.016 0"><span class='ocrx_word' id='word_1_55' title='bbox 41 472 167 514; x_wconf 67' lang='lat' dir='ltr'><strong>mm.</strong></span> 
     </span>
    </p>

    <p class='ocr_par' dir='ltr' id='par_1_3' title="bbox 0 526 1516 1246">
     <span class='ocr_line' id='line_1_8' title="bbox 86 526 1505 583; baseline 0.001 -15"><span class='ocrx_word' id='word_1_56' title='bbox 86 543 88 546; x_wconf 88' lang='lat'>·</span> <span class='ocrx_word' id='word_1_57' title='bbox 154 526 225 572; x_wconf 74' lang='lat'><strong>84·</strong></span> <span class='ocrx_word' id='word_1_58' title='bbox 280 529 506 580; x_wconf 76' lang='lat' dir='ltr'><strong>voluptates</strong></span> <span class='ocrx_word' id='word_1_59' title='bbox 524 541 619 581; x_wconf 83' lang='lat' dir='ltr'>sape</span> <span class='ocrx_word' id='word_1_60' title='bbox 639 530 818 568; x_wconf 88' lang='lat' dir='ltr'><strong>absolute</strong></span> <span class='ocrx_word' id='word_1_61' title='bbox 840 528 918 568; x_wconf 88' lang='lat' dir='ltr'><strong>dici</strong></span> <span class='ocrx_word' id='word_1_62' title='bbox 936 528 1054 568; x_wconf 83' lang='lat' dir='ltr'><strong>ludos</strong></span> <span class='ocrx_word' id='word_1_63' title='bbox 1073 537 1113 568; x_wconf 89' lang='lat' dir='ltr'><strong>et</strong></span> <span class='ocrx_word' id='word_1_64' title='bbox 1134 532 1371 583; x_wconf 83' lang='lat' dir='ltr'><strong>spectacula,</strong></span> <span class='ocrx_word' id='word_1_65' title='bbox 1387 538 1505 569; x_wconf 80' lang='lat' dir='ltr'><strong>nota-</strong></span> 
     </span>
     <span class='ocr_line' id='line_1_9' title="bbox 43 584 1504 637; baseline 0.001 -12"><span class='ocrx_word' id='word_1_66' title='bbox 43 592 136 626; x_wconf 77' lang='lat' dir='ltr'><strong>nmt</strong></span> <span class='ocrx_word' id='word_1_67' title='bbox 162 586 245 624; x_wconf 74' lang='lat' dir='ltr'><strong>iam</strong></span> <span class='ocrx_word' id='word_1_68' title='bbox 269 584 430 637; x_wconf 83' lang='lat' dir='ltr'><strong>pridem</strong></span> <span class='ocrx_word' id='word_1_69' title='bbox 461 584 679 623; x_wconf 78' lang='lat' dir='ltr'><strong>doctissimi</strong></span> <span class='ocrx_word' id='word_1_70' title='bbox 708 588 797 624; x_wconf 79' lang='lat' dir='ltr'><strong>viri.</strong></span> <span class='ocrx_word' id='word_1_71' title='bbox 856 586 948 624; x_wconf 78' lang='lat' dir='ltr'><strong>vide</strong></span> <span class='ocrx_word' id='word_1_72' title='bbox 967 588 1190 626; x_wconf 87' lang='lat' dir='ltr'><strong>Casauboni</strong></span> <span class='ocrx_word' id='word_1_73' title='bbox 1215 595 1299 626; x_wconf 87' lang='lat' dir='ltr'><strong>not.</strong></span> <span class='ocrx_word' id='word_1_74' title='bbox 1322 590 1364 625; x_wconf 87' lang='lat' dir='ltr'><strong>in</strong></span> <span class='ocrx_word' id='word_1_75' title='bbox 1380 589 1504 626; x_wconf 75' lang='lat' dir='ltr'><strong>Treb-</strong></span> 
     </span>
     <span class='ocr_line' id='line_1_10' title="bbox 43 641 1506 696; baseline 0.001 -16"><span class='ocrx_word' id='word_1_76' title='bbox 43 641 231 691; x_wconf 83' lang='lat' dir='ltr'><strong>Pollion.‚</strong></span> <span class='ocrx_word' id='word_1_77' title='bbox 260 649 299 680; x_wconf 85' lang='lat' dir='ltr'><strong>et</strong></span> <span class='ocrx_word' id='word_1_78' title='bbox 322 644 443 680; x_wconf 84' lang='lat' dir='ltr'><strong>Iuret.</strong></span> <span class='ocrx_word' id='word_1_79' title='bbox 461 643 630 680; x_wconf 86' lang='lat' dir='ltr'><strong>miscell.</strong></span> <span class='ocrx_word' id='word_1_80' title='bbox 651 645 693 680; x_wconf 89' lang='lat' dir='ltr'><strong>in</strong></span> <span class='ocrx_word' id='word_1_81' title='bbox 713 642 945 695; x_wconf 87' lang='lat' dir='ltr'><strong>Symmach.</strong></span> <span class='ocrx_word' id='word_1_82' title='bbox 969 647 997 685; x_wconf 83' lang='lat'>2</span> <span class='ocrx_word' id='word_1_83' title='bbox 1020 658 1083 696; x_wconf 87' lang='lat' dir='ltr'><strong>ep.</strong></span> <span class='ocrx_word' id='word_1_84' title='bbox 1104 644 1171 693; x_wconf 83' lang='lat'><strong>46,</strong></span> <span class='ocrx_word' id='word_1_85' title='bbox 1202 645 1271 682; x_wconf 89' lang='lat' dir='ltr'><strong>ubi</strong></span> <span class='ocrx_word' id='word_1_86' title='bbox 1288 646 1506 682; x_wconf 83' lang='lat' dir='ltr'><strong>multorum</strong></span> 
     </span>
     <span class='ocr_line' id='line_1_11' title="bbox 44 697 1508 753; baseline 0.001 -15"><span class='ocrx_word' id='word_1_87' title='bbox 44 700 145 739; x_wconf 79' lang='lat' dir='ltr'><strong>locis</strong></span> <span class='ocrx_word' id='word_1_88' title='bbox 166 705 371 737; x_wconf 85' lang='lat' dir='ltr'><strong>auctorum</strong></span> <span class='ocrx_word' id='word_1_89' title='bbox 390 697 466 736; x_wconf 91' lang='lat' dir='ltr'><strong>hoc</strong></span> <span class='ocrx_word' id='word_1_90' title='bbox 485 699 619 750; x_wconf 88' lang='lat' dir='ltr'><strong>ipsum</strong></span> <span class='ocrx_word' id='word_1_91' title='bbox 638 700 856 750; x_wconf 81' lang='lat' dir='ltr'><strong>confirmat.</strong></span> <span class='ocrx_word' id='word_1_92' title='bbox 914 702 963 738; x_wconf 85' lang='lat' dir='ltr'><strong>iis</strong></span> <span class='ocrx_word' id='word_1_93' title='bbox 991 707 1028 738; x_wconf 85' lang='lat' dir='ltr'><strong>et</strong></span> <span class='ocrx_word' id='word_1_94' title='bbox 1057 700 1124 738; x_wconf 86' lang='lat' dir='ltr'><strong>hic</strong></span> <span class='ocrx_word' id='word_1_95' title='bbox 1152 700 1246 738; x_wconf 86' lang='lat' dir='ltr'><strong>addi</strong></span> <span class='ocrx_word' id='word_1_96' title='bbox 1276 708 1406 753; x_wconf 84' lang='lat' dir='ltr'><strong>potest</strong></span> <span class='ocrx_word' id='word_1_97' title='bbox 1429 703 1508 739; x_wconf 88' lang='lat' dir='ltr'><strong>Co-</strong></span> 
     </span>
     <span class='ocr_line' id='line_1_12' title="bbox 46 756 1511 808; baseline 0.003 -14"><span class='ocrx_word' id='word_1_98' title='bbox 46 756 152 808; x_wconf 84' lang='lat' dir='ltr'><strong>rippi</strong></span> <span class='ocrx_word' id='word_1_99' title='bbox 168 767 328 804; x_wconf 77' lang='lat' dir='ltr'><strong>versus,</strong></span> <span class='ocrx_word' id='word_1_100' title='bbox 371 762 411 793; x_wconf 88' lang='lat' dir='ltr'><strong>et</strong></span> <span class='ocrx_word' id='word_1_101' title='bbox 430 757 640 793; x_wconf 81' lang='lat' dir='ltr'><strong>Iustiniani</strong></span> <span class='ocrx_word' id='word_1_102' title='bbox 655 757 812 794; x_wconf 74' lang='lat' dir='ltr'><strong>Novell.</strong></span> <span class='ocrx_word' id='word_1_103' title='bbox 835 757 915 797; x_wconf 87' lang='grc'><strong>105</strong></span> <span class='ocrx_word' id='word_1_104' title='bbox 937 756 985 794; x_wconf 91' lang='lat' dir='ltr'><strong>de</strong></span> <span class='ocrx_word' id='word_1_105' title='bbox 1007 757 1244 807; x_wconf 89' lang='lat' dir='ltr'><strong>consulibus,</strong></span> <span class='ocrx_word' id='word_1_106' title='bbox 1274 758 1343 795; x_wconf 91' lang='lat' dir='ltr'><strong>ubi</strong></span> <span class='ocrx_word' id='word_1_107' title='bbox 1362 760 1416 795; x_wconf 90' lang='lat' dir='ltr'><strong>ait</strong></span> <span class='ocrx_word' id='word_1_108' title='bbox 1438 756 1511 806; x_wconf 77' lang='grc' dir='ltr'><strong>τοὶς</strong></span> 
     </span>
     <span class='ocr_line' id='line_1_13' title="bbox 0 809 1512 867; baseline 0 -13"><span class='ocrx_word' id='word_1_109' title='bbox 0 816 2 827; x_wconf 41' lang='lat' dir='ltr'><strong>f</strong></span> <span class='ocrx_word' id='word_1_110' title='bbox 45 812 150 860; x_wconf 78' lang='grc' dir='ltr'><strong><em>θέας</em></strong></span> <span class='ocrx_word' id='word_1_111' title='bbox 165 809 264 865; x_wconf 80' lang='grc' dir='ltr'><strong><em>πρὸς</em></strong></span> <span class='ocrx_word' id='word_1_112' title='bbox 286 813 547 866; x_wconf 78' lang='grc' dir='ltr'><strong><em>ψυχαγωγίαν</em></strong></span> <span class='ocrx_word' id='word_1_113' title='bbox 566 809 680 864; x_wconf 66' lang='grc' dir='ltr'><strong><em>ἄγειν</em></strong></span> <span class='ocrx_word' id='word_1_114' title='bbox 695 816 767 853; x_wconf 83' lang='grc' dir='ltr'><strong>τοῦ</strong></span> <span class='ocrx_word' id='word_1_115' title='bbox 788 809 941 864; x_wconf 81' lang='grc' dir='ltr'><em>δήμου,</em></span> <span class='ocrx_word' id='word_1_116' title='bbox 971 812 1040 853; x_wconf 79' lang='grc' dir='ltr'><strong>καὶ</strong></span> <span class='ocrx_word' id='word_1_117' title='bbox 1063 810 1207 862; x_wconf 77' lang='grc' dir='ltr'><strong><em>ταύτας</em></strong></span> <span class='ocrx_word' id='word_1_118' title='bbox 1228 813 1432 867; x_wconf 80' lang='grc' dir='ltr'><em>ὁρίζεσθαι</em></span> <span class='ocrx_word' id='word_1_119' title='bbox 1454 815 1512 862; x_wconf 81' lang='grc' dir='ltr'><strong>εἴς</strong></span> 
     </span>
     <span class='ocr_line' id='line_1_14' title="bbox 46 866 1511 922; baseline 0 -12"><span class='ocrx_word' id='word_1_120' title='bbox 46 883 91 910; x_wconf 79' lang='grc' dir='ltr'><strong>τε</strong></span> <span class='ocrx_word' id='word_1_121' title='bbox 117 867 390 921; x_wconf 73' lang='grc' dir='ltr'><strong><em>ἱπποδρομίαν</em></strong></span> <span class='ocrx_word' id='word_1_122' title='bbox 412 867 470 916; x_wconf 71' lang='grc' dir='ltr'><strong>εἴς</strong></span> <span class='ocrx_word' id='word_1_123' title='bbox 490 882 531 909; x_wconf 82' lang='grc' dir='ltr'><strong>τε</strong></span> <span class='ocrx_word' id='word_1_124' title='bbox 551 866 624 916; x_wconf 75' lang='grc' dir='ltr'><em>τοῖς</em></span> <span class='ocrx_word' id='word_1_125' title='bbox 648 872 730 908; x_wconf 81' lang='grc' dir='ltr'><strong>τῶν</strong></span> <span class='ocrx_word' id='word_1_126' title='bbox 755 872 915 922; x_wconf 79' lang='grc' dir='ltr'><strong><em>θηρίων</em></strong></span> <span class='ocrx_word' id='word_1_127' title='bbox 933 867 1034 917; x_wconf 81' lang='grc' dir='ltr'><strong><em>θέας</em></strong></span> <span class='ocrx_word' id='word_1_128' title='bbox 1052 884 1093 910; x_wconf 82' lang='grc' dir='ltr'><strong>τε</strong></span> <span class='ocrx_word' id='word_1_129' title='bbox 1114 869 1182 910; x_wconf 79' lang='grc' dir='ltr'><strong>καὶ</strong></span> <span class='ocrx_word' id='word_1_130' title='bbox 1203 866 1423 922; x_wconf 72' lang='grc' dir='ltr'><em>ἄναιρὲσεις</em></span> <span class='ocrx_word' id='word_1_131' title='bbox 1443 871 1511 911; x_wconf 76' lang='grc' dir='ltr'><strong>καὶ</strong></span> 
     </span>
     <span class='ocr_line' id='line_1_15' title="bbox 47 922 1512 978; baseline 0 -13"><span class='ocrx_word' id='word_1_132' title='bbox 47 922 122 972; x_wconf 74' lang='grc' dir='ltr'><strong>τὰς</strong></span> <span class='ocrx_word' id='word_1_133' title='bbox 146 923 212 965; x_wconf 76' lang='grc' dir='ltr'><strong>ἐπὶ</strong></span> <span class='ocrx_word' id='word_1_134' title='bbox 242 926 314 974; x_wconf 83' lang='grc' dir='ltr'><strong>τῆς</strong></span> <span class='ocrx_word' id='word_1_135' title='bbox 341 926 495 976; x_wconf 83' lang='grc' dir='ltr'><strong><em>σκηνῆς</em></strong></span> <span class='ocrx_word' id='word_1_136' title='bbox 515 939 556 964; x_wconf 86' lang='grc' dir='ltr'><strong>τε</strong></span> <span class='ocrx_word' id='word_1_137' title='bbox 571 923 640 964; x_wconf 82' lang='grc' dir='ltr'><strong>καὶ</strong></span> <span class='ocrx_word' id='word_1_138' title='bbox 659 924 839 976; x_wconf 79' lang='grc' dir='ltr'><strong><em>θυμέλης</em></strong></span> <span class='ocrx_word' id='word_1_139' title='bbox 860 923 1128 976; x_wconf 74' lang='grc' dir='ltr'><strong><em>ἡδυπαθείας.</em></strong></span> <span class='ocrx_word' id='word_1_140' title='bbox 1187 925 1284 978; x_wconf 86' lang='lat' dir='ltr'><strong>quid</strong></span> <span class='ocrx_word' id='word_1_141' title='bbox 1305 934 1439 964; x_wconf 88' lang='lat' dir='ltr'><strong>tamen</strong></span> <span class='ocrx_word' id='word_1_142' title='bbox 1462 927 1512 965; x_wconf 84' lang='lat' dir='ltr'><strong>de</strong></span> 
     </span>
     <span class='ocr_line' id='line_1_16' title="bbox 50 979 1514 1035; baseline 0.001 -16"><span class='ocrx_word' id='word_1_143' title='bbox 50 979 278 1020; x_wconf 76' lang='lat' dir='ltr'><strong>istiusmodi</strong></span> <span class='ocrx_word' id='word_1_144' title='bbox 305 981 575 1032; x_wconf 78' lang='lat' dir='ltr'><strong>voluptatibus</strong></span> <span class='ocrx_word' id='word_1_145' title='bbox 602 982 916 1032; x_wconf 76' lang='lat' dir='ltr'><strong>spectaculorum</strong></span> <span class='ocrx_word' id='word_1_146' title='bbox 947 983 999 1019; x_wconf 89' lang='lat' dir='ltr'><strong>sit</strong></span> <span class='ocrx_word' id='word_1_147' title='bbox 1018 981 1294 1030; x_wconf 84' lang='lat' dir='ltr'><strong>sentiendum,</strong></span> <span class='ocrx_word' id='word_1_148' title='bbox 1335 991 1372 1020; x_wconf 89' lang='lat' dir='ltr'><strong>et</strong></span> <span class='ocrx_word' id='word_1_149' title='bbox 1392 997 1514 1035; x_wconf 80' lang='lat' dir='ltr'><strong>qnam</strong></span> 
     </span>
     <span class='ocr_line' id='line_1_17' title="bbox 50 1037 1514 1090; baseline 0.001 -15"><span class='ocrx_word' id='word_1_150' title='bbox 50 1038 295 1090; x_wconf 78' lang='lat' dir='ltr'><strong>perniciosae</strong></span> <span class='ocrx_word' id='word_1_151' title='bbox 324 1037 474 1075; x_wconf 77' lang='lat' dir='ltr'><strong>fuerint</strong></span> <span class='ocrx_word' id='word_1_152' title='bbox 498 1037 612 1074; x_wconf 88' lang='lat' dir='ltr'><strong>bonis</strong></span> <span class='ocrx_word' id='word_1_153' title='bbox 636 1038 814 1075; x_wconf 87' lang='lat' dir='ltr'><strong>moribus</strong></span> <span class='ocrx_word' id='word_1_154' title='bbox 847 1043 886 1074; x_wconf 88' lang='lat' dir='ltr'><strong>et</strong></span> <span class='ocrx_word' id='word_1_155' title='bbox 918 1049 1040 1089; x_wconf 88' lang='lat' dir='ltr'><strong>quam</strong></span> <span class='ocrx_word' id='word_1_156' title='bbox 1062 1045 1307 1089; x_wconf 82' lang='lat' dir='ltr'><strong>opportunae</strong></span> <span class='ocrx_word' id='word_1_157' title='bbox 1334 1053 1514 1077; x_wconf 83' lang='lat' dir='ltr'><strong>corrum-</strong></span> 
     </span>
     <span class='ocr_line' id='line_1_18' title="bbox 51 1092 1513 1147; baseline 0.002 -16"><span class='ocrx_word' id='word_1_158' title='bbox 51 1093 196 1146; x_wconf 80' lang='lat' dir='ltr'><strong>pendis</strong></span> <span class='ocrx_word' id='word_1_159' title='bbox 216 1094 372 1142; x_wconf 84' lang='lat' dir='ltr'><strong>animis‚</strong></span> <span class='ocrx_word' id='word_1_160' title='bbox 402 1092 530 1130; x_wconf 84' lang='lat' dir='ltr'><strong>videri</strong></span> <span class='ocrx_word' id='word_1_161' title='bbox 547 1100 678 1144; x_wconf 87' lang='lat' dir='ltr'><strong>potest</strong></span> <span class='ocrx_word' id='word_1_162' title='bbox 701 1092 808 1145; x_wconf 90' lang='lat' dir='ltr'><strong>apud</strong></span> <span class='ocrx_word' id='word_1_163' title='bbox 824 1095 1142 1142; x_wconf 84' lang='lat' dir='ltr'><strong>Tertullianum,</strong></span> <span class='ocrx_word' id='word_1_164' title='bbox 1173 1093 1513 1147; x_wconf 77' lang='lat' dir='ltr'><strong>chrysostomum,</strong></span> 
     </span>
     <span class='ocr_line' id='line_1_19' title="bbox 53 1149 1516 1202; baseline 0.001 -12"><span class='ocrx_word' id='word_1_165' title='bbox 53 1151 287 1190; x_wconf 82' lang='lat' dir='ltr'><strong>Salvianum</strong></span> <span class='ocrx_word' id='word_1_166' title='bbox 306 1151 485 1202; x_wconf 87' lang='lat' dir='ltr'><strong>aliosque</strong></span> <span class='ocrx_word' id='word_1_167' title='bbox 510 1150 700 1188; x_wconf 84' lang='lat' dir='ltr'><strong>ecclesiae</strong></span> <span class='ocrx_word' id='word_1_168' title='bbox 721 1149 914 1188; x_wconf 89' lang='lat' dir='ltr'><strong>doctores.</strong></span> <span class='ocrx_word' id='word_1_169' title='bbox 942 1149 1035 1189; x_wconf 75' lang='lat' dir='ltr'><strong>vide</strong></span> <span class='ocrx_word' id='word_1_170' title='bbox 1055 1163 1185 1189; x_wconf 81' lang='lat' dir='ltr'><strong>sacras</strong></span> <span class='ocrx_word' id='word_1_171' title='bbox 1202 1158 1357 1191; x_wconf 81' lang='lat' dir='ltr'><strong>nostras</strong></span> <span class='ocrx_word' id='word_1_172' title='bbox 1373 1153 1516 1191; x_wconf 79' lang='lat' dir='ltr'><strong>lectio-</strong></span> 
     </span>
     <span class='ocr_line' id='line_1_20' title="bbox 52 1208 322 1246; baseline -0.011 0"><span class='ocrx_word' id='word_1_173' title='bbox 52 1220 139 1246; x_wconf 84' lang='lat' dir='ltr'><strong>nes.</strong></span> <span class='ocrx_word' id='word_1_174' title='bbox 195 1208 322 1244; x_wconf 75' lang='lat' dir='ltr'><strong>Rrrr.</strong></span> 
     </span>
    </p>

    <p class='ocr_par' dir='ltr' id='par_1_4' title="bbox 55 1260 1533 1995">
     <span class='ocr_line' id='line_1_21' title="bbox 166 1260 1521 1316; baseline 0.002 -16"><span class='ocrx_word' id='word_1_175' title='bbox 166 1263 235 1304; x_wconf 85' lang='lat'><strong>85.</strong></span> <span class='ocrx_word' id='word_1_176' title='bbox 293 1262 496 1314; x_wconf 85' lang='lat' dir='ltr'><strong>praeclara</strong></span> <span class='ocrx_word' id='word_1_177' title='bbox 516 1263 711 1300; x_wconf 84' lang='lat' dir='ltr'><strong>sententia</strong></span> <span class='ocrx_word' id='word_1_178' title='bbox 725 1291 735 1311; x_wconf 85' lang='lat'><strong>,</strong></span> <span class='ocrx_word' id='word_1_179' title='bbox 766 1262 916 1300; x_wconf 84' lang='lat' dir='ltr'><strong>oraculi</strong></span> <span class='ocrx_word' id='word_1_180' title='bbox 938 1262 1064 1300; x_wconf 84' lang='lat' dir='ltr'><strong>instar</strong></span> <span class='ocrx_word' id='word_1_181' title='bbox 1082 1260 1259 1312; x_wconf 79' lang='lat' dir='ltr'><strong>habens,</strong></span> <span class='ocrx_word' id='word_1_182' title='bbox 1290 1276 1411 1316; x_wconf 86' lang='lat' dir='ltr'><strong>quam</strong></span> <span class='ocrx_word' id='word_1_183' title='bbox 1427 1266 1521 1303; x_wconf 81' lang='lat' dir='ltr'><strong>vul-</strong></span> 
     </span>
     <span class='ocr_line' id='line_1_22' title="bbox 55 1318 1517 1372; baseline 0.001 -15"><span class='ocrx_word' id='word_1_184' title='bbox 55 1332 131 1372; x_wconf 72' lang='lat' dir='ltr'><strong>gus</strong></span> <span class='ocrx_word' id='word_1_185' title='bbox 148 1320 203 1356; x_wconf 81' lang='lat' dir='ltr'><strong>ita</strong></span> <span class='ocrx_word' id='word_1_186' title='bbox 221 1318 359 1356; x_wconf 84' lang='lat' dir='ltr'><strong>effert:</strong></span> <span class='ocrx_word' id='word_1_187' title='bbox 399 1318 508 1370; x_wconf 78' lang='lat' dir='ltr'><strong>quod</strong></span> <span class='ocrx_word' id='word_1_188' title='bbox 522 1332 662 1356; x_wconf 82' lang='lat' dir='ltr'><strong>rarum</strong></span> <span class='ocrx_word' id='word_1_189' title='bbox 682 1325 753 1365; x_wconf 74' lang='lat' dir='ltr'><strong>est,</strong></span> <span class='ocrx_word' id='word_1_190' title='bbox 784 1332 924 1355; x_wconf 82' lang='lat' dir='ltr'><strong>carum</strong></span> <span class='ocrx_word' id='word_1_191' title='bbox 945 1326 1000 1356; x_wconf 75' lang='lat' dir='ltr'><strong>est</strong></span> <span class='ocrx_word' id='word_1_192' title='bbox 1013 1335 1024 1355; x_wconf 92' lang='lat'><em>:</em></span> <span class='ocrx_word' id='word_1_193' title='bbox 1055 1319 1210 1356; x_wconf 73' lang='lat' dir='ltr'><strong>vilescit</strong></span> <span class='ocrx_word' id='word_1_194' title='bbox 1224 1321 1517 1371; x_wconf 78' lang='lat' dir='ltr'><strong>quotidianum.</strong></span> 
     </span>
     <span class='ocr_line' id='line_1_23' title="bbox 55 1375 1522 1427; baseline 0 -12"><span class='ocrx_word' id='word_1_195' title='bbox 55 1375 136 1415; x_wconf 85' lang='lat' dir='ltr'><strong>huc</strong></span> <span class='ocrx_word' id='word_1_196' title='bbox 156 1382 196 1413; x_wconf 89' lang='lat' dir='ltr'><strong>et</strong></span> <span class='ocrx_word' id='word_1_197' title='bbox 214 1376 409 1414; x_wconf 79' lang='lat' dir='ltr'><strong>sententia</strong></span> <span class='ocrx_word' id='word_1_198' title='bbox 429 1377 602 1427; x_wconf 83' lang='lat' dir='ltr'><strong>pertinet</strong></span> <span class='ocrx_word' id='word_1_199' title='bbox 620 1377 665 1412; x_wconf 91' lang='lat' dir='ltr'><strong>P.</strong></span> <span class='ocrx_word' id='word_1_200' title='bbox 686 1376 778 1427; x_wconf 86' lang='lat' dir='ltr'><strong>Syri</strong></span> <span class='ocrx_word' id='word_1_201' title='bbox 798 1376 935 1412; x_wconf 76' lang='lat' dir='ltr'><strong>Minui:</strong></span> <span class='ocrx_word' id='word_1_202' title='bbox 978 1375 1172 1413; x_wconf 82' lang='lat' dir='ltr'><strong>bonarum</strong></span> <span class='ocrx_word' id='word_1_203' title='bbox 1197 1390 1330 1414; x_wconf 79' lang='lat' dir='ltr'><strong>rerum</strong></span> <span class='ocrx_word' id='word_1_204' title='bbox 1357 1391 1522 1416; x_wconf 70' lang='lat' dir='ltr'><strong>consue-</strong></span> 
     </span>
     <span class='ocr_line' id='line_1_24' title="bbox 57 1430 1523 1485; baseline 0.001 -14"><span class='ocrx_word' id='word_1_205' title='bbox 57 1432 155 1471; x_wconf 80' lang='lat' dir='ltr'><strong>tudo</strong></span> <span class='ocrx_word' id='word_1_206' title='bbox 177 1432 355 1483; x_wconf 78' lang='lat' dir='ltr'><strong>pessima</strong></span> <span class='ocrx_word' id='word_1_207' title='bbox 381 1438 450 1469; x_wconf 75' lang='lat' dir='ltr'><strong>est.</strong></span> <span class='ocrx_word' id='word_1_208' title='bbox 513 1438 552 1469; x_wconf 89' lang='lat' dir='ltr'><strong>et</strong></span> <span class='ocrx_word' id='word_1_209' title='bbox 570 1430 807 1469; x_wconf 84' lang='lat' dir='ltr'><strong>Plutarchus</strong></span> <span class='ocrx_word' id='word_1_210' title='bbox 831 1433 910 1468; x_wconf 86' lang='lat' dir='ltr'><strong>ait:</strong></span> <span class='ocrx_word' id='word_1_211' title='bbox 940 1430 1165 1480; x_wconf 76' lang='grc' dir='ltr'><strong><em>ἐξευτελίζει</em></strong></span> <span class='ocrx_word' id='word_1_212' title='bbox 1197 1430 1271 1485; x_wconf 75' lang='grc' dir='ltr'><strong>τήν</strong></span> <span class='ocrx_word' id='word_1_213' title='bbox 1302 1436 1376 1473; x_wconf 82' lang='grc' dir='ltr'><strong>τοῦ</strong></span> <span class='ocrx_word' id='word_1_214' title='bbox 1401 1435 1523 1476; x_wconf 79' lang='grc' dir='ltr'><em>θείου</em></span> 
     </span>
     <span class='ocr_line' id='line_1_25' title="bbox 60 1483 1526 1542; baseline 0.001 -12"><span class='ocrx_word' id='word_1_215' title='bbox 60 1485 278 1542; x_wconf 66' lang='grc' dir='ltr'><strong><em>σεμνότητα</em></strong></span> <span class='ocrx_word' id='word_1_216' title='bbox 299 1483 326 1539; x_wconf 80' lang='grc' dir='ltr'><em>ἦ</em></span> <span class='ocrx_word' id='word_1_217' title='bbox 348 1487 392 1529; x_wconf 78' lang='grc' dir='ltr'><strong>ἐν</strong></span> <span class='ocrx_word' id='word_1_218' title='bbox 413 1486 556 1542; x_wconf 76' lang='grc' dir='ltr'><strong><em>ἑτοίμῳ</em></strong></span> <span class='ocrx_word' id='word_1_219' title='bbox 574 1491 648 1539; x_wconf 86' lang='grc' dir='ltr'><strong>τῆς</strong></span> <span class='ocrx_word' id='word_1_220' title='bbox 670 1486 806 1539; x_wconf 80' lang='grc' dir='ltr'><em>ὅψεως</em></span> <span class='ocrx_word' id='word_1_221' title='bbox 824 1484 1035 1539; x_wconf 82' lang='grc' dir='ltr'><strong><em>συνήθεια.</em></strong></span> <span class='ocrx_word' id='word_1_222' title='bbox 1081 1495 1215 1526; x_wconf 86' lang='lat' dir='ltr'><strong>contra</strong></span> <span class='ocrx_word' id='word_1_223' title='bbox 1233 1503 1327 1527; x_wconf 84' lang='lat' dir='ltr'><strong>vero</strong></span> <span class='ocrx_word' id='word_1_224' title='bbox 1347 1485 1526 1542; x_wconf 68' lang='grc' dir='ltr'><em>ἀγνωσία</em></span> 
     </span>
     <span class='ocr_line' id='line_1_26' title="bbox 61 1540 1528 1599; baseline 0 -14"><span class='ocrx_word' id='word_1_225' title='bbox 61 1540 257 1598; x_wconf 82' lang='grc' dir='ltr'><strong><em>σεμνότης</em></strong></span> <span class='ocrx_word' id='word_1_226' title='bbox 278 1543 360 1585; x_wconf 75' lang='grc' dir='ltr'><strong>ἐστὶ</strong></span> <span class='ocrx_word' id='word_1_227' title='bbox 378 1547 462 1584; x_wconf 77' lang='grc' dir='ltr'><strong>ταῖν</strong></span> <span class='ocrx_word' id='word_1_228' title='bbox 480 1547 657 1599; x_wconf 62' lang='grc' dir='ltr'><strong>τελεταῖν.</strong></span> <span class='ocrx_word' id='word_1_229' title='bbox 688 1557 888 1582; x_wconf 85' lang='lat' dir='ltr'><strong>sacrorum</strong></span> <span class='ocrx_word' id='word_1_230' title='bbox 912 1543 1146 1595; x_wconf 81' lang='lat' dir='ltr'><strong>dignitatem</strong></span> <span class='ocrx_word' id='word_1_231' title='bbox 1166 1558 1212 1582; x_wconf 88' lang='lat' dir='ltr'><strong>ac</strong></span> <span class='ocrx_word' id='word_1_232' title='bbox 1228 1549 1528 1585; x_wconf 75' lang='lat' dir='ltr'><strong>venerationem</strong></span> 
     </span>
     <span class='ocr_line' id='line_1_27' title="bbox 60 1599 1530 1656; baseline 0.001 -16"><span class='ocrx_word' id='word_1_233' title='bbox 60 1608 196 1640; x_wconf 79' lang='lat' dir='ltr'><strong>tuetur</strong></span> <span class='ocrx_word' id='word_1_234' title='bbox 216 1602 432 1653; x_wconf 71' lang='lat' dir='ltr'><strong>ignoratio,</strong></span> <span class='ocrx_word' id='word_1_235' title='bbox 470 1608 514 1638; x_wconf 87' lang='lat' dir='ltr'><strong>ut</strong></span> <span class='ocrx_word' id='word_1_236' title='bbox 541 1608 600 1638; x_wconf 90' lang='lat' dir='ltr'><strong>est</strong></span> <span class='ocrx_word' id='word_1_237' title='bbox 629 1600 735 1652; x_wconf 90' lang='lat' dir='ltr'><strong>apud</strong></span> <span class='ocrx_word' id='word_1_238' title='bbox 765 1602 993 1652; x_wconf 88' lang='lat' dir='ltr'><strong>Synesium.</strong></span> <span class='ocrx_word' id='word_1_239' title='bbox 1052 1599 1146 1638; x_wconf 88' lang='lat' dir='ltr'><strong>hinc</strong></span> <span class='ocrx_word' id='word_1_240' title='bbox 1174 1608 1212 1639; x_wconf 90' lang='lat' dir='ltr'><strong>et</strong></span> <span class='ocrx_word' id='word_1_241' title='bbox 1233 1604 1418 1653; x_wconf 78' lang='lat' dir='ltr'><strong>mysteria</strong></span> <span class='ocrx_word' id='word_1_242' title='bbox 1442 1606 1530 1656; x_wconf 85' lang='lat' dir='ltr'><strong>ipsa</strong></span> 
     </span>
     <span class='ocr_line' id='line_1_28' title="bbox 61 1654 1532 1710; baseline 0 -12"><span class='ocrx_word' id='word_1_243' title='bbox 61 1670 211 1698; x_wconf 79' lang='lat' dir='ltr'><strong>nomen</strong></span> <span class='ocrx_word' id='word_1_244' title='bbox 231 1663 468 1708; x_wconf 83' lang='lat' dir='ltr'><strong>acceperunt</strong></span> <span class='ocrx_word' id='word_1_245' title='bbox 486 1654 594 1706; x_wconf 75' lang='grc' dir='ltr'><strong>παρᾶ</strong></span> <span class='ocrx_word' id='word_1_246' title='bbox 620 1656 664 1698; x_wconf 84' lang='grc' dir='ltr'><strong>τὸ</strong></span> <span class='ocrx_word' id='word_1_247' title='bbox 685 1655 802 1708; x_wconf 81' lang='grc' dir='ltr'><strong><em>μύειν</em></strong></span> <span class='ocrx_word' id='word_1_248' title='bbox 816 1687 826 1706; x_wconf 91' lang='grc'><em>,</em></span> <span class='ocrx_word' id='word_1_249' title='bbox 870 1670 892 1694; x_wconf 90' lang='lat' dir='ltr'><strong>a</strong></span> <span class='ocrx_word' id='word_1_250' title='bbox 911 1657 1152 1703; x_wconf 80' lang='lat' dir='ltr'><strong>claudendo,</strong></span> <span class='ocrx_word' id='word_1_251' title='bbox 1183 1659 1366 1710; x_wconf 79' lang='lat' dir='ltr'><strong>tegendo,</strong></span> <span class='ocrx_word' id='word_1_252' title='bbox 1395 1661 1532 1698; x_wconf 83' lang='lat' dir='ltr'><strong>occul-</strong></span> 
     </span>
     <span class='ocr_line' id='line_1_29' title="bbox 63 1714 1532 1768; baseline 0.001 -15"><span class='ocrx_word' id='word_1_253' title='bbox 63 1715 200 1753; x_wconf 79' lang='lat' dir='ltr'><strong>tando.</strong></span> <span class='ocrx_word' id='word_1_254' title='bbox 263 1726 343 1766; x_wconf 89' lang='lat' dir='ltr'><strong>quo</strong></span> <span class='ocrx_word' id='word_1_255' title='bbox 371 1714 500 1751; x_wconf 83' lang='lat' dir='ltr'><strong>refero</strong></span> <span class='ocrx_word' id='word_1_256' title='bbox 525 1715 726 1764; x_wconf 86' lang='lat' dir='ltr'><strong>insignem</strong></span> <span class='ocrx_word' id='word_1_257' title='bbox 747 1715 882 1751; x_wconf 87' lang='lat' dir='ltr'><strong>locum</strong></span> <span class='ocrx_word' id='word_1_258' title='bbox 902 1715 1088 1753; x_wconf 84' lang='lat' dir='ltr'><strong>Varronis</strong></span> <span class='ocrx_word' id='word_1_259' title='bbox 1122 1715 1287 1752; x_wconf 85' lang='lat' dir='ltr'><strong>citatum</strong></span> <span class='ocrx_word' id='word_1_260' title='bbox 1317 1716 1366 1752; x_wconf 92' lang='lat' dir='ltr'><strong>ab</strong></span> <span class='ocrx_word' id='word_1_261' title='bbox 1390 1719 1532 1768; x_wconf 87' lang='lat' dir='ltr'><strong>Augu-</strong></span> 
     </span>
     <span class='ocr_line' id='line_1_30' title="bbox 63 1769 1533 1824; baseline 0 -14"><span class='ocrx_word' id='word_1_262' title='bbox 63 1773 168 1810; x_wconf 73' lang='lat' dir='ltr'><strong>stino</strong></span> <span class='ocrx_word' id='word_1_263' title='bbox 189 1769 239 1808; x_wconf 84' lang='lat' dir='ltr'><strong>de</strong></span> <span class='ocrx_word' id='word_1_264' title='bbox 257 1771 301 1808; x_wconf 86' lang='lat' dir='ltr'><strong>C.</strong></span> <span class='ocrx_word' id='word_1_265' title='bbox 322 1771 372 1808; x_wconf 88' lang='lat' dir='ltr'><strong>D.</strong></span> <span class='ocrx_word' id='word_1_266' title='bbox 394 1773 418 1810; x_wconf 83' lang='lat'><strong>3</strong></span> <span class='ocrx_word' id='word_1_267' title='bbox 442 1772 519 1811; x_wconf 83' lang='lat'><strong>31:</strong></span> <span class='ocrx_word' id='word_1_268' title='bbox 549 1770 677 1808; x_wconf 76' lang='lat' dir='ltr'><strong>multa</strong></span> <span class='ocrx_word' id='word_1_269' title='bbox 692 1777 787 1807; x_wconf 77' lang='lat' dir='ltr'><strong>sunt</strong></span> <span class='ocrx_word' id='word_1_270' title='bbox 802 1784 914 1817; x_wconf 75' lang='lat' dir='ltr'><strong>vera,</strong></span> <span class='ocrx_word' id='word_1_271' title='bbox 935 1784 1038 1822; x_wconf 77' lang='lat' dir='ltr'><strong>quae</strong></span> <span class='ocrx_word' id='word_1_272' title='bbox 1056 1784 1136 1807; x_wconf 85' lang='lat' dir='ltr'><strong>non</strong></span> <span class='ocrx_word' id='word_1_273' title='bbox 1154 1771 1269 1809; x_wconf 82' lang='lat' dir='ltr'><strong>moclo</strong></span> <span class='ocrx_word' id='word_1_274' title='bbox 1290 1771 1413 1824; x_wconf 64' lang='lat' dir='ltr'><strong>vulgo</strong></span> <span class='ocrx_word' id='word_1_275' title='bbox 1432 1775 1533 1810; x_wconf 79' lang='lat' dir='ltr'><strong>seire</strong></span> 
     </span>
     <span class='ocr_line' id='line_1_31' title="bbox 65 1826 1533 1880; baseline 0.002 -16"><span class='ocrx_word' id='word_1_276' title='bbox 65 1841 146 1867; x_wconf 88' lang='lat' dir='ltr'><strong>non</strong></span> <span class='ocrx_word' id='word_1_277' title='bbox 163 1833 220 1864; x_wconf 71' lang='lat' dir='ltr'><strong>est</strong></span> <span class='ocrx_word' id='word_1_278' title='bbox 237 1826 351 1872; x_wconf 82' lang='lat' dir='ltr'><strong>utile,</strong></span> <span class='ocrx_word' id='word_1_279' title='bbox 379 1826 451 1864; x_wconf 73' lang='lat' dir='ltr'><strong>sed</strong></span> <span class='ocrx_word' id='word_1_280' title='bbox 467 1828 586 1863; x_wconf 76' lang='lat' dir='ltr'><strong>etiam</strong></span> <span class='ocrx_word' id='word_1_281' title='bbox 605 1828 761 1864; x_wconf 71' lang='lat' dir='ltr'><strong>tametsi</strong></span> <span class='ocrx_word' id='word_1_282' title='bbox 762 1827 884 1878; x_wconf 63' lang='lat' dir='ltr'><strong>salsa</strong></span> <span class='ocrx_word' id='word_1_283' title='bbox 904 1829 1001 1872; x_wconf 75' lang='lat' dir='ltr'><strong>sint,</strong></span> <span class='ocrx_word' id='word_1_284' title='bbox 1030 1827 1148 1863; x_wconf 81' lang='lat' dir='ltr'><strong>aliter</strong></span> <span class='ocrx_word' id='word_1_285' title='bbox 1163 1828 1385 1866; x_wconf 73' lang='lat' dir='ltr'><strong>existimare</strong></span> <span class='ocrx_word' id='word_1_286' title='bbox 1394 1843 1533 1880; x_wconf 75' lang='lat' dir='ltr'><strong>popu-</strong></span> 
     </span>
     <span class='ocr_line' id='line_1_32' title="bbox 66 1881 1533 1935; baseline 0.001 -13"><span class='ocrx_word' id='word_1_287' title='bbox 66 1883 154 1922; x_wconf 80' lang='lat' dir='ltr'><strong>lum</strong></span> <span class='ocrx_word' id='word_1_288' title='bbox 183 1883 349 1935; x_wconf 81' lang='lat' dir='ltr'><strong>expedit.</strong></span> <span class='ocrx_word' id='word_1_289' title='bbox 411 1889 450 1920; x_wconf 87' lang='lat' dir='ltr'><strong>et</strong></span> <span class='ocrx_word' id='word_1_290' title='bbox 482 1882 574 1921; x_wconf 84' lang='lat' dir='ltr'><strong>ideo</strong></span> <span class='ocrx_word' id='word_1_291' title='bbox 597 1884 737 1921; x_wconf 88' lang='lat' dir='ltr'><strong>Graeci</strong></span> <span class='ocrx_word' id='word_1_292' title='bbox 772 1881 927 1932; x_wconf 74' lang='grc' dir='ltr'><strong><em>τελετάς</em></strong></span> <span class='ocrx_word' id='word_1_293' title='bbox 957 1897 1009 1920; x_wconf 86' lang='lat' dir='ltr'><strong>ac</strong></span> <span class='ocrx_word' id='word_1_294' title='bbox 1037 1884 1224 1935; x_wconf 74' lang='lat' dir='ltr'><strong>mysteria</strong></span> <span class='ocrx_word' id='word_1_295' title='bbox 1260 1886 1533 1923; x_wconf 83' lang='lat' dir='ltr'><strong>taciturnitate</strong></span> 
     </span>
     <span class='ocr_line' id='line_1_33' title="bbox 59 1938 801 1995; baseline 0 -18"><span class='ocrx_word' id='word_1_296' title='bbox 59 1938 360 1995; x_wconf 76' lang='lat' dir='ltr'><strong>parietibusque</strong></span> <span class='ocrx_word' id='word_1_297' title='bbox 375 1938 617 1977; x_wconf 73' lang='lat' dir='ltr'><strong>clauserunt.</strong></span> <span class='ocrx_word' id='word_1_298' title='bbox 677 1941 801 1978; x_wconf 68' lang='lat' dir='ltr'><strong>Rrrr.</strong></span> 
     </span>
    </p>
   </div>
   <div class='ocr_carea' id='block_1_3' title="bbox 64 1994 1557 2782">
    <p class='ocr_par' dir='ltr' id='par_1_5' title="bbox 68 1994 1532 2092">
     <span class='ocr_line' id='line_1_34' title="bbox 181 1994 1532 2049; baseline 0.001 -15"><span class='ocrx_word' id='word_1_299' title='bbox 181 1995 236 2036; x_wconf 81' lang='lat' dir='ltr'><strong>ib.</strong></span> <span class='ocrx_word' id='word_1_300' title='bbox 296 1996 418 2034; x_wconf 78' lang='lat' dir='ltr'><strong>Varro</strong></span> <span class='ocrx_word' id='word_1_301' title='bbox 439 1995 731 2035; x_wconf 71' lang='lat' dir='ltr'><strong>Etcmenidihus</strong></span> <span class='ocrx_word' id='word_1_302' title='bbox 750 1994 858 2049; x_wconf 86' lang='lat' dir='ltr'><strong>apud</strong></span> <span class='ocrx_word' id='word_1_303' title='bbox 875 1996 1050 2034; x_wconf 87' lang='lat' dir='ltr'><strong>Nonium</strong></span> <span class='ocrx_word' id='word_1_304' title='bbox 1072 1998 1124 2038; x_wconf 89' lang='lat'><strong>17</strong></span> <span class='ocrx_word' id='word_1_305' title='bbox 1136 2007 1149 2033; x_wconf 68' lang='grc' dir='ltr'><em>τ</em></span> <span class='ocrx_word' id='word_1_306' title='bbox 1177 1995 1318 2047; x_wconf 74' lang='lat' dir='ltr'><strong>hospes</strong></span> <span class='ocrx_word' id='word_1_307' title='bbox 1337 1997 1440 2049; x_wconf 84' lang='lat' dir='ltr'><strong>quid</strong></span> <span class='ocrx_word' id='word_1_308' title='bbox 1454 1999 1532 2035; x_wconf 84' lang='lat' dir='ltr'><strong>mi-</strong></span> 
     </span>
     <span class='ocr_line' id='line_1_35' title="bbox 68 2051 354 2092; baseline -0.003 0"><span class='ocrx_word' id='word_1_309' title='bbox 68 2051 169 2092; x_wconf 75' lang='lat' dir='ltr'><strong>rac?</strong></span> <span class='ocrx_word' id='word_1_310' title='bbox 222 2052 354 2091; x_wconf 79' lang='lat' dir='ltr'><strong>Foco.</strong></span> 
     </span>
    </p>

    <p class='ocr_par' dir='ltr' id='par_1_6' title="bbox 71 2105 1531 2216">
     <span class='ocr_line' id='line_1_36' title="bbox 183 2105 1531 2161; baseline -0.001 -13"><span class='ocrx_word' id='word_1_311' title='bbox 183 2109 252 2149; x_wconf 86' lang='lat'><strong>86.</strong></span> <span class='ocrx_word' id='word_1_312' title='bbox 309 2107 502 2148; x_wconf 78' lang='lat' dir='ltr'><strong>bonoram</strong></span> <span class='ocrx_word' id='word_1_313' title='bbox 540 2121 612 2160; x_wconf 87' lang='lat' dir='ltr'><strong>pro</strong></span> <span class='ocrx_word' id='word_1_314' title='bbox 643 2108 812 2146; x_wconf 79' lang='lat' dir='ltr'><strong>honorat</strong></span> <span class='ocrx_word' id='word_1_315' title='bbox 839 2105 1095 2145; x_wconf 84' lang='lat' dir='ltr'><strong>emendatum</strong></span> <span class='ocrx_word' id='word_1_316' title='bbox 1125 2120 1149 2144; x_wconf 87' lang='lat' dir='ltr'><strong>a</strong></span> <span class='ocrx_word' id='word_1_317' title='bbox 1176 2108 1291 2146; x_wconf 88' lang='lat' dir='ltr'><strong>nobis</strong></span> <span class='ocrx_word' id='word_1_318' title='bbox 1321 2115 1404 2156; x_wconf 78' lang='lat' dir='ltr'><strong>est3</strong></span> <span class='ocrx_word' id='word_1_319' title='bbox 1451 2121 1531 2161; x_wconf 89' lang='lat' dir='ltr'><strong>quo</strong></span> 
     </span>
     <span class='ocr_line' id='line_1_37' title="bbox 71 2163 1507 2216; baseline 0 -13"><span class='ocrx_word' id='word_1_320' title='bbox 71 2165 195 2204; x_wconf 75' lang='lat' dir='ltr'><strong>etiam</strong></span> <span class='ocrx_word' id='word_1_321' title='bbox 212 2165 375 2202; x_wconf 80' lang='lat' dir='ltr'><strong>nomine</strong></span> <span class='ocrx_word' id='word_1_322' title='bbox 394 2165 587 2215; x_wconf 82' lang='lat' dir='ltr'><strong>Corippus</strong></span> <span class='ocrx_word' id='word_1_323' title='bbox 604 2165 834 2216; x_wconf 86' lang='lat' dir='ltr'><strong>frequenter</strong></span> <span class='ocrx_word' id='word_1_324' title='bbox 851 2166 893 2201; x_wconf 88' lang='lat' dir='ltr'><strong>in</strong></span> <span class='ocrx_word' id='word_1_325' title='bbox 911 2163 988 2200; x_wconf 89' lang='lat' dir='ltr'><strong>hoc</strong></span> <span class='ocrx_word' id='word_1_326' title='bbox 1006 2168 1188 2215; x_wconf 67' lang='lat' dir='ltr'><strong>poemate</strong></span> <span class='ocrx_word' id='word_1_327' title='bbox 1210 2166 1347 2201; x_wconf 87' lang='lat' dir='ltr'><strong>utitur.</strong></span> <span class='ocrx_word' id='word_1_328' title='bbox 1382 2167 1507 2203; x_wconf 75' lang='lat' dir='ltr'><strong>Rulz.</strong></span> 
     </span>
    </p>

    <p class='ocr_par' dir='ltr' id='par_1_7' title="bbox 64 2221 1557 2782">
     <span class='ocr_line' id='line_1_38' title="bbox 185 2221 1536 2272; baseline 0.001 -15"><span class='ocrx_word' id='word_1_329' title='bbox 185 2222 253 2261; x_wconf 87' lang='grc'><strong>88.</strong></span> <span class='ocrx_word' id='word_1_330' title='bbox 311 2222 454 2272; x_wconf 72' lang='lat' dir='ltr'><strong>arcus]</strong></span> <span class='ocrx_word' id='word_1_331' title='bbox 486 2233 604 2272; x_wconf 84' lang='lat' dir='ltr'><strong>supra</strong></span> <span class='ocrx_word' id='word_1_332' title='bbox 630 2235 750 2258; x_wconf 74' lang='lat' dir='ltr'><strong>arc-ns</strong></span> <span class='ocrx_word' id='word_1_333' title='bbox 772 2221 933 2271; x_wconf 78' lang='lat' dir='ltr'><strong>replere.</strong></span> <span class='ocrx_word' id='word_1_334' title='bbox 976 2222 1018 2257; x_wconf 84' lang='lat' dir='ltr'><strong>in</strong></span> <span class='ocrx_word' id='word_1_335' title='bbox 1037 2222 1223 2257; x_wconf 79' lang='lat' dir='ltr'><strong>victoriae</strong></span> <span class='ocrx_word' id='word_1_336' title='bbox 1243 2222 1536 2259; x_wconf 85' lang='lat' dir='ltr'><strong>monimentum</strong></span> 
     </span>
     <span class='ocr_line' id='line_1_39' title="bbox 64 2275 1537 2327; baseline 0 -11"><span class='ocrx_word' id='word_1_337' title='bbox 64 2289 190 2316; x_wconf 45' lang='lat' dir='ltr'><strong>*arcus</strong></span> <span class='ocrx_word' id='word_1_338' title='bbox 209 2275 472 2327; x_wconf 83' lang='lat' dir='ltr'><strong>triumphales</strong></span> <span class='ocrx_word' id='word_1_339' title='bbox 491 2277 765 2327; x_wconf 84' lang='lat' dir='ltr'><strong>erigebantur,</strong></span> <span class='ocrx_word' id='word_1_340' title='bbox 807 2284 845 2314; x_wconf 88' lang='lat' dir='ltr'><strong>et</strong></span> <span class='ocrx_word' id='word_1_341' title='bbox 865 2283 967 2314; x_wconf 87' lang='lat' dir='ltr'><strong>certe</strong></span> <span class='ocrx_word' id='word_1_342' title='bbox 990 2275 1044 2318; x_wconf 80' lang='grc'><strong>14-</strong></span> <span class='ocrx_word' id='word_1_343' title='bbox 1069 2289 1204 2326; x_wconf 84' lang='lat' dir='ltr'><strong>arcus,</strong></span> <span class='ocrx_word' id='word_1_344' title='bbox 1244 2291 1296 2314; x_wconf 81' lang='lat' dir='ltr'><strong>ex</strong></span> <span class='ocrx_word' id='word_1_345' title='bbox 1314 2279 1347 2314; x_wconf 88' lang='lat' dir='ltr'><strong>P</strong></span> <span class='ocrx_word' id='word_1_346' title='bbox 1362 2279 1537 2316; x_wconf 83' lang='lat' dir='ltr'><strong>Victorio</strong></span> 
     </span>
     <span class='ocr_line' id='line_1_40' title="bbox 76 2331 1539 2383; baseline -0.001 -10"><span class='ocrx_word' id='word_1_347' title='bbox 76 2341 118 2373; x_wconf 85' lang='lat' dir='ltr'><strong>et</strong></span> <span class='ocrx_word' id='word_1_348' title='bbox 139 2333 229 2371; x_wconf 86' lang='lat' dir='ltr'><strong>aliis</strong></span> <span class='ocrx_word' id='word_1_349' title='bbox 247 2331 470 2381; x_wconf 84' lang='lat' dir='ltr'><strong>historicis,</strong></span> <span class='ocrx_word' id='word_1_350' title='bbox 507 2334 550 2371; x_wconf 89' lang='lat' dir='ltr'><strong>in</strong></span> <span class='ocrx_word' id='word_1_351' title='bbox 575 2334 672 2371; x_wconf 85' lang='lat' dir='ltr'><strong>urbe</strong></span> <span class='ocrx_word' id='word_1_352' title='bbox 693 2340 898 2371; x_wconf 86' lang='lat' dir='ltr'><strong>enumerat</strong></span> <span class='ocrx_word' id='word_1_353' title='bbox 916 2331 1157 2383; x_wconf 85' lang='lat' dir='ltr'><strong>Onuphrius.</strong></span> <span class='ocrx_word' id='word_1_354' title='bbox 1214 2333 1320 2371; x_wconf 81' lang='lat' dir='ltr'><strong>infra</strong></span> <span class='ocrx_word' id='word_1_355' title='bbox 1336 2332 1414 2372; x_wconf 91' lang='lat' dir='ltr'><strong>hoc</strong></span> <span class='ocrx_word' id='word_1_356' title='bbox 1436 2335 1539 2372; x_wconf 87' lang='lat' dir='ltr'><strong>libro</strong></span> 
     </span>
     <span class='ocr_line' id='line_1_41' title="bbox 75 2388 1538 2441; baseline 0 -13"><span class='ocrx_word' id='word_1_357' title='bbox 75 2391 176 2432; x_wconf 71' lang='lat'><strong>209.</strong></span> <span class='ocrx_word' id='word_1_358' title='bbox 231 2389 425 2427; x_wconf 80' lang='lat' dir='ltr'><strong>Martialis</strong></span> <span class='ocrx_word' id='word_1_359' title='bbox 447 2390 588 2441; x_wconf 88' lang='lat' dir='ltr'><strong>(quem</strong></span> <span class='ocrx_word' id='word_1_360' title='bbox 607 2397 869 2441; x_wconf 79' lang='lat' dir='ltr'><strong>cognomento</strong></span> <span class='ocrx_word' id='word_1_361' title='bbox 890 2390 1070 2441; x_wconf 86' lang='lat' dir='ltr'><strong>Coquum</strong></span> <span class='ocrx_word' id='word_1_362' title='bbox 1088 2396 1204 2427; x_wconf 80' lang='lat' dir='ltr'><strong>vocat</strong></span> <span class='ocrx_word' id='word_1_363' title='bbox 1225 2388 1313 2428; x_wconf 80' lang='lat' dir='ltr'><strong>Ioh-</strong></span> <span class='ocrx_word' id='word_1_364' title='bbox 1335 2391 1538 2430; x_wconf 85' lang='lat' dir='ltr'><strong>Saresber.</strong></span> 
     </span>
     <span class='ocr_line' id='line_1_42' title="bbox 78 2445 1545 2499; baseline -0.002 -12"><span class='ocrx_word' id='word_1_365' title='bbox 78 2448 105 2487; x_wconf 83' lang='grc'><strong>8</strong></span> <span class='ocrx_word' id='word_1_366' title='bbox 132 2445 209 2494; x_wconf 82' lang='lat'><strong>13,</strong></span> <span class='ocrx_word' id='word_1_367' title='bbox 251 2446 376 2483; x_wconf 85' lang='lat' dir='ltr'><strong>citans</strong></span> <span class='ocrx_word' id='word_1_368' title='bbox 403 2448 566 2484; x_wconf 87' lang='lat' dir='ltr'><strong>nomine</strong></span> <span class='ocrx_word' id='word_1_369' title='bbox 594 2448 720 2499; x_wconf 89' lang='lat' dir='ltr'><strong>Coqui</strong></span> <span class='ocrx_word' id='word_1_370' title='bbox 746 2449 992 2498; x_wconf 81' lang='lat' dir='ltr'><strong>epigramma</strong></span> <span class='ocrx_word' id='word_1_371' title='bbox 1022 2445 1131 2497; x_wconf 86' lang='lat' dir='ltr'><strong>quod</strong></span> <span class='ocrx_word' id='word_1_372' title='bbox 1158 2453 1218 2484; x_wconf 86' lang='lat' dir='ltr'><strong>est</strong></span> <span class='ocrx_word' id='word_1_373' title='bbox 1246 2445 1273 2487; x_wconf 87' lang='lat'>4</span> <span class='ocrx_word' id='word_1_374' title='bbox 1299 2446 1380 2498; x_wconf 87' lang='lat'><strong>56)</strong></span> <span class='ocrx_word' id='word_1_375' title='bbox 1417 2450 1442 2489; x_wconf 92' lang='lat'>8</span> <span class='ocrx_word' id='word_1_376' title='bbox 1466 2446 1545 2487; x_wconf 86' lang='lat'><strong>64:</strong></span> 
     </span>
     <span class='ocr_line' id='line_1_43' title="bbox 79 2501 1547 2544; baseline 0.001 -5"><span class='ocrx_word' id='word_1_377' title='bbox 79 2507 160 2539; x_wconf 77' lang='lat' dir='ltr'><strong>stat</strong></span> <span class='ocrx_word' id='word_1_378' title='bbox 179 2514 290 2538; x_wconf 71' lang='lat' dir='ltr'><strong>sacer</strong></span> <span class='ocrx_word' id='word_1_379' title='bbox 306 2501 483 2539; x_wconf 67' lang='lat' dir='ltr'><strong>edomitis</strong></span> <span class='ocrx_word' id='word_1_380' title='bbox 504 2502 682 2540; x_wconf 71' lang='lat' dir='ltr'><strong>hostibus</strong></span> <span class='ocrx_word' id='word_1_381' title='bbox 706 2517 825 2541; x_wconf 78' lang='lat' dir='ltr'><strong>arcus</strong></span> <span class='ocrx_word' id='word_1_382' title='bbox 842 2517 980 2541; x_wconf 72' lang='lat' dir='ltr'><strong>ovans.</strong></span> <span class='ocrx_word' id='word_1_383' title='bbox 1042 2502 1207 2540; x_wconf 89' lang='lat' dir='ltr'><strong>Sueton.</strong></span> <span class='ocrx_word' id='word_1_384' title='bbox 1227 2504 1377 2540; x_wconf 84' lang='lat' dir='ltr'><strong>Domit.</strong></span> <span class='ocrx_word' id='word_1_385' title='bbox 1399 2506 1464 2544; x_wconf 83' lang='grc'><strong>13.</strong></span> <span class='ocrx_word' id='word_1_386' title='bbox 1523 2516 1547 2539; x_wconf 87' lang='lat' dir='ltr'><strong>a</strong></span> 
     </span>
     <span class='ocr_line' id='line_1_44' title="bbox 80 2557 1548 2611; baseline 0 -16"><span class='ocrx_word' id='word_1_387' title='bbox 80 2557 311 2596; x_wconf 80' lang='lat' dir='ltr'><strong>nominibus</strong></span> <span class='ocrx_word' id='word_1_388' title='bbox 330 2558 663 2611; x_wconf 70' lang='lat' dir='ltr'><strong>triumphanfium</strong></span> <span class='ocrx_word' id='word_1_389' title='bbox 682 2558 777 2597; x_wconf 84' lang='lat' dir='ltr'><strong>dicti</strong></span> <span class='ocrx_word' id='word_1_390' title='bbox 795 2560 870 2599; x_wconf 82' lang='lat' dir='ltr'><strong>illi.</strong></span> <span class='ocrx_word' id='word_1_391' title='bbox 929 2557 1137 2598; x_wconf 85' lang='lat' dir='ltr'><strong>Claudian.</strong></span> <span class='ocrx_word' id='word_1_392' title='bbox 1160 2557 1209 2596; x_wconf 90' lang='lat' dir='ltr'><strong>de</strong></span> <span class='ocrx_word' id='word_1_393' title='bbox 1229 2562 1254 2600; x_wconf 90' lang='lat'>6</span> <span class='ocrx_word' id='word_1_394' title='bbox 1274 2561 1379 2597; x_wconf 88' lang='lat' dir='ltr'><strong>Hon.</strong></span> <span class='ocrx_word' id='word_1_395' title='bbox 1402 2571 1548 2597; x_wconf 89' lang='lat' dir='ltr'><strong>consu-</strong></span> 
     </span>
     <span class='ocr_line' id='line_1_45' title="bbox 82 2614 1552 2667; baseline 0 -16"><span class='ocrx_word' id='word_1_396' title='bbox 82 2614 191 2652; x_wconf 81' lang='lat' dir='ltr'><strong>latu:</strong></span> <span class='ocrx_word' id='word_1_397' title='bbox 214 2615 386 2652; x_wconf 68' lang='lat' dir='ltr'><strong>nominis</strong></span> <span class='ocrx_word' id='word_1_398' title='bbox 405 2629 546 2655; x_wconf 80' lang='lat' dir='ltr'><strong>arcum</strong></span> <span class='ocrx_word' id='word_1_399' title='bbox 560 2618 643 2653; x_wconf 87' lang='lat' dir='ltr'><strong>iam</strong></span> <span class='ocrx_word' id='word_1_400' title='bbox 662 2617 799 2653; x_wconf 83' lang='lat' dir='ltr'><strong>molita</strong></span> <span class='ocrx_word' id='word_1_401' title='bbox 819 2617 891 2654; x_wconf 84' lang='lat' dir='ltr'><strong>tui.</strong></span> <span class='ocrx_word' id='word_1_402' title='bbox 922 2615 1240 2667; x_wconf 81' lang='lat' dir='ltr'><strong>depingebantur</strong></span> <span class='ocrx_word' id='word_1_403' title='bbox 1255 2616 1295 2651; x_wconf 89' lang='lat' dir='ltr'><strong>in</strong></span> <span class='ocrx_word' id='word_1_404' title='bbox 1313 2614 1377 2653; x_wconf 91' lang='lat' dir='ltr'><strong>his</strong></span> <span class='ocrx_word' id='word_1_405' title='bbox 1393 2615 1552 2666; x_wconf 77' lang='lat' dir='ltr'><strong>captivi.</strong></span> 
     </span>
     <span class='ocr_line' id='line_1_46' title="bbox 84 2668 1557 2721; baseline -0.001 -13"><span class='ocrx_word' id='word_1_406' title='bbox 84 2675 200 2708; x_wconf 68' lang='lat' dir='ltr'><strong>vetus</strong></span> <span class='ocrx_word' id='word_1_407' title='bbox 227 2668 440 2709; x_wconf 82' lang='lat' dir='ltr'><strong>scholiasta</strong></span> <span class='ocrx_word' id='word_1_408' title='bbox 462 2674 663 2711; x_wconf 79' lang='lat' dir='ltr'><strong>Iuvenalis</strong></span> <span class='ocrx_word' id='word_1_409' title='bbox 696 2672 748 2710; x_wconf 84' lang='lat' dir='ltr'><strong>ad</strong></span> <span class='ocrx_word' id='word_1_410' title='bbox 766 2672 870 2711; x_wconf 92' lang='lat' dir='ltr'><strong>illud</strong></span> <span class='ocrx_word' id='word_1_411' title='bbox 889 2680 964 2711; x_wconf 83' lang='lat' dir='ltr'><strong>sat.</strong></span> <span class='ocrx_word' id='word_1_412' title='bbox 987 2674 1064 2713; x_wconf 88' lang='lat'><strong>10:</strong></span> <span class='ocrx_word' id='word_1_413' title='bbox 1103 2685 1256 2710; x_wconf 77' lang='lat' dir='ltr'><strong>summo</strong></span> <span class='ocrx_word' id='word_1_414' title='bbox 1279 2672 1403 2708; x_wconf 49' lang='lat' dir='ltr'><strong>tristi}</strong></span> <span class='ocrx_word' id='word_1_415' title='bbox 1425 2671 1557 2721; x_wconf 77' lang='lat' dir='ltr'><strong>capti-</strong></span> 
     </span>
     <span class='ocr_line' id='line_1_47' title="bbox 86 2726 1555 2782; baseline 0 -16"><span class='ocrx_word' id='word_1_416' title='bbox 86 2739 164 2766; x_wconf 72' lang='lat' dir='ltr'><strong>vus</strong></span> <span class='ocrx_word' id='word_1_417' title='bbox 183 2726 229 2764; x_wconf 84' lang='lat' dir='ltr'><strong>in</strong></span> <span class='ocrx_word' id='word_1_418' title='bbox 246 2739 359 2765; x_wconf 80' lang='lat' dir='ltr'><strong>arcu.</strong></span> <span class='ocrx_word' id='word_1_419' title='bbox 421 2734 462 2767; x_wconf 89' lang='lat' dir='ltr'><strong>et</strong></span> <span class='ocrx_word' id='word_1_420' title='bbox 477 2730 615 2782; x_wconf 85' lang='lat' dir='ltr'><strong>spoliis</strong></span> <span class='ocrx_word' id='word_1_421' title='bbox 634 2727 846 2770; x_wconf 76' lang='lat' dir='ltr'><strong>hostilibus</strong></span> <span class='ocrx_word' id='word_1_422' title='bbox 866 2729 1103 2782; x_wconf 76' lang='lat' dir='ltr'><strong>exuviisque</strong></span> <span class='ocrx_word' id='word_1_423' title='bbox 1120 2727 1374 2767; x_wconf 80' lang='lat' dir='ltr'><strong>ornabantur.</strong></span> <span class='ocrx_word' id='word_1_424' title='bbox 1431 2727 1555 2766; x_wconf 81' lang='lat' dir='ltr'><strong>Clau-</strong></span> 
     </span>
    </p>
   </div>
  </div>
 </body>
</html>
