1702 3060
1663 0 1699 152 -.cgjffl

255 89 350 136 248
744 96 892 136 MAZZ
900 95 1183 138 UCCHELLII

361 197 456 240 401.
513 213 739 250 consurgere
759 200 904 238 hellam
922 204 1028 252 Virg.
1049 202 1154 239 Aen.
1177 204 1202 242 8
1232 203 1325 244 637.

362 264 456 305 402.
515 267 620 314 Virg.
641 266 745 302 Aen.
771 268 821 307 10
850 271 951 308 707:
983 269 1030 305 de
1046 267 1238 305 montibus
1253 269 1346 306 altis
1359 276 1471 306 actae
1487 282 1594 318 aper.

361 329 454 371 403·
513 331 619 380 Vil'g·
641 332 746 368 Aen·
772 335 821 372 12
854 333 950 374 149:
980 349 1086 372 nnnc
1113 335 1290 372 iuuenem
1319 335 1533 384 imparibus·
1565 334 1697 372 νίἅεοῖ

251 397 475 420 concurrere
485 386 606 435 satis.
1687 379 1694 408 δ

359 448 452 489 404.
509 450 690 488 Barthius
705 453 874 490 Aah-ers.
889 451 942 494 42
973 456 1023 495 13
1053 455 1124 492 col.
1149 456 1251 496 1891
1276 455 1548 493 animadvertit
1567 457 1695 506 apud·

255 504 463 541 Sidonium,
489 506 664 556 aliosque
694 509 775 544 eius
804 511 893 544 aem*
922 517 956 544 el
979 512 1133 559 generis
1161 513 1364 560 scriptores
1383 513 1578 562 paginam
1608 511 1624 562 (
1635 519 1692 548 ut·

250 557 325 595 hoc
344 559 447 610 loci)
478 562 678 610 epistolam
697 563 912 614 designare.
969 565 1038 601 sed
1056 573 1149 616 puto
1170 567 1287 602 etiam
1307 568 1435 617 ipsum
1451 569 1675 604 Ciceronem

252 627 456 664 usurpasse
475 619 660 666 paginam
683 631 751 668 pro
771 621 934 668 epistola
952 622 1079 669 Epist.
1095 622 1208 657 Is'am.
1224 623 1273 661 16
1302 621 1327 661 4
1340 651 1349 669 ‚
1379 623 1447 658 ubi
1464 624 1539 658 ait:
1571 624 1675 659 varie

247 683 335 705 sam
359 671 524 721 affictus
553 673 630 708 tais
657 673 810 718 litteris,
840 675 956 711 valde
964 679 1097 725 priore
1109 678 1266 726 pagina
1276 677 1545 726 perturbata-5,
1561 691 1676 730 pazh—

247 724 331 760 lum
349 726 474 762 altera
490 734 700 773 recreata&
731 736 769 764 et
785 729 910 766 Attio.
934 733 958 769 6
989 734 1034 769 2:
1067 735 1250 781 quoniam
1268 733 1451 781 respondi
1460 740 1677 782 postremae

248 787 337 816 tuae
352 783 531 831 paginae
542 783 677 830 prima
697 796 800 827 mea,
830 798 935 820 nanc
953 785 1009 821 ad
1019 789 1195 835 primam
1213 795 1383 823 revertar
1400 795 1522 824 tuam.
1580 787 1676 826 haee

250 841 379 871 tamen
417 838 598 886 exempla
639 839 878 876 Forcellinus
908 841 1026 877 refert
1055 841 1106 878 ad
1138 842 1382 892 probandum
1417 842 1674 896 quodcunque

247 893 434 941 scriptum
459 891 607 929 dictum
625 894 745 930 fuisse
765 897 964 944 pagiuam.

356 969 449 1010 408.
506 983 567 1007 ms
593 972 750 1016 Cosina,
780 971 850 1009 sed
869 973 969 1008 infra
992 972 1017 1012 4
1048 973 1149 1020 510,
1177 976 1202 1014 6
1233 971 1312 1013 245
1342 981 1380 1010 et
1407 978 1433 1016 7
1461 977 1554 1022 371,
1579 975 1672 1023 439,

247 1021 339 1070 458,
363 1023 444 1066 465
467 1032 505 1060 et
525 1027 603 1067 475
624 1027 767 1075 legitur
789 1028 947 1063 Casina.
1007 1041 1028 1063 n
1051 1030 1238 1078 Procopio
1262 1036 1391 1065 autem
1410 1037 1567 1067 vocatur
1596 1032 1672 1069 Ca·-

247 1080 356 1115 zt'nas
388 1079 434 1115 de
470 1080 568 1117 hello
608 1082 736 1118 Vand.
767 1085 792 1120 2
826 1086 874 1122 10
904 1090 941 1119 et
978 1084 1161 1121 Culzinas
1189 1097 1220 1119 c.
1247 1083 1298 1124 25
1332 1091 1368 1121 et
1396 1086 1467 1132 28,
1502 1087 1596 1122 item
1627 1087 1673 1122 cle

244 1133 343 1170 bello
365 1135 481 1172 Gollz.
501 1136 527 1175 4
559 1138 623 1177 17.
671 1150 692 1172 a
711 1135 794 1173 Ioh.
808 1139 950 1174 Malala
968 1140 1007 1174 in
1025 1139 1244 1175 Iustiniana
1259 1138 1362 1188 p-84
1380 1138 1441 1175 ed.
1454 1142 1552 1178 Ven.
1569 1144 1671 1182 1733

242 1196 402 1226 vocatur
424 1191 614 1227 Catzines.
655 1193 695 1227 in
714 1194 895 1229 Historia
916 1201 1044 1230 autem
1063 1194 1231 1230 fllisvell.
1253 1193 1355 1243 apud
1372 1196 1554 1233 Murator.
1578 1197 1671 1232 Rer.

244 1245 374 1280 Italic.
407 1247 621 1294 Scriptores
651 1253 680 1283 t.
715 1252 733 1287 1
773 1261 811 1297 p.
845 1251 920 1288 110
948 1256 1107 1285 vocatur
1147 1250 1352 1295 Chzm'nas;
1391 1257 1429 1286 et
1458 1251 1605 1288 ibide-m
1633 1253 1670 1287 in

239 1306 331 1335 nota
350 1302 400 1339 37
423 1301 690 1350 subiungitur:
719 1302 834 1338 aliter
855 1304 1062 1347 Caatiuas,
1091 1304 1145 1340 al.
1172 1305 1369 1340 Cutzinus.
1427 1307 1467 1341 in
1485 1308 1602 1356 priori
1621 1320 1672 1343 ex

241 1356 366 1391 citatis
394 1357 490 1392 locis
510 1358 690 1406 Procopii
712 1358 744 1394 is
762 1365 892 1394 narrat
913 1372 1013 1395 anno
1034 1359 1114 1400 534
1139 1359 1257 1396 fuisse
1281 1360 1463 1396 Cusinam
1486 1362 1671 1399 barbaro-

240 1423 327 1445 rum
345 1412 573 1447 Maurorum
594 1411 733 1448 ducem
754 1414 959 1450 rebellium
977 1416 1017 1450 in
1037 1415 1230 1451 Romanos
1249 1421 1378 1450 contra
1397 1416 1670 1464 Solomonem3

240 1472 277 1501 et
298 1467 338 1501 in
358 1465 529 1503 secundo
549 1480 600 1503 ex
618 1469 742 1504 citatis
762 1469 859 1505 locis
881 1471 1059 1519 Procopii
1080 1470 1222 1519 legitur
1245 1469 1350 1520 quod
1370 1470 1557 1508 ZVamidc's
1576 1472 1671 1509 Cut-

238 1521 350 1557 zc'nas
376 1529 413 1557 et
439 1521 590 1559 Iabdas
618 1522 879 1571 imperabant,
911 1525 1130 1574 Byzacem's
1151 1525 1344 1561 Antallas
1365 1525 1437 1561 sub
1463 1527 1668 1564 Gonthmi.

239 1575 286 1612 de
309 1577 596 1613 Mastracianis
614 1579 768 1628 populis
794 1580 955 1616 fortasse
975 1579 1182 1616 Numidiae
1195 1609 1204 1626 ,
1235 1593 1332 1631 quos
1351 1594 1484 1618 secum
1505 1582 1670 1619 adduxit

239 1633 425 1678 Cusinas,
455 1631 556 1668 nihil
572 1634 746 1670 iuvenire
764 1637 874 1684 potui
894 1635 998 1685 apud
1017 1634 1273 1685 geographos.
1331 1637 1442 1685 plura
1467 1637 1514 1674 de
1532 1637 1670 1674 eodem

241 1693 356 1736 atque
385 1687 433 1723 de
463 1690 546 1724 eius
572 1687 648 1724 fide
673 1690 714 1724 in
741 1691 936 1727 Romanos
964 1690 1084 1728 habes
1116 1704 1166 1727 ex
1192 1689 1267 1727 hoc
1294 1692 1451 1743 Corippi
1467 1697 1669 1743 poemate-3

238 1742 344 1778 illius
365 1749 495 1779 autem
514 1743 713 1780 infelicem
734 1747 886 1781 exitum
903 1753 1032 1782 narrat
1050 1747 1192 1782 Malala
1211 1747 1238 1782 l.
1263 1759 1295 1782 c.

350 1807 443 1847 410.
501 1811 670 1858 primam
689 1811 730 1845 in
752 1811 944 1860 Pelagius
962 1812 1140 1861 producit
1164 1815 1280 1849 etiam
1308 1813 1349 1850 S.
1370 1814 1537 1863 Prosper
1566 1812 1669 1863 apud

238 1864 469 1900 Ricciolium
486 1865 528 1899 in
548 1865 738 1900 Pro-§odia
755 1866 985 1915 refhrmata,
1009 1870 1074 1918 qui
1093 1870 1227 1904 recitat
1246 1867 1350 1904 hunc
1365 1869 1472 1904 illius
1491 1880 1667 1904 versum:

239 1918 338 1968 qaid
347 1919 505 1967 prodest
522 1919 647 1955 verbis
665 1929 921 1957 commentum
940 1922 1218 1972 Pelagianam.
1274 1922 1345 1959 sed
1362 1925 1535 1972 Baptista
1554 1925 1668 1959 Man-

239 1981 403 2019 tuanus,
449 1987 566 2025 quem
608 1982 811 2024 propterea
852 1976 1101 2026 reprehendit
1133 1977 1239 2014 idem
1267 1979 1475 2014 Ricciolius
1507 1977 1666 2026 ibidem,

239 2030 423 2079 corripuit
460 2031 503 2066 in
535 2028 612 2066 hoc
646 2043 784 2067 versu:
823 2034 1059 2082 amnipotens
1097 2034 1261 2082 ,sumptis
1298 2033 1441 2070 audere
1477 2033 1669 2083 Pelagius

233 2098 368 2121 armis.

344 2148 439 2190 411.
496 2151 581 2188 Val.
611 2151 738 2188 Flacc.
766 2155 793 2193 2
828 2155 905 2194 69:
948 2154 1092 2191 Cereris
1122 2167 1279 2190 munere
1297 2154 1434 2204 J'essas
1461 2155 1667 2190 restituunt

232 2206 343 2241 vires.

342 2269 437 2310 412.
494 2272 602 2320 prius
634 2272 838 2322 legebatur
867 2274 908 2310 in
939 2274 1071 2311 codice
1097 2275 1292 2325 insane-eg
1322 2275 1392 2312 sed
1415 2275 1666 2326 postmodum

233 2328 271 2362 in
307 2326 484 2375 pluribus
516 2327 657 2364 litteris
684 2328 928 2367 intermediis
955 2329 1052 2367 haec
1077 2343 1157 2367 vox
1185 2329 1282 2368 adeo
1300 2331 1374 2367 fuit
1392 2332 1598 2368 immutata
1623 2337 1666 2367 ut

232 2383 382 2418 nescias
401 2379 497 2431 quid
518 2381 640 2430 legas.

339 2446 435 2486 415.
493 2448 614 2482 versis
626 2447 733 2496 satis·
751 2450 858 2499 Virg.
878 2450 983 2487 Aen.
1008 2454 1052 2492 11
1085 2452 1178 2490 287·

341 2512 434 2553 417.
485 2519 716 2561 pervenerat
753 2527 854 2550 oras.
913 2517 1094 2566 exempla
1122 2529 1173 2552 ex
1201 2514 1339 2552 Ovidio
1378 2523 1416 2553 et
1447 2514 1661 2553 Claudiano

233 2568 350 2606 huius
379 2567 487 2604 verbi
514 2580 602 2603 cum
634 2567 716 2603 solo
740 2572 958 2607 accusativo
978 2571 1066 2607 vide
1089 2570 1192 2620 apud
1210 2571 1492 2618 Forcelliuum,
1521 2571 1661 2621 quibus

233 2623 375 2660 addere
403 2629 511 2674 potes
539 2621 648 2658 aliud
673 2622 876 2660 Claudiani
901 2627 1127 2676 exemplum
1147 2639 1199 2663 ex
1220 2639 1337 2664 carm.
1362 2627 1412 2668 15
1442 2629 1542 2668 326:
1575 2627 1661 2661 He-

233 2680 400 2730 speriam
414 2678 591 2728 pervenit
606 2690 719 2714 ανιιε.
