1702 3060
362 142 422 187 IN
456 141 808 187 IOHANNIDOS
841 142 909 186 VI
940 141 1142 186 NOTAE.
1373 140 1473 188 281

52 264 94 284 αἱ*
120 253 189 297 95.
247 252 298 292 de
317 252 432 292 laud.
462 258 489 297 ὃ
511 257 594 296 300
624 261 787 293 vocatur
818 253 939 292 etiam
970 251 1036 291 dei
1065 252 1169 296 filius
1196 252 1408 306 factorque
1437 259 1476 292 et

32 300 187 357 abactor
206 309 325 349 orbis.

20 387 23 389 ·
53 382 63 393 ·
120 369 190 409 96.
245 369 344 405 Luc.
370 369 420 408 21
444 369 521 408 27:
562 374 599 404 et
628 375 724 404 tune
750 366 944 405 videbunt
954 367 1099 416 filium
1122 366 1294 404 hominis
1314 368 1477 406 venien-

35 437 89 468 {m
106 437 198 462 cum
208 430 402 475 potestate
419 437 572 475 magna
589 431 627 460 et
643 425 860 461 maiestate.

126 483 219 522 102.
276 482 320 518 in
347 486 482 518 nostro
518 479 653 518 codIce
682 494 800 532 saepe
825 486 885 518 est
905 478 1045 517 tellum
1061 493 1151 517 cum
1173 477 1323 530 duplici
1343 480 1378 528 l,·
1406 478 1479 518 sed

16 549 88 574 ··.0c
113 537 194 575 loci
219 536 436 588 legendum
457 548 542 574 esse
563 536 670 574 bella
692 550 767 576 nos
799 535 914 575 docet
934 537 1006 574 Ps.
1030 539 1083 578 67
1104 539 1178 578 32;
1210 536 1362 587 dissipat
1377 551 1481 588 gen-

21 607 85 640 em,
114 606 217 646 quae
236 593 341 631 bella
360 592 513 631 volant.
1445 620 1448 622 ,

126 652 217 691 106.
275 651 493 701 iterumque
510 651 731 701 iterumque
748 651 858 701 Virg.
879 648 988 686 Aen.
1018 651 1047 690 2
1064 651 1146 690 770
1166 656 1204 686 et
1225 652 1250 691 3
1269 647 1367 690 436.

125 707 220 747 108.
255 737 257 739 .
277 718 350 757 pro
374 707 592 757 suscipiens
614 707 768 744 faciunt
802 712 1015 758 sequentes
1044 712 1181 743 textus
1206 706 1350 743 Sacrae
1371 704 1482 744 Scri-

27 767 171 810 &ml-ae,
200 775 346 813 nempe
367 763 491 800 Prov.
516 762 542 803 4
564 762 614 803 4:
645 764 842 813 suscipiat
866 762 988 799 verba
1009 776 1097 799 mea
1119 776 1186 799 cor
1203 769 1334 808 tuum,
1366 769 1404 799 et
1422 762 1480 799 ib.

31 832 52 855 ·.
74 821 146 860 1ος
173 820 327 870 suscipe
344 818 465 857 verba
485 833 591 867 mea;
620 819 776 858 Ecolos.
798 823 825 861 2
845 823 896 862 2:
927 819 1081 869 suscipe
1100 818 1220 856 verba
1240 818 1480 865 intellectus-5

23 873 108 912 Act.
131 876 184 916 17
206 876 280 916 11:
320 883 576 927 susceperunt
605 876 788 924 verbum;
822 883 861 914 et
881 878 959 914 Iac.
979 876 1111 926 Epist.
1144 877 1167 916 1
1188 877 1266 916 21:
1296 876 1483 926 suscipite

15 931 174 969 ‘mitum
199 931 377 970 verbum.

125 989 220 1028 111.
277 989 444 1026 fortasse
461 989 653 1040 Corippus
672 1001 768 1039 prae
788 988 913 1026 oculis
932 986 1073 1025 habuit
1092 989 1330 1025 contrariam
1346 988 1481 1037 Virgi-

27 1044 59 1082 ii
73 1046 312 1082 sententiam
328 1045 437 1082 Aen.
461 1047 488 1093 2
509 1045 615 1086 354:
637 1059 720 1082 una
737 1044 850 1094 salus
871 1046 988 1082 vic-tis
1010 1044 1170 1081 nullam
1188 1058 1347 1095 sperare
1367 1045 1482 1081 salu-

29 1114 102 1138 em.
163 1103 312 1154 poteris
341 1108 475 1138 tamen
497 1114 658 1139 versum
686 1103 879 1152 corrigere
904 1102 981 1138 alio
999 1100 1142 1150 modo,
1173 1103 1230 1139 ita
1254 1108 1299 1138 ut
1325 1100 1482 1138 desinat

15 1163 57 1196 .1t
78 1159 183 1197 infra
202 1171 243 1196 v.
269 1159 371 1199 139:
396 1171 585 1209 pugnam
604 1171 761 1208 sperare
780 1165 1016 1210 sequentem.

129 1214 224 1256 114.
281 1227 344 1252 ms
365 1228 434 1252 are
460 1216 584 1261 ciens5
626 1214 798 1267 ideoque
827 1221 964 1252 auctor
981 1210 1267 1251 periocharum
1291 1216 1484 1265 scriptum

18 1270 175 1325 wliquit
195 1269 303 1323 quod
325 1270 464 1308 ductor
485 1271 601 1308 vadit
618 1272 676 1309 acl
693 1273 883 1309 Elissam.
947 1269 1018 1308 sed
1045 1268 1264 1320 legendum
1287 1284 1373 1309 esse
1396 1284 1485 1308 aere

0 1330 190 1380 &suggerit
210 1329 320 1378 Virg.
342 1327 452 1365 Aen.
480 1330 504 1367 6
530 1327 607 1368 165
622 1357 632 1376 ,
664 1331 732 1380 qui
754 1329 916 1379 incipit:
946 1340 1036 1364 aere
1056 1327 1157 1362 ciere
1176 1327 1295 1364 viros.
1357 1327 1412 1364 ib.
1434 1329 1487 1370 10

9 1386 118 1426 ¹122:
146 1398 244 1422 rara
260 1397 394 1421 muros
413 1385 567 1421 cinxere
585 1397 743 1423 corona.

129 1443 222 1483 118.
282 1439 423 1478 Claud.
454 1442 498 1477 in
521 1442 647 1491 prim.
680 1440 933 1478 consulatum
962 1438 1195 1476 Stilichonis
1221 1442 1248 1481 2
1272 1442 1351 1483 69:
1393 1452 1488 1477 oon-

19 1497 176 1551 l'ringas
196 1498 391 1535 animum.

127 1556 224 1597 129.
284 1552 443 1591 iuvabit
464 1555 676 1606 quinquies
694 1554 886 1604 Virgilius
909 1553 1043 1604 posuit
1061 1552 1199 1589 infme
1219 1565 1374 1591 versus.

131 1610 225 1652 135.
285 1624 425 1647 curam
445 1609 518 1647 sub
539 1611 653 1647 corde
666 1609 875 1661 premebat
896 1612 1006 1661 Virg.
1026 1610 1136 1646 Aen.
1159 1607 1186 1650 4
1205 1611 1302 1652 332.

131 1668 228 1709 136.
285 1668 394 1718 Virg.
423 1667 569 1719 Georg.
592 1670 618 1709 3
642 1668 745 1708 523:
777 1681 966 1717 campum
978 1668 1092 1717 petit.
1516 1683 1518 1688 ·

129 1725 224 1764 137.
283 1724 333 1761 cf.
362 1723 411 1761 de
428 1723 540 1761 laud.
574 1726 600 1764 3
632 1723 814 1767 354—6
844 1731 882 1760 et
901 1723 1130 1775 Dempsteri
1156 1723 1200 1759 in
1230 1735 1324 1759 eum
1353 1722 1487 1759 locum

4 1786 123 1817 mota.
181 1780 286 1818 inter
323 1781 401 1817 alia
437 1781 665 1818 testimonia
694 1781 779 1817 illic
809 1781 931 1817 allata
962 1781 1176 1831 praecipua
1211 1779 1488 1816 observatione

3 1834 184 1887 dignum
204 1843 264 1874 est
282 1836 387 1875 illud
405 1837 618 1875 Sozomeni
642 1838 664 1876 1
678 1866 688 1885 ‚
721 1839 790 1889 qui
818 1836 921 1874 haec
944 1836 1088 1874 habet:
1120 1838 1401 1874 Romanorum
1421 1849 1489 1872 00-

3 1891 163 1939 mortes,
191 1894 263 1945 qui
282 1893 391 1931 nunc'·
415 1895 571 1931 numeri
596 1894 799 1932 dic-untur.
863 1895 941 1931 alia
962 1895 1160 1944 congessit
1178 1893 1426 1930 Forcellinus
1444 1894 1488 1930 in

3 1960 89 1987 ÷suo
109 1949 245 1987 lexico.
307 1957 443 1988 noster
471 1957 606 1988 autem
635 1957 770 1988 auctor
791 1952 917 1987 utitur
939 1949 1081 1988 eadem
1099 1963 1195 1987 voce
1219 1950 1335 1998 alibi,
1366 1956 1411 1987 ut
1434 1962 1488 1986 ex

6 2004 176 2055 {Indiceg
217 2013 257 2044 et
283 2007 388 2044 infra
420 2010 447 2048 7
476 2008 558 2049 641
592 2020 726 2047 rursus
753 2009 933 2059 scripsit:
972 2009 1094 2058 signa
1119 2007 1316 2057 ducesque
1345 2006 1487 2052 simul,

3 2065 172 2101 inumeri
183 2063 392 2115 fortesque
416 2063 579 2101 tribuni.
981 2094 983 2096 .

132 2121 228 2161 138.
275 2120 478 2171 favendo,
505 2134 650 2171 nempe
671 2119 890 2167 blanditiis,
921 2119 1284 2166 acclamationibus,
1317 2119 1488 2169 upplan-a

4 2183 89 2233 ’ξας
127 2177 206 2215 nisi
233 2178 362 2215 mavis
385 2177 519 2228 legere
531 2177 732 2229 fovendo,
767 2184 811 2214 ut
840 2177 936 2214 alibi
965 2178 1010 2213 in
1037 2174 1115 2213 hoc
1139 2179 1347 2226 poemate:
1376 2176 1491 2227 jovit

0 2255 6 2267 2
115 2247 149 2278 ε,

16 2236 115 2307 w
132 2292 228 2332 139.
285 2291 521 2342 sequentem]
544 2290 696 2327 scilicet
713 2288 998 2340 obsequentem.
1062 2287 1170 2340 quod
1189 2289 1223 2326 si
1241 2301 1323 2326 non
1343 2288 1490 2340 placet,

18 2345 111 2398 lege
136 2347 371 2393 secundam,
410 2354 454 2384 ut
485 2345 593 2398 apud
621 2347 831 2383 Caesarem
862 2345 910 2382 cle
933 2345 1033 2384 bello
1064 2345 1177 2382 Gall.
1210 2349 1238 2387 2
1269 2347 1317 2385 9:
1351 2359 1493 2383 seeun-

20 2402 320 2454 dl'oreequitum-
339 2411 563 2441 nostrorum
576 2402 728 2453 proelio
754 2403 903 2440 Caesar
920 2416 1012 2440 suos
1035 2403 1078 2438 in
1101 2409 1233 2439 castra
1250 2402 1424 2449 reduxit;
1456 2408 1494 2438 et

20 2458 50 2499 7
71 2461 146 2500 623
179 2467 227 2496 ut
242 2473 340 2498 suae
351 2461 550 2511 pristinae
567 2461 726 2497 virtutis
744 2466 781 2496 et
798 2466 853 2496 tot
865 2459 1239 2496 secundissimorum
1245 2458 1494 2509 proeliorum

22 2517 252 2553 mernoriam
274 2523 461 2555 tenerent.

134 2570 234 2614 143.
288 2574 351 2612 bis
378 2580 574 2611 memorat
591 2573 807 2623 Procopius
827 2570 933 2609 hanc
952 2572 1117 2620 urbem,
1154 2571 1203 2609 de
1227 2570 1328 2607 bello
1354 2569 1488 2608 Vand.

23 2628 54 2668 2
72 2629 128 2668 22
148 2634 187 2664 et
203 2631 272 2672 28.
329 2632 538 2682 posterior-i
566 2628 644 2667 hoc
667 2631 754 2668 loco
788 2629 994 2668 confirmat
1022 2628 1131 2682 quod
1162 2642 1185 2665 a
1212 2634 1347 2665 nostro
1377 2629 1496 2676 poeta

23 2679 94 2721 hio
110 2691 312 2722 nan-atur:
333 2684 410 2723 hoc
427 2700 575 2725 nomen
595 2687 744 2725 Graece
765 2693 825 2724 est
843 2685 997 2724 ibidem
1015 2686 1055 2732 ἐς
1073 2685 1283 2737 Λαρίβους
1293 2698 1309 2730 ,-
1342 2688 1494 2732 estque,

24 2745 203 2791 utputat
221 2741 448 2780 Morcellius
476 2743 614 2794 Afiic.
642 2743 788 2781 Christ.
818 2750 848 2780 t.
880 2744 903 2783 1
935 2757 977 2793 p.
1008 2743 1110 2789 199,
1151 2740 1262 2779 idem
1291 2751 1337 2774 ac
1357 2738 1496 2774 civitas

25 2795 211 2846 lemensis
230 2798 399 2837 Victoris
419 2799 613 2848 Vitmxsis,
653 2812 776 2852 quam
795 2797 974 2836 Laribus
993 2797 1189 2836 coloniam
1209 2794 1305 2834 dicit
1323 2794 1498 2833 Itinera-
