1702 3060
268 151 366 196 280
767 151 1206 194 MAZZUCCHELLII

267 274 290 298 a
311 262 412 298 clero
430 258 715 297 Mediolanensi
738 257 866 296 adhuc
884 266 1096 297 retentam:
1125 261 1168 296 in
1188 272 1336 296 vanum
1353 261 1523 311 vigilant
1540 263 1610 311 qui
1623 275 1690 299 cw-

265 317 439 353 stodiunt
457 329 555 351 eam.
603 316 658 352 sic
678 316 796 351 etiam
816 316 959 365 legitur
977 314 1081 365 apud
1100 315 1141 352 S.
1163 315 1412 352 Ambrosium
1435 315 1482 353 de
1497 317 1697 362 Paradiso

263 385 297 407 c.
316 370 355 418 4,
377 372 547 420 Operum
567 377 597 406 t.
613 372 634 409 1
657 370 729 406 col.
746 370 822 411 154
844 370 906 407 ed.
921 373 1135 408 Maurinae.
1165 369 1256 408 vide
1276 377 1315 407 et
1326 371 1502 408 Sabatier
1519 370 1692 410 Bibltom

267 426 379 469 Sacr,
404 426 529 485 antiq.
559 425 605 462 V
597 427 733 462 erston.
753 419 785 462 t.
807 429 832 466 2
854 439 895 476 p.
920 426 1014 466 255.

370 479 438 522 55.
497 487 617 530 caput
633 480 820 518 obiectare
833 481 996 532 periclis
1016 482 1123 531 Virg.
1144 479 1250 517 Aen.
1273 482 1299 520 2
1316 478 1410 521 752.

371 537 521 576 82—3.
578 537 685 586 Virg.
716 536 822 575 Aen.
850 539 874 577 3
905 537 984 579 589
1014 543 1052 573 et
1083 537 1109 576 4
1142 538 1189 575 7:
1227 535 1524 586 humentemque
1549 545 1694 584 aurora

254 589 349 638 polo
373 590 589 628 dimoverat
603 592 801 637 umbram,
832 599 869 629 et
896 595 943 632 11
962 594 1064 632 210:
1096 592 1207 628 tertia
1224 590 1294 628 lux
1312 590 1490 642 gelidam
1508 590 1613 635 eaelo
1629 591 1694 627 dt-

262 653 435 682 moverat
454 646 647 683 umbram.
706 661 744 684 v.
776 660 892 698 supra
918 649 938 686 1
960 649 1139 687 242—3
1167 653 1205 683 et
1235 647 1283 686 de
1302 647 1411 694 laud,
1437 649 1464 686 2
1485 649 1523 687 1.
1579 645 1692 685 Ovid.

262 699 310 736 de
327 700 430 738 Arte
450 704 475 741 3
497 705 598 743 18οτ
629 703 781 739 roscida
797 702 979 752 luciferos
996 716 1086 738 cum
1104 703 1176 739 dea
1193 703 1322 751 iungit
1339 715 1467 752 eqzws.

374 756 442 796 85.
471 758 639 792 Martial.
662 758 713 797 10
734 760 803 798 1οτ
835 764 872 793 et
881 758 1033 806 par-iter
1044 760 1226 808 geminas
1247 757 1374 794 tendis*
1388 758 1432 806 iu
1449 770 1518 793 ora
1535 770 1687 794 manm-

371 812 440 851 86.
497 813 603 862 Virg.
624 812 713 848 Ecl.
739 811 763 852 5
787 812 862 853 15:
891 812 1064 848 hesterno
1088 812 1244 849 Iaccho.

375 867 444 906 87.
498 874 695 916 postrema
714 880 804 918 pars
819 867 936 904 huius
951 869 1058 905 vocis
1076 868 1226 921 supinis
1244 868 1380 913 abrasa
1395 868 1471 904 fuit
1487 868 1530 903 in
1547 866 1694 914 codice,

266 919 334 956 ubi
354 921 491 957 visitur
511 929 664 960 tantum
683 936 756 972 sup
771 951 779 959 .
811 925 919 972 Virg.
940 922 1046 961 Aen.
1067 925 1091 962 3
1115 924 1298 963 176—7:
1328 922 1514 972 tendoque
1531 923 1694 971 supinas

265 974 323 1010 acl
350 976 502 1013 caelum
531 991 621 1014 cum
650 991 741 1014 voce
767 992 927 1023 manus,
966 985 1006 1014 et
1029 977 1055 1018 4
1077 978 1183 1019 205:
1212 977 1339 1017 multa
1358 978 1490 1025 Iovem
1514 975 1694 1024 munibat

265 1031 431 1079 supplex
446 1046 575 1069 orasse
596 1035 760 1082 supinis.

376 1088 444 1127 88.
502 1088 552 1124 cf.
574 1088 621 1124 de
644 1088 755 1124 laud.
775 1091 800 1128 3
823 1090 903 1129 360
922 1093 960 1124 et
978 1090 1005 1127 2
1026 1088 1120 1128 181.

374 1142 441 1181 89.
499 1144 569 1192 qui
573 1143 736 1193 foedere
754 1150 853 1179 certo
872 1144 977 1192 Virg.
999 1142 1091 1178 Aen
1130 1143 1152 1181 1
1175 1144 1242 1189 66.1
1591 1158 1593 1160 ·

375 1197 441 1236 91.
499 1198 599 1234 Dan.
620 1200 646 1237 2
663 1200 738 1238 21:
769 1205 804 1233 et
817 1199 898 1247 ipse
913 1204 1040 1234 mutat
1060 1204 1232 1246 tempora
1251 1204 1287 1233 et
1304 1203 1460 1233 aetates.
1522 1197 1592 1233 Ps.
1616 1197 1695 1236 101

264 1251 342 1292 28:
375 1256 418 1286 tu
438 1259 570 1288 autem
589 1252 691 1288 idem
718 1255 798 1302 ipse
818 1267 873 1308 fs,
912 1260 949 1289 et
973 1254 1072 1288 anni
1100 1254 1159 1289 tui
1184 1266 1259 1288 non
1287 1253 1477 1299 deficient.
1537 1253 1634 1287 item
1651 1251 1697 1288 Sr

265 1304 495 1343 Ambrosius
516 1308 558 1343 in
579 1310 751 1345 oratioue
769 1309 990 1358 vespertina
1007 1307 1157 1344 sabbati
1178 1309 1289 1344 iuxta
1318 1307 1550 1344 breviarium
1575 1306 1697 1342 eccle-

265 1361 346 1396 siae
376 1361 708 1399 Mediolanensts:
750 1363 861 1408 deus,
900 1364 970 1413 qui
998 1376 1114 1411 super
1143 1364 1274 1399 omnia
1304 1361 1512 1398 mutabilia
1528 1378 1529 1381 ¹
1547 1362 1620 1412 (sic
1653 1363 1695 1398 iu

263 1416 444 1453 omnibus
466 1419 638 1468 antiquis
663 1417 858 1455 codicibus
883 1425 969 1466 tum¹
987 1430 1068 1454 mss
1091 1431 1180 1454 cuin
1197 1419 1408 1468 impressis,
1437 1429 1518 1454 non
1534 1416 1696 1453 mirabi-

264 1469 339 1515 lia,
368 1478 412 1508 ut
428 1472 616 1511 mendose
635 1472 782 1510 habent
802 1475 1033 1511 recentiores
1051 1472 1247 1524 editionis)
1263 1471 1591 1519 incommutabilis
1600 1485 1696 1522 per-

261 1538 409 1563 manes.

376 1585 444 1623 93.
499 1597 587 1621 mos
610 1598 753 1635 nempe
772 1586 952 1636 antiquus
975 1583 1175 1621 dividendi
1195 1592 1280 1622 tuln
1297 1582 1429 1632 hieme
1445 1590 1531 1620 tum
1551 1588 1694 1619 aestate

264 1635 455 1675 duodenis
486 1641 661 1689 partibus
682 1641 910 1692 aequalibus
931 1639 1036 1676 diem
1049 1669 1059 1688 ,
1098 1639 1340 1691 totidemque
1356 1646 1531 1686 noctem,
1569 1635 1697 1674 adhuc

262 1693 421 1742 vigebat
445 1696 599 1731 saeculo
626 1698 672 1744 6,
718 1703 755 1733 et
781 1695 849 1732 diu
875 1695 1127 1749 postmodtun
1154 1695 1390 1746 perduravit.
1446 1695 1526 1731 imo
1557 1693 1696 1730 saltem

264 1747 371 1797 apud
391 1750 672 1788 ecclesiasticos
688 1754 791 1788 viros
811 1753 853 1787 iu
871 1755 946 1788 Usu
964 1752 1084 1788 fuisse
1104 1754 1146 1787 in
1163 1752 1277 1788 Italia
1296 1750 1450 1787 saeculo
1476 1747 1527 1790 14
1548 1754 1696 1784 constat

266 1815 319 1838 ex
336 1804 462 1841 Dante
482 1805 684 1855 Aligherio
697 1835 707 1852 ‚
743 1808 811 1857 qui
827 1808 869 1842 in
892 1820 1007 1856 opere
1029 1809 1213 1857 inscripto
1241 1807 1334 1844 Vita
1354 1818 1485 1842 nuova
1505 1804 1596 1855 (Op.
1618 1810 1648 1839 t.
1669 1801 1696 1844 4

265 1870 306 1908 p-
330 1861 350 1898 1
371 1872 411 1908 p.
430 1863 456 1899 7
476 1859 536 1896 ed.
563 1863 658 1898 ven.
683 1860 805 1911 1758)
841 1862 914 1897 ait:
951 1861 1003 1897 L’
1024 1875 1092 1898 ora
1115 1862 1221 1898 nella
1245 1861 1362 1912 quale
1388 1860 1440 1897 m’
1468 1873 1534 1895 era
1563 1865 1697 1910 questa

265 1914 414 1950 visione
430 1917 633 1965 appar-ita,
671 1929 737 1952 era
767 1923 871 1952 stata
900 1916 942 1952 la
972 1924 1115 1966 quarta
1130 1917 1237 1953 della
1255 1919 1374 1962 'notte;
1403 1913 1530 1951 sic-che*
1548 1915 1696 1963 appare

266 1970 602 2020 manifeslamente
624 1971 685 2007 εἶθ·
703 1971 782 2007 ella
797 1972 857 2021 su
882 1971 924 2007 la
938 1972 1072 2020 prima
1095 1986 1164 2008 ora
1182 1971 1282 2008 delle
1307 1985 1404 2007 nove
1428 1970 1563 2007 ultime
1590 1968 1697 2005 della

267 2031 383 2060 notte.
417 2027 496 2062 imo
515 2027 654 2064 clarius
674 2026 780 2063 idem
804 2026 1020 2063 declaratur
1039 2030 1081 2063 in
1100 2027 1175 2064 alio
1197 2025 1373 2064 eiusdem
1391 2026 1556 2062 auctoris
1581 2037 1695 2074 opere

266 2081 332 2116 cui
350 2081 486 2118 titulus
507 2082 550 2118 Il
573 2083 751 2127 Convito,
780 2083 820 2118 iu
841 2095 917 2133 quo
945 2082 1001 2133 (p.
1030 2085 1107 2122 130
1135 2084 1255 2132 partis
1286 2080 1370 2132 cit.)
1401 2082 1574 2132 scripsit:
1605 2079 1624 2115 ἑ
1643 2079 1697 2116 da

264 2148 400 2184 sapere
420 2137 489 2172 che
508 2150 577 2173 ora
587 2151 663 2187 per
682 2138 758 2174 due
774 2138 881 2174 modi
896 2139 931 2173 si
942 2138 1095 2187 prenda
1117 2138 1231 2188 dagli
1248 2132 1455 2187 Astrologi
1465 2133 1487 2172 .·’
1515 2135 1544 2172 l’
1562 2148 1639 2171 uno
1662 2135 1697 2171 si

264 2188 303 2234 e),
333 2190 402 2226 che
419 2192 485 2228 del
501 2192 543 2228 di
563 2206 582 2229 e
599 2194 640 2230 la
659 2193 901 2244 nottefanno
920 2193 1174 2248 νεηίιζμιαίέν1
1192 2206 1272 2238 ore,
1311 2192 1390 2229 eice
1415 2191 1544 2238 dodicc'
1573 2189 1639 2226 del
1654 2188 1696 2226 di

265 2257 287 2280 e
315 2244 446 2281 dodica·
473 2247 579 2284 della
607 2256 709 2285 notte
717 2276 733 2293 ,
775 2255 919 2299 quanto
946 2248 1049 2284 eke’l
1075 2247 1117 2285 dl
1145 2249 1205 2285 sia
1225 2248 1379 2299 grande
1403 2261 1425 2284 ο
1450 2245 1614 2296 piceobo.
1677 2257 1697 2280 e

265 2307 396 2350 queste
411 2314 474 2337 ore
491 2304 528 2338 si
539 2303 675 2352 fanno
691 2304 855 2353 picciole
876 2317 895 2340 e
908 2304 1058 2354 grandi
1075 2303 1141 2340 nel
1155 2303 1197 2341 di
1218 2305 1249 2340 e‘
1261 2303 1367 2340 nella
1386 2308 1505 2346 noue,
1534 2299 1694 2336 secondo

266 2354 370 2391 clie'l
395 2355 437 2391 dl
466 2370 485 2392 e
514 2357 556 2394 la
586 2366 688 2395 notte
711 2373 835 2396 cresce
863 2372 882 2394 e
906 2373 1047 2396 scema.
1109 2373 1128 2408 e
1153 2366 1280 2410 queste
1300 2371 1363 2394 ore
1389 2370 1462 2404 usa
1486 2355 1529 2392 la
1546 2355 1694 2400 chiesa,

265 2410 424 2460 quando
441 2411 525 2448 dice
544 2414 702 2462 Prima),
739 2416 877 2460 Terza,
913 2415 1025 2451 Sesea
1047 2428 1066 2450 e
1082 2414 1218 2460 Nona;
1254 2427 1273 2449 e
1291 2412 1510 2449 chiamansi
1531 2410 1609 2447 cosi
1633 2423 1695 2446 ore

267 2466 482 2515 temporali.
544 2467 572 2503 l'
599 2468 700 2504 altro
724 2470 836 2506 modo
865 2471 902 2505 si
927 2469 947 2505 ὲ
976 2469 1045 2506 che
1061 2469 1237 2519 sac-endo
1262 2468 1328 2504 del
1349 2467 1392 2516 di
1417 2481 1436 2503 e
1458 2466 1563 2504 della
1592 2472 1694 2502 notte

265 2522 518 2571 ventiquattr’
537 2535 617 2568 ore,
647 2524 813 2563 talvolta
831 2524 885 2560 Ιιει
900 2524 934 2560 ib
954 2524 997 2561 cll
1013 2525 1050 2560 le
1064 2524 1239 2574 quindici
1257 2537 1276 2559 e
1295 2523 1336 2559 la
1356 2529 1458 2560 notte
1474 2521 1510 2558 le
1532 2533 1645 2563 nove,
1674 2533 1694 2556 e

266 2575 432 2613 talvolta
459 2577 515 2613 lia
540 2577 582 2614 la
607 2585 710 2614 notte
732 2579 768 2615 le
789 2580 910 2616 sedici
926 2592 946 2615 e
968 2579 1002 2614 il
1017 2578 1060 2615 dl
1076 2579 1113 2614 le
1129 2585 1222 2623 otto,
1262 2576 1494 2625 secondoclze
1524 2588 1646 2612 cresce
1674 2588 1693 2611 e

268 2644 398 2668 scema
416 2632 450 2668 il
465 2631 508 2669 dl
523 2646 543 2668 e
557 2632 600 2669 la
615 2640 734 2680 notte;
764 2647 784 2670 e
803 2634 1023 2670 chiamansi
1037 2647 1100 2670 ore
1120 2634 1264 2684 eguali.
1324 2647 1344 2669 e
1369 2632 1471 2670 netto
1495 2631 1692 2682 equinozio

268 2699 417 2736 sempre
435 2684 580 2738 queste,
599 2701 619 2724 e
637 2689 764 2739 quelle
781 2689 849 2726 clze
869 2689 1072 2738 temporali
1089 2690 1125 2725 si
1137 2689 1360 2735 chiamano,
1379 2700 1471 2725 sono
1488 2688 1569 2723 una
1585 2699 1674 2721 cosa
1675 2712 1692 2730 ,

260 2742 467 2791 perocclze,
495 2744 649 2782 essendo
665 2744 699 2782 il
715 2743 758 2782 dl
773 2744 911 2796 egaale
924 2744 1031 2781 della
1048 2750 1168 2791 notte,
1197 2745 1378 2782 conviene
1395 2741 1475 2781 cosi
1493 2740 1691 2795 arvenire4
