1702 3060
218 83 222 88 '
271 103 366 148 360
680 102 870 145 NOTAE
902 101 961 143 ιΝ
993 99 1204 144 Lmssmu
1229 99 1271 144 Π

269 211 473 262 geliorum.
528 211 718 245 Iuvencus
738 209 808 245 lib.
827 211 878 248 2:
907 222 1006 245 -cum
1024 208 1147 246 turbis
1164 209 1307 246 anxius¹
1321 209 1390 246 ille
1409 211 1451 246 in
1465 223 1572 247 mare
1589 209 1670 248 velt

268 267 400 303 volum
418 265 560 301 celsam
580 263 764 300 deducere
780 266 888 300 iussu
908 264 1111 313 discipulis
1119 266 1302 314 puppim.
1343 264 1504 303 eodem:
1533 265 1671 302 domun

267 322 401 370 repetit
417 332 497 356 sero
515 318 723 369 turbasque
740 319 938 369 relinquit.
999 326 1037 356 et
1055 326 1113 356 est
1134 321 1167 356 is
1195 323 1311 370 poeta
1331 321 1508 357 omnium
1523 321 1671 370 scripto·

267 388 353 411 rum
371 375 702 424 simplicissimus,
743 381 877 411 tamen
902 375 970 425 qui
997 375 1085 425 plus
1110 377 1152 411 in
1178 377 1267 412 sinu
1292 381 1400 425 gerat
1425 387 1544 426 quam
1562 375 1684 413 fromn>

263 430 510 480 polliceatur,
540 436 583 466 ut
599 443 651 466 ex
667 431 807 467 nostris
826 428 877 466 ad
894 443 984 466 eum
1003 431 1104 467 notis
1122 431 1281 480 patebit.
1315 432 1476 467 BARTB.
1659 442 1662 447 ·

373 486 440 524 88.
497 483 633 521 habuit
652 484 756 521 hunc
774 497 931 522 versum
949 493 1037 522 ante
1063 485 1194 522 oculos
1225 500 1246 522 e
1265 484 1478 522 Claudiano
1506 483 1555 521 de
1577 489 1672 534 raptu

261 541 312 578 2:
343 539 534 576 Parthica
537 567 553 585 ,
594 554 694 590 quae
711 541 831 576 tantis
849 542 1055 577 variantur
1073 540 1235 590 cingula
1247 542 1412 590 gemmis
1430 539 1581 591 regales
1598 540 1672 576 iun

263 600 375 630 caira
405 596 526 631 sinus.
586 597 687 632 iuter
722 602 948 632 ornamenta
985 597 1092 646 regia
1121 597 1202 632 sive
1233 597 1388 646 imperii
1413 596 1581 646 insignia
1610 601 1673 631 era

264 648 432 694 balteus,
461 663 579 701 quem
598 651 666 687 alii
686 658 826 688 vocant
842 651 1050 701 cingulum
1068 651 1253 696 militare,
1289 650 1395 702 quod
1409 651 1511 687 infra
1528 648 1593 686 hic
1607 650 1675 686 ele-
1695 655 1702 686 :j

262 711 399 753 gauter
426 704 656 741 describitur
683 708 710 745 2
741 705 820 746 115
854 712 892 742 et
917 705 942 745 4
962 708 1057 746 232.
1113 719 1251 743 aurum
1275 705 1350 743 hoc
1370 714 1408 744 et
1439 706 1616 756 geminae
1648 706 1675 741 in
1699 709 1702 713 ⁴

266 759 394 794 balteo
413 761 573 796 militari
593 759 724 796 bullae
743 759 867 796 dictae
877 761 1038 810 Virgilio
1056 760 1107 797 ad
1123 761 1242 798 finem
1256 762 1325 798 lib.
1342 764 1392 802 12
1408 763 1507 798 Aen.
1543 759 1674 810 duple:
1699 776 1702 777 ⁷

269 815 353 850 eius
381 810 497 863 usus,
535 814 586 851 ad
607 822 785 852 ornatum
809 816 1063 866 tutelamque.
1118 817 1226 853 Pers.
1243 816 1291 855 4:
1331 816 1410 853 tato
1428 815 1576 853 balteus
1593 828 1675 851 aur·
1694 832 1702 847 ι

263 871 445 920 protegit.
505 871 634 907 Valer.
653 871 781 906 Flacc.
799 869 850 906 ad
869 871 986 906 finem
1003 871 1072 907 lib.
1094 871 1143 912 5:
1174 883 1286 920 quem
1305 869 1454 907 balteus
1469 883 1583 920 asper
1598 869 1675 906 sub>
1691 912 1696 915 ,

269 924 384 974 ligat.
443 923 535 961 hinc
556 927 690 961 aurati
705 932 741 960 et
755 925 975 960 constellati
993 924 1173 960 dicuutur
1189 925 1357 961 Pollioni
1372 926 1415 961 in
1434 925 1634 972 Gallienis,
1656 939 1676 961 e
1695 939 1702 973 q

269 980 431 1029 Papinio
454 980 565 1016 initio
587 983 613 1020 6
644 978 774 1016 Theb.
799 980 948 1015 cinctus
972 986 1164 1015 sonantes.
1225 979 1318 1016 Sen.
1339 981 1453 1016 Herc.
1474 980 1550 1016 fur.
1573 986 1647 1016 act.
1667 983 1676 1017 ξ
1698 1007 1702 1016 .

271 1033 410 1070 choro:
439 1041 578 1070 aurato
596 1034 772 1084 religans
789 1034 861 1069 ilia
881 1033 1018 1070 balteo.
1077 1041 1215 1070 notum
1232 1047 1283 1071 ex
1304 1035 1354 1071 Ic
1372 1035 1555 1071 militaria
1573 1035 1676 1084 privi
1699 1056 1702 1060 <

269 1090 373 1139 legia
390 1103 460 1143 per
479 1090 679 1138 cingulum
696 1090 834 1136 notari,
856 1090 1210 1126 exauctorationem
1227 1102 1298 1140 per
1315 1091 1461 1145 cinguli
1477 1089 1678 1140 ademptio

268 1157 375 1180 nem.
433 1144 636 1181 Claudian.
658 1145 699 1180 in
717 1145 877 1194 Eutrop.
899 1146 947 1183 2:
977 1144 1161 1180 militiam
1179 1145 1351 1190 nullam,
1387 1159 1458 1182 nec
1477 1146 1608 1194 prima
1627 1157 1678 1181 su

264 1199 409 1249 perbus
435 1199 597 1248 cingula
629 1199 802 1249 dignari.
871 1197 978 1235 idem
1007 1202 1049 1236 iu
1077 1200 1339 1237 satisfactione
1375 1199 1426 1236 ad
1454 1199 1678 1237 Hadrianun

268 1255 509 1305 praefecunn
525 1256 717 1304 praetorio
731 1265 741 1290 ε
771 1254 874 1303 eripe
891 1254 1054 1290 calcatis
1071 1268 1150 1291 non
1161 1268 1348 1304 prospera
1366 1255 1528 1306 cingula
1547 1255 1677 1292 Musis

267 1309 311 1346 id
333 1315 390 1346 est
407 1308 567 1346 detrahe
586 1308 687 1345 mihi
705 1310 924 1359 cingulum,
966 1316 1003 1346 et
1019 1310 1080 1346 ius
1100 1309 1296 1346 militandi
1317 1311 1575 1360 ignominiosa
1597 1311 1679 1347 mis-
1699 1338 1702 1339 γ

269 1366 378 1401 sione
397 1371 661 1402 exauctorato.
704 1363 804 1401 adde
821 1365 864 1400 in
882 1365 1037 1415 cingulo
1057 1371 1224 1414 gestatos
1244 1377 1370 1402 enses.
1405 1363 1540 1402 Iohan.
1560 1365 1680 1402 Sares·

266 1420 434 1457 beriens-
455 1422 479 1460 6
503 1422 574 1459 13:
604 1420 788 1456 honorem
808 1419 941 1470 gladii
957 1421 1001 1457 in
1017 1420 1183 1456 militari
1203 1420 1360 1471 cingulo
1372 1420 1679 1470 frasu-aportat
1694 1431 1702 1435 ·

269 1474 406 1512 Sidon.
425 1476 600 1525 Apollin.
620 1488 739 1511 carm.
760 1478 810 1515 2:
853 1474 972 1511 bullis
991 1474 1197 1511 hostilibus
1213 1481 1328 1525 asper
1343 1475 1524 1524 applicat
1539 1488 1566 1511 a
1583 1475 1680 1511 laem

266 1537 488 1580 surgentem
517 1530 667 1567 balteus
694 1543 835 1566 ensem.
876 1531 1060 1568 Dssmrsr.
1126 1531 1268 1567 iterum
1299 1529 1560 1568 Claudianum
1584 1542 1702 1567 suun1

266 1587 454 1636 exprimit
471 1584 518 1622 de
534 1585 716 1622 laudibus
734 1583 962 1622 Stilichonis
982 1587 1030 1624 2·
1061 1586 1158 1635 quin
1184 1592 1221 1621 et
1248 1586 1434 1622 Sidonias
1458 1585 1682 1634 chlamydes

267 1647 305 1677 et
332 1640 495 1691 cingula
523 1640 652 1677 baccis
679 1653 837 1690 aspera,
871 1647 1166 1690 gemmatasque
1194 1647 1323 1690 togas,
1361 1641 1578 1691 viridesque
1591 1653 1682 1677 sma

267 1709 334 1746 rao
321 1696 403 1732 ‹rdis
430 1696 589 1740 loricas,
638 1695 854 1746 galeasque
881 1695 1095 1731 renidentes
1121 1695 1358 1744 hyacinthis.
1417 1695 1550 1733 talem·
1567 1702 1702 1732 auten*

268 1757 419 1787 vestem
436 1752 599 1787 talarem
616 1751 839 1800 ingentibus
858 1751 992 1800 spatiis
1009 1752 1333 1798 circumcinctam,
1363 1753 1528 1802 gemmis
1548 1757 1586 1787 et
1605 1763 1682 1788 aur(
1700 1773 1702 1778 ·

268 1807 521 1842 intertextam
538 1808 579 1842 in
598 1805 799 1842 Theodori
815 1807 1004 1853 Lascaris,
1024 1804 1228 1843 Michaelis
1249 1813 1287 1843 et
1303 1806 1516 1844 Andronici
1531 1806 1682 1843 Palaeo

269 1861 450 1910 logorum
476 1862 637 1911 picturis
671 1862 891 1910 conspicere
925 1874 1131 1910 possumus
1166 1861 1351 1898 beneficio
1386 1862 1682 1899 doctissimorun

270 1914 498 1964 hominum,
527 1917 595 1967 qui
611 1914 874 1966 Nicephorum
894 1916 1107 1965 Gregoram
1124 1916 1236 1952 nobis
1255 1915 1473 1953 ediderunt.
1501 1918 1664 1953 BAnTn.

379 1971 433 2008 ib.
493 1971 657 2021 cingula
674 1972 871 2018 nominat,
901 1969 1037 2021 quod'
1026 1983 1068 2007 ιιι
1086 1971 1134 2007 iis
1151 1972 1326 2008 maxima
1343 1985 1431 2008 cura
1450 1971 1567 2008 fuerit
1587 1978 1683 2008 vete-

271 2039 372 2063 rum.
427 2039 522 2063 nam
541 2033 578 2063 et
596 2027 664 2077 qui
682 2027 855 2077 alioquin
872 2027 973 2062 nulli
1001 2027 1159 2063 omnino
1182 2027 1303 2063 cultui
1322 2026 1546 2074 studebant,
1575 2027 1683 2063 imm(

270 2082 545 2119 aversabantur
571 2082 680 2118 velut
707 2094 865 2118 omnem
879 2109 889 2127 ‚
922 2081 1085 2131 cingula
1116 2088 1244 2118 tamen
1273 2084 1464 2119 ornatiora
1487 2081 1683 2118 habebant

270 2138 532 2187 Hieronymus
563 2137 674 2187 epist.
704 2135 752 2173 de
779 2138 922 2173 vestitu
951 2135 1195 2174 sacerdotum
1218 2136 1269 2173 ad
1289 2138 1511 2175 Fabiolam:
1544 2138 1682 2173 tertiun

265 2205 392 2241 genus
414 2200 469 2228 est
490 2193 723 2237 vestimenti,
769 2192 876 2241 quod
893 2191 957 2228 illi
981 2192 1186 2242 appellant
1210 2191 1344 2238 abnez,
1387 2206 1457 2230 nos
1476 2191 1679 2242 cingulum

271 2246 443 2283 balteum
472 2248 535 2283 vel
565 2261 704 2283 zonam
722 2260 933 2296 possumus
962 2248 1103 2292 dicere,
1142 2247 1359 2298 Babylonii
1381 2260 1479 2284 noro
1509 2245 1685 2283 vocabul«

269 2301 524 2338 hemeclzanin
541 2310 695 2339 vocant.
756 2303 910 2339 diversa
928 2302 1122 2340 vocabula
1134 2305 1339 2353 ponimus,
1372 2315 1421 2339 ne
1437 2303 1526 2352 quis
1545 2308 1643 2338 erret
1656 2302 1686 2338 iz

270 2358 437 2393 nomine.
496 2357 569 2393 hoc
594 2357 800 2408 cingulum
824 2359 867 2394 in
887 2358 1141 2395 similitudine
1156 2358 1278 2408 pellis
1294 2356 1461 2402 colubri,
1499 2371 1578 2408 qua
1595 2358 1686 2394 exui.

265 2419 513 2456 senectutem,
562 2413 618 2448 sic
641 2415 684 2449 in
704 2413 916 2450 rotundum
943 2421 1087 2450 textum
1117 2420 1174 2449 est
1200 2420 1245 2450 ut
1270 2413 1514 2462 marsupium
1542 2412 1687 2463 longiw

259 2475 390 2517 putes.
452 2474 596 2503 textum
615 2475 669 2504 est
684 2475 815 2504 autem
833 2468 1074 2519 subtegmine
1087 2469 1206 2512 cocci,
1227 2481 1450 2517 purpurae,
1478 2467 1687 2517 hyacinthi„

268 2529 306 2559 et
322 2523 487 2559 stamine
507 2521 658 2572 byssino
678 2522 725 2558 ob
743 2523 915 2559 decorem
931 2530 968 2560 et
975 2523 1270 2574 fortitudinem,
1299 2519 1417 2573 at'que
1437 2523 1494 2559 ita
1505 2522 1688 2572 polymito

268 2584 352 2614 arte
377 2578 604 2614 distinctum
629 2584 674 2613 ut
701 2577 869 2613 diversos
889 2580 1014 2627 flores
1040 2585 1075 2614 et
1090 2583 1268 2627 gemmas
1285 2580 1364 2615 arti
1393 2579 1448 2614 cis
1473 2591 1595 2614 manu
1617 2590 1688 2613 non

269 2640 392 2670 textas
410 2633 480 2670 sed
497 2632 656 2669 additas
672 2631 883 2668 arbitreris.
942 2632 1052 2670 vides
1073 2646 1118 2669 ea
1136 2640 1261 2670 aetate
1275 2662 1285 2681 ‚
1314 2634 1384 2670 illa
1401 2645 1555 2670 morum
1567 2632 1689 2670 *serie-

268 2694 371 2736 tate‚
415 2687 593 2726 divinum
613 2700 748 2726 senem
770 2688 1042 2726 versicolorem
1070 2689 1314 2739 cingulorum
1331 2694 1603 2733 ornatumnon
1624 2686 1689 2723 ah—
