1702 3060
417 88 628 133 IUSTINI
660 88 900 133 MINORIS
934 89 1040 133 LIB.
1072 89 1148 133 ΠΙ.

68 238 71 246 s
164 197 425 248 lastinianus,
456 213 578 238 ovans
599 207 738 252 quarto
761 213 851 238 cum
872 201 1031 239 consule
1051 202 1234 255 princeps

50 261 136 322 ’125
164 267 243 304 alta
264 266 495 319 triumphali
514 274 658 304 tereret
679 268 875 318 Capitolia
894 282 1055 320 pompa.

165 331 285 372 sacris
306 334 550 387 principibus
567 334 762 373 iucundae
779 335 916 372 fabula
931 350 1095 374 mensae

167 401 216 439 de
238 401 329 440 divo
348 402 525 455 genitore
544 400 641 439 fuit:
670 409 757 440 tum
777 415 925 440 nomen
943 402 1143 442 honorum

163 467 268 508 inter
287 470 447 508 delicias
467 477 505 507 et
524 468 655 507 dulcia
672 471 814 521 pocula
835 473 1002 508 summis

163 536 348 594 laudibus
371 538 574 585 attollunt,
605 536 821 590 vivumque
842 549 915 589 per
935 552 1003 577 ora
1021 539 1208 590 fatentur,

54 605 136 648 130
165 608 222 644 sic
242 605 489 644 decessorem
508 612 746 655 regnantum
768 607 904 644 nullus
928 605 1087 655 amavit,

163 686 392 727 quanquam
410 680 563 724 sceptra
581 675 704 724 patris
727 681 844 711 natus
866 687 1067 712 successor
1086 674 1262 717 habere-t.

165 749 255 780 ante
278 742 411 780 oculos
427 740 554 792 geniti
572 739 727 792 genitor
746 739 997 779 dulcissimus
1021 741 1130 781 omni

162 816 341 861 tempore
360 823 517 861 semper
536 806 626 858 erit,
658 822 893 861 semperque
911 808 954 846 in
974 810 1090 848 corde
1109 815 1300 853 manem.

219 880 438 930 Postquam
461 876 616 915 divinae
638 890 842 927 sumpsere
859 877 1074 915 novissima
1093 890 1213 918 cenae

53 946 135 990 135
162 947 326 999 pocula,
358 953 397 983 et
421 946 602 983 excelsae
623 945 818 982 siluerunt
837 943 983 994 gaudia
1000 959 1175 997 mensae,

164 1015 383 1054 contulerat
403 1026 504 1066 quae
524 1011 653 1063 prima
674 1011 776 1060 dies,
807 1011 979 1050 surrexit
998 1013 1046 1049 ab
1066 1014 1145 1051 alto

162 1084 289 1122 laetus
307 1089 471 1134 uterque
493 1087 578 1118 toro
591 1110 601 1129 ,
631 1086 859 1132 secretaque
881 1086 983 1117 tecta
1000 1078 1155 1131 petivit.

162 1151 234 1191 sed
252 1164 333 1188 non
349 1150 391 1187 111
409 1161 550 1199 segnes
569 1148 771 1186 solverunt
788 1154 947 1199 pectora
972 1161 1146 1187 somnos.

159 1218 370 1270 invigilant
389 1219 532 1265 animi,
564 1216 706 1268 quibus
727 1222 787 1253 est
804 1217 871 1266 pia
890 1228 982 1252 cura
1002 1215 1165 1266 regendi

53 1287 133 1332 140
160 1295 219 1326 tot
237 1289 338 1324 latos
359 1285 548 1338 populos,
583 1283 701 1321 duros
723 1283 915 1321 domitare
935 1289 1138 1334 tyrannos,

162 1356 334 1394 consiliis
352 1355 434 1402 uti,
465 1365 602 1390 causas
628 1350 835 1402 disponere
857 1349 1013 1388 mundi.

160 1426 360 1470 maxima,
388 1434 460 1473 pro
481 1433 614 1457 rerum
634 1431 736 1470 quae
758 1417 988 1469 disposuere
1005 1420 1144 1468 salute,

162 1488 395 1530 admiranda
413 1486 542 1539 magis
560 1499 679 1539 quam
699 1485 1019 1524 connumeranda
1037 1486 1152 1525 fateri

158 1559 382 1598 humanum
399 1555 512 1594 decet
530 1556 750 1605 ingenium.
809 1555 897 1606 quis
918 1557 1090 1593 camnine
1112 1556 1231 1608 digno

51 1625 133 1671 145
160 1633 219 1664 tot
238 1623 462 1663 divinarum
482 1623 676 1660 miracula
694 1620 871 1673 pandere
892 1635 1023 1660 rerum

161 1691 358 1734 sufficiat?
417 1689 560 1744 quibus
578 1688 677 1727 haec
696 1689 848 1738 verbis,
878 1703 956 1741 qua
973 1689 1092 1728 laude
1111 1692 1304 1744 reponat?

161 1761 252 1800 diva
272 1762 451 1811 Augusta
470 1759 632 1807 favens,
665 1764 847 1796 sanctum
868 1765 906 1795 et
922 1760 1148 1797 venerabile
1170 1775 1328 1813 nomen,

159 1828 382 1868 immortale
400 1828 570 1875 bonum,
599 1832 757 1864 nostrae
781 1824 975 1876 sapientia
997 1827 1173 1878 linguae,

159 1897 346 1948 auspiciis
369 1894 468 1933 haec
490 1907 600 1933 sacra
619 1893 723 1931 tuis:
753 1899 821 1930 tua
841 1901 930 1931 vota
949 1903 1158 1934 canentem

50 1963 130 2008 150
158 1966 309 2016 respice
322 1993 333 2013 ,
364 1970 404 2001 et
425 1965 553 2000 oranti
574 1963 747 2001 clemens
768 1962 908 1999 solatia
929 1964 1089 2014 praebe.

213 2032 391 2084 Septima
413 2030 652 2082 gaudentem
670 2031 744 2067 lux
765 2043 884 2068 aurea
902 2030 1056 2068 viderat
1078 2033 1227 2082 orbem,

159 2101 364 2152 expellens
385 2098 542 2150 placido
563 2099 761 2136 brumalia
779 2099 928 2148 frigora
950 2113 1085 2136 verno.

157 2169 290 2206 omnia
313 2167 375 2205 sol
393 2168 524 2217 oriens
546 2165 667 2204 radiis
687 2166 920 2204 melioribus
942 2168 1096 2214 afflans,

155 2235 371 2287 tranquillo
393 2234 546 2286 gelidas
564 2235 804 2286 tepefecerat
823 2236 917 2284 igne
939 2237 1116 2285 pruinas.

49 2301 130 2346 155
158 2301 383 2354 gaudebant
404 2304 599 2346 elementa
617 2303 756 2351 simul,
786 2303 978 2354 mollique
998 2304 1178 2341 calebant

156 2372 368 2422 temperie,
398 2373 581 2423 votisque
604 2372 686 2408 suis
707 2383 810 2408 nova
830 2372 957 2408 Roma
977 2371 1151 2408 favebat.

157 2445 291 2476 ornata
313 2444 372 2476 est
389 2439 569 2489 Augusta
589 2438 752 2487 domus,
783 2441 971 2491 iussuque
991 2441 1164 2489 regentis

159 2505 272 2542 acciti
289 2518 470 2556 proceres
489 2521 647 2556 omnes,
679 2506 893 2559 scholaque
912 2508 1036 2559 palati
1056 2514 1116 2544 est

31 2619 35 2629 ἦ
157 2571 264 2609 iussa
283 2575 364 2612 suis
385 2574 539 2613 adstare
557 2576 670 2613 locis.
727 2577 889 2628 iamque
911 2574 1047 2613 ordine
1073 2582 1177 2613 certo

25 2674 28 2679 .
48 2637 131 2680 160
157 2639 271 2677 turba
289 2638 548 2692 decanorum,
580 2657 805 2693 cursorum,
837 2646 879 2682 in
898 2645 1014 2682 rebus
1034 2651 1236 2694 agentum,

161 2719 327 2760 cumque
350 2708 535 2760 palatinis
557 2718 665 2750 stans
687 2711 856 2750 candida
877 2713 993 2750 turba
1015 2710 1198 2761 tribunis,

112 2776 243 2813 Merob.
272 2783 306 2814 et
336 2779 414 2813 Cor.
1178 2781 1228 2820 17

1415 88 1507 134 191
