1702 3060
0 2758 18 2809 3

0 2827 11 2876 ξ

0 2917 29 3026 t

0 2991 42 3060 tt

34 467 397 542 ÷FLAV11
457 466 1014 538 CRESCONII
1076 467 1489 538 CORIPPI

367 587 683 630 AFRICANI
729 587 1153 630 GRAMMATICI

211 674 238 728 I
311 669 364 727 C)
436 672 616 728 H1.A
687 673 735 727 ti
805 673 851 727 N
921 673 947 727 Ι
1018 673 1071 727 1)
1148 670 1199 728 ()
1274 674 1312 728 S

41 773 233 823 5131]
317 773 439 821 I)E
527 774 568 820 Β
608 774 925 822 ΕΙᾼιζΙδ
1022 775 1269 822 12113Y
1315 773 1354 822 C
1395 775 1485 821 [S

477 869 677 911 LIBRI
741 870 1036 911 SEPTEM.

96 1070 387 1106 PERIOCHAE
417 1069 550 1114 QUAS
580 1071 632 1107 IN
661 1071 867 1108 FRONTE
900 1071 1012 1107 COD.
1043 1069 1115 1107 MS
1145 1069 1419 1107 CARMINUM

405 1138 607 1174 CORIPPI
636 1138 840 1174 RUIZIUS
871 1140 1099 1177 INVENIT.

38 1239 74 1278 1.
130 1211 368 1286 Praefatio,
411 1240 452 1277 in
491 1252 567 1290 qua
606 1243 720 1289 poeta
750 1241 890 1277 Iustini
918 1240 1168 1292 imperatoris
1195 1237 1332 1276 laudes
1362 1252 1480 1276 exse-

0 1300 1 1310 ¹
33 1306 176 1357 quitur.

141 1375 181 1414 2.
239 1374 344 1410 Dum
373 1375 520 1411 Avares
553 1375 615 1410 vel
643 1381 779 1424 gentes
807 1375 903 1412 alias
934 1374 1110 1412 subditas
1132 1377 1281 1411 Iustino
1303 1387 1480 1411 comme-

29 1448 177 1490 morat,
207 1440 259 1479 ad
279 1443 362 1478 eius
382 1441 543 1479 laudem
560 1442 727 1479 refertur
745 1440 916 1478 edomita
935 1443 1118 1479 ferocitas
1135 1443 1404 1479 barbarorum.

139 1511 180 1548 3.
237 1509 432 1547 Iustinmn
462 1507 732 1559 Sophiumque
761 1508 855 1545 dicit
888 1508 1028 1559 dignos
1056 1511 1242 1560 imperio,
1284 1523 1305 1546 a
1335 1509 1476 1561 quibus

28 1576 227 1614 subiectae
247 1583 383 1626 gentes
403 1575 544 1612 foedus
561 1577 670 1626 pacis
691 1577 957 1626 expostulant.

139 1642 179 1684 4,
236 1644 444 1694 Propitiari
474 1643 550 1680 sibi
578 1651 686 1681 vates
718 1646 938 1695 principem
969 1643 1220 1695 deprecatur,
1260 1651 1302 1680 ut
1326 1645 1476 1681 fessum

6 1714 137 1752 ›senio
154 1719 193 1749 et
212 1710 497 1748 calamitatibus
512 1712 761 1762 implicatum
779 1713 991 1762 praestanti
1011 1719 1121 1762 regat
1136 1713 1293 1763 pietatis
1315 1714 1476 1750 intuitu.

117 1812 150 1846 2.
172 1810 330 1845 Barthius
345 1810 486 1854 Astuers.
505 1811 529 1844 1,
541 1809 585 1846 25
602 1823 630 1845 c.
643 1812 665 1846 3
685 1811 919 1855 Dempsterum
937 1809 1089 1853 damnat,
1115 1810 1205 1855 quod
1221 1812 1281 1845 has
1299 1812 1475 1854 periochas

25 1857 60 1892 in
78 1867 139 1891 sua
153 1856 293 1902 Corippi
315 1855 460 1889 editione
480 1856 647 1890 omiserit:
665 1859 806 1899 faciunt
827 1858 913 1890 enim
926 1882 935 1898 ‚
959 1857 1084 1901 inquit,
1107 1858 1154 1890 ad
1174 1859 1322 1891 auctoris
1340 1863 1476 1891 senten-

26 1903 115 1938 tiam
141 1903 296 1947 apprime
319 1903 421 1943 bene,
448 1908 481 1936 et
506 1907 695 1947 perveteres
718 1915 786 1937 esse
803 1915 842 1938 ex
862 1915 986 1948 genere
1008 1904 1145 1937 [licendi
1162 1909 1195 1937 et
1215 1905 1390 1938 industria
1410 1916 1476 1937 sua

26 1953 206 1992 apparent.
250 1953 429 1994 praeterea
445 1948 607 1983 nonnullis
624 1949 722 1982 etiam
739 1949 827 1982 notis
843 1961 900 1982 eas
917 1949 1075 1982 Barthius
1091 1950 1289 1991 exornavit,
1314 1961 1397 1993 quas
1414 1961 1474 1982 ae—.-

25 2004 128 2041 quun
149 1993 228 2028 duxi
245 2005 310 2028 non
330 1993 524 2039 praeterire.
571 2006 699 2040 nequeo
719 2002 830 2028 tamen
849 1995 1071 2028 eruditissimo
1088 1995 1161 2028 viro
1178 1996 1338 2028 adsentiri
1355 1996 1476 2029 existi-

19 2040 129 2079 ‘mnti
151 2041 193 2077 ab
215 2039 289 2086 ipso
313 2039 463 2085 Corippo
481 2041 678 2075 carminibus
692 2041 760 2074 suis
782 2041 952 2086 praefixas
969 2046 1003 2073 et
1019 2053 1039 2075 a
1055 2040 1244 2084 glossatore
1260 2041 1422 2085 aliquibus
1439 2042 1474 2075 in

23 2084 107 2125 locis
127 2085 316 2123 immutatas
334 2086 450 2120 fuisse.
496 2087 675 2120 intercisae
700 2092 810 2120 autem
834 2093 928 2126 sunt,
963 2091 998 2120 et
1022 2089 1219 2132 praesertim
1244 2087 1341 2120 doleo
1357 2088 1389 2119 in
1406 2088 1474 2121 fine

25 2141 100 2167 a„
121 2131 276 2176 mutilas,
299 2143 342 2166 ex
365 2143 430 2176 quo
455 2132 692 2176 incompertum
716 2137 828 2169 manet
853 2137 935 2177 quot
962 2133 1055 2166 libris
1079 2139 1186 2166 totum
1204 2144 1288 2177 opus
1305 2133 1472 2178 Corippus

25 2177 253 2224 compleverit.
299 2189 372 2212 cum
396 2178 482 2212 enim
503 2178 595 2214 initia
618 2179 746 2223 imperii
760 2179 877 2212 Iustini
894 2179 1000 2212 tribus
1017 2178 1110 2212 libris
1126 2178 1369 2221 celebraverit,
1390 2179 1473 2213 toti-

24 2220 100 2259 dm
114 2224 212 2258 etiam
225 2223 296 2263 eius
311 2223 518 2263 consulatum
534 2224 721 2258 celebrasse
736 2225 897 2270 suspicor.
944 2225 978 2258 F
977 2235 1062 2270 ogg.

113 2269 146 2305 4.
170 2270 208 2304 ln
223 2270 329 2315 prima
345 2269 502 2315 periocha
517 2270 733 2314 praefationis
747 2271 878 2304 nomine
891 2277 1119 2313 argumentum
1131 2270 1267 2315 ponitur
1274 2271 1473 2315 Fragmenti

11 2313 184 2363 ‚Carminis
198 2316 233 2349 in
246 2315 377 2349 laudem
394 2315 524 2350 lustini.
570 2316 660 2360 quod
677 2328 717 2350 eo
733 2317 898 2350 lubentius
913 2317 998 2358 dico,
1023 2328 1063 2348 ne
1082 2317 1154 2360 quis
1169 2316 1360 2350 inserendos
1377 2317 1473 2360 operi

22 2357 115 2398 ffius
139 2361 315 2406 sagmenti
338 2373 458 2395 versus
482 2366 597 2406 putet,
633 2363 722 2407 quod
747 2363 894 2395 faciebat
920 2362 995 2395 olim
1011 2362 1127 2396 Helias
1144 2363 1341 2404 Putschius‚
1378 2363 1472 2396 cuius

22 2405 232 2446 coniecturas
256 2407 383 2452 aliquot
407 2408 450 2442 ad
475 2419 535 2440 nos
560 2408 669 2449 misit,
701 2408 777 2442 dum
798 2409 948 2451 viveret,
983 2419 1143 2453 perquam
1167 2409 1275 2444 nostri
1301 2408 1471 2442 studiosus

23 2451 412 2496 Goth.1ungerman·1us.
456 2454 631 2487 Barthius.

113 2498 149 2537 9.
171 2498 288 2544 Inepte
307 2501 503 2544 praestanti
509 2513 519 2533 .·
542 2500 621 2545 quid
642 2500 727 2534 enim
757 2500 820 2534 hoc
846 2500 889 2534 ad
905 2511 1078 2534 aerumnas
1095 2499 1261 2545 Corippi?
1308 2509 1471 2545 praeseus

25 2552 108 2576 vero
124 2553 242 2578 numen
257 2549 311 2578 est
324 2546 412 2590 quod
427 2546 460 2579 in
476 2547 665 2590 praesentia
681 2546 876 2591 opitulatur.
923 2547 1152 2581 Sammonicus
1163 2548 1328 2580 serenus:
1353 2547 1470 2590 depel-

24 2587 71 2622 lit
85 2592 190 2625 tetros
199 2593 370 2644 praesenta·
382 2594 521 2626 numine
535 2594 675 2626 morbos.
723 2592 799 2626 vide
816 2593 912 2638 plura
928 2593 1006 2626 alibi
1020 2592 1063 2626 a'd
1079 2592 1286 2626 Petronium.
1335 2604 1375 2625 ex
1393 2592 1470 2624 stilo

24 2643 110 2667 vero
138 2635 280 2679 penitius
306 2637 515 2671 considerato
533 2650 597 2671 non
614 2638 712 2672 alium
728 2650 826 2684 quam
842 2638 1023 2685 Corippum
1037 2639 1146 2684 ipsum
1162 2639 1276 2672 harum
1294 2637 1471 2682 periocha-

25 2689 100 2733 rum
115 2685 285 2716 auctorem
298 2686 394 2728 puto.
438 2695 501 2720 nec
514 2684 722 2728 indignetur,
746 2685 803 2730 qui
818 2685 1071 2729 grammaticum
1087 2685 1185 2721 titulo
1200 2685 1366 2730 praefert,
1389 2682 1470 2717 offi-

25 2735 112 2760 emm
126 2736 221 2761 suum
235 2726 333 2762 etiam
345 2728 379 2762 in
393 2729 538 2775 propriis
550 2730 714 2776 poematis
728 2731 862 2767 fecisse.
907 2732 953 2768 B.

7 2701 11 2708 .

11 2739 19 2763 θ

14 2857 19 2866 .

7 2947 23 2980 ὃ
