1702 3060
257 151 287 181 x
839 137 1126 181 NIEBUHRII

258 245 449 282 invenerit
464 244 514 282 ad
529 247 793 297 integritatem
811 246 998 294 restituat,
1018 246 1066 283 de
1081 247 1278 298 scriptore,
1297 249 1404 286 cuius
1421 251 1526 287 salus
1541 250 1688 288 tuenda

260 310 446 349 divinitus
464 313 541 362 ipsi
559 314 758 363 obtigerit,
786 313 884 350 bene
901 316 1042 351 mereri
1063 326 1223 351 censeo:
1247 313 1323 351 hoc
1338 316 1455 352 etiam
1473 314 1595 363 addo,
1622 330 1688 354 me

257 379 436 415 arbitrari
466 392 550 416 esse
581 379 793 417 admodum
821 393 945 431 pauca
975 382 1016 417 in
1041 379 1116 418 hoc
1139 394 1306 432 genere,
1339 395 1438 433 quae
1457 383 1604 432 ingenii
1626 384 1686 420 vis

258 458 349 481 cum
367 445 540 497 doctrina
561 453 598 483 et
618 459 743 497 gnava
764 446 953 484 industria
972 449 1174 484 coniuncta
1195 450 1349 500 assequi
1370 456 1550 500 nequeat.
1606 450 1686 485 iam

259 524 349 548 vero
367 510 442 549 hoc
460 514 515 548 ita
536 511 621 549 dico
641 520 684 550 ut
701 527 763 550 me
783 515 914 564 ipsmn
941 514 1217 562 condemnem,
1251 516 1396 566 quippe
1417 517 1485 566 qui
1506 528 1686 566 praeser-

256 579 328 614 tim
343 580 568 629 panegyrici
585 581 866 630 praefationem
883 588 942 618 tot
958 582 1180 619 vulneribus
1204 581 1422 618 confossam
1442 583 1685 634 reliquerim:

254 646 297 681 in
319 659 364 683 eo
386 653 539 682 tantum
559 646 709 698 aliquid
728 646 855 684 laudis
883 647 983 685 mihi
1008 649 1135 686 tribuo
1155 647 1262 700 quod
1282 647 1382 684 nihil
1401 650 1514 699 posui
1537 647 1585 685 de
1609 661 1686 699 quo

253 712 383 763 aliquo
402 713 519 750 modo
540 712 760 750 addubitari
777 726 891 763 posse
911 713 1119 752 videretur.
1176 717 1327 752 utinam
1345 717 1534 752 acutiores
1553 714 1687 751 erudi-

253 780 446 831 tioresque
472 782 514 816 iu
541 783 657 829 poeta
687 793 768 816 non
794 780 898 816 malo
926 780 1099 818 sanando
1122 788 1245 819 artem
1265 783 1546 834 ingeniumque
1571 795 1687 818 exer-

254 857 340 881 cere
362 858 443 882 non
467 845 747 895 dedignentur!

360 911 497 947 Restat
511 918 555 948 ut
571 913 705 962 paucis
726 910 774 948 de
795 910 926 948 codice
946 909 1075 947 dica-m
1092 911 1143 949 ad
1161 926 1280 964 quem
1300 913 1583 952 conficiendum
1598 916 1686 950 Me-

251 976 435 1014 robaudis
454 979 640 1030 reliquiae
662 977 858 1014 adhibitae
877 978 1048 1014 fuerunt.
1105 979 1138 1015 is
1157 991 1320 1016 numero
1341 982 1422 1021 908
1438 980 1684 1031 designatur3

250 1045 406 1081 saeculo
434 1058 538 1082 nono
571 1046 735 1095 scriptus
757 1044 1051 1082 vocabularium
1068 1046 1240 1082 continet
1253 1074 1263 1093 ,
1296 1044 1491 1082 ineditum
1511 1045 1684 1097 quidem,

248 1110 321 1147 sed
347 1112 502 1148 minimi
527 1113 667 1161 pretii3
697 1112 789 1148 satis
819 1112 986 1161 spissus,
1011 1118 1164 1161 praeter
1194 1125 1319 1162 pauca
1348 1113 1464 1159 folia,
1493 1119 1597 1149 totus
1620 1125 1685 1148 re-

251 1179 416 1228 scriptus
445 1185 525 1226 est,
556 1178 740 1215 adhibitis
763 1177 1114 1215 diversissimorum
1130 1178 1319 1215 librorum
1339 1178 1542 1229 partibusae
1583 1180 1686 1214 inter

250 1242 322 1281 has
334 1274 344 1292 ‚
375 1258 464 1281 cum
484 1246 531 1282 iis
552 1258 650 1297 quae
671 1243 736 1281 hic
760 1243 832 1282 edo
846 1273 856 1292 ,
885 1245 1000 1281 facile
1030 1246 1203 1282 eminent
1221 1245 1318 1282 folia
1339 1258 1437 1297 quae
1460 1245 1685 1296 antiquissi-

89 1325 124 1358 p.
147 1313 232 1348 XIII
254 1324 342 1348 mae
372 1312 552 1361 liturgiae
583 1318 712 1361 partes
740 1310 950 1359 exhibent3
993 1311 1040 1348 de
1073 1325 1237 1364 quarum
1265 1311 1458 1359 editione,
1494 1318 1685 1363 quatenus

249 1379 330 1429 legi
350 1386 550 1429 poterunt,
581 1379 733 1414 exorari
755 1391 795 1414 se
817 1391 1022 1428 passuriun
1052 1392 1136 1416 esse
1155 1381 1324 1416 Arxium
1345 1377 1510 1416 confido.
1567 1391 1683 1414 nemo

249 1453 400 1493 autem,
429 1444 565 1491 credo,
595 1442 854 1492 reprehendet
874 1443 980 1494 quod
995 1457 1120 1493 nugas
1137 1447 1350 1494 spreverim
1369 1458 1468 1497 quae
1486 1457 1564 1482 non
1581 1457 1684 1494 pau-

248 1524 313 1548 cas
355 1512 519 1562 paginas
557 1510 744 1559 implent,
788 1508 837 1545 de
874 1508 1112 1546 divinatione
1143 1524 1194 1547 ex
1224 1514 1406 1558 somniis,
1442 1519 1486 1548 ut
1514 1510 1682 1549 videtur.

245 1583 427 1630 quattuor
453 1577 550 1613 folia
577 1589 666 1612 cum
695 1574 860 1612 duorum
890 1578 1102 1625 segmentis
1130 1589 1182 1612 ex
1207 1575 1339 1613 codice
1359 1577 1608 1626 Digestorum
1634 1576 1682 1613 de

242 1642 567 1690 mulomedicina,
600 1655 699 1694 quae
720 1642 790 1678 sub
811 1644 964 1692 vegetii
984 1643 1142 1679 nomine
1169 1644 1512 1690 circumferuntur,
1542 1645 1681 1693 primi—

243 1725 318 1764 que
341 1723 476 1748 eorum
493 1709 603 1756 libri,
630 1715 852 1759 supersunt.
909 1711 943 1746 is
965 1708 1113 1757 codex,
1144 1709 1298 1746 saeculo
1321 1711 1347 1749 7
1367 1716 1433 1746 aut
1454 1710 1479 1748 8
1501 1711 1679 1760 scriptus,

240 1779 323 1828 ipse
344 1778 530 1827 rescripta
549 1777 644 1813 folia
663 1776 1014 1826 complectebatur:
1043 1789 1167 1812 unum
1185 1782 1287 1812 certe
1307 1775 1565 1813 tabellionum
1583 1778 1680 1814 scri·-

238 1852 395 1896 pturam
423 1845 494 1882 sub
521 1845 745 1894 Vegetianis
775 1844 994 1880 elucentem
1024 1844 1126 1880 clare
1155 1841 1306 1892 prodit3
1337 1855 1414 1895 qua
1440 1842 1535 1895 quid
1556 1845 1680 1880 conti-

239 1918 379 1949 neatur
409 1910 595 1962 expedire
626 1924 707 1947 non
735 1912 859 1961 potui.
928 1908 1026 1946 haec
1058 1917 1190 1947 autem
1214 1911 1435 1960 fragmenta
1464 1923 1554 1947 cum
1583 1912 1678 1948 Cor-

239 1979 366 2015 biensi
396 1979 665 2030 antiquissimo
698 1976 851 2025 codice,
882 1983 1072 2029 quatenus
1093 1978 1126 2015 is
1147 1984 1306 2028 propter
1326 1977 1487 2015 lacunas
1512 1979 1678 2015 conferri

237 2052 386 2096 potest,
420 2046 502 2082 fere
534 2058 657 2096 usque
689 2042 740 2081 ad
767 2045 932 2081 minima
955 2046 1210 2092 conveniunt,
1244 2045 1321 2081 nisi
1343 2044 1448 2096 quod
1465 2058 1592 2083 sermo
1613 2059 1677 2083 se·-

234 2113 477 2149 mibarbarus
507 2112 685 2162 plurimis
714 2111 812 2147 locis
842 2118 974 2162 aperte
1005 2119 1136 2162 patet3
1178 2111 1398 2150 cuiusmodi
1423 2113 1616 2150 variantes
1642 2113 1675 2148 is

237 2180 307 2231 qui
327 2180 578 2216 Corbiensem
596 2180 758 2216 contulit
773 2179 936 2216 fortasse
960 2192 1049 2216 cum
1067 2179 1152 2217 aliis
1169 2181 1387 2217 manifestis
1402 2177 1556 2216 mendis
1579 2191 1674 2215 eno-

236 2253 319 2282 tare
339 2247 499 2296 sprevit.
556 2247 705 2298 reliqua
731 2244 783 2282 ad
809 2247 991 2296 epistolas
1010 2247 1195 2284 paulinas
1211 2276 1221 2294 ,
1252 2248 1548 2298 versionemque
1568 2248 1674 2282 Iere-

235 2314 338 2349 miae
364 2311 576 2363 prophetae
606 2326 627 2349 a
649 2314 808 2363 vulgata
826 2314 943 2364 longe
965 2313 1157 2351 diversam
1171 2343 1182 2362 ,
1213 2322 1251 2351 et
1272 2315 1395 2351 sancti
1415 2314 1580 2350 alicuius
1600 2326 1672 2363 pa-

234 2380 303 2417 tris
326 2379 471 2416 librum
490 2378 590 2416 mihi
611 2381 791 2430 ignotiun
812 2382 1020 2431 pertinent.

345 2448 542 2484 Festinata
568 2448 695 2497 priore
717 2446 834 2485 huius
852 2449 977 2485 libelli
999 2447 1168 2485 editione
1181 2476 1192 2495 ,
1220 2447 1396 2498 pluribus
1414 2448 1510 2484 locis
1527 2448 1570 2483 in
1589 2445 1671 2483 dis—

234 2513 495 2550 criminandis·
513 2514 653 2551 litteris
683 2527 782 2566 quae
801 2516 843 2551 in
863 2516 1102 2552 membranis
1122 2522 1350 2565 supersunt,
1381 2527 1553 2567 quasque
1575 2527 1671 2563 sup-

233 2580 362 2630 plevi,
394 2587 565 2617 erratum
581 2581 677 2618 fuit:
708 2581 751 2618 id
770 2589 902 2619 tamen
924 2584 1024 2620 circa
1043 2595 1104 2620 res
1125 2581 1222 2619 adeo
1243 2587 1381 2618 tenues
1398 2587 1596 2628 versatur,
1628 2587 1671 2616 ut

232 2646 283 2682 de
301 2646 477 2684 iteranda
499 2646 668 2685 editione
690 2661 770 2685 non
792 2651 1046 2698 cogitassem,
1076 2651 1152 2686 nisi
1175 2649 1290 2685 amici
1312 2649 1552 2685 coniecturas
1571 2645 1671 2684 mihi

233 2714 486 2763 obtulissent,
518 2722 635 2767 atque
660 2717 745 2766 ipse
778 2729 913 2754 earum
942 2716 1216 2755 difficultatum
1239 2717 1475 2754 solutionem
1495 2715 1670 2752 invenis-
