1702 3060
238 80 349 162 '310
678 115 860 159 NOTAE
892 114 950 157 m
979 107 1189 157 imnum
1219 112 1241 157 1

254 232 338 272 tae,
381 229 422 260 ut
446 222 643 260 nonnullis
670 223 820 259 visum:
864 228 994 260 tamen
1023 227 1126 258 caret
1150 220 1311 272 probato
1339 225 1507 259 auctore.
1563 225 1663 258 certe

252 280 437 330 pecuniae
456 290 570 327 supra
589 275 750 314 modum
773 282 956 327 appetens
980 276 1138 327 (Evagr.
1158 275 1184 317 5
1212 274 1276 327 1),
1311 279 1354 314 'ut
1378 276 1531 314 iusserit
1558 279 1665 313 arcas
1699 274 1702 291 ³

255 335 397 371 ferreas
416 332 519 380 fieri,
557 334 598 369 in
616 333 754 383 quibus
775 339 922 382 ereptas
942 332 1120 369 omnibus
1139 329 1338 368 ordinibus
1357 340 1448 381 opes
1469 329 1666 368 conderet.·
1699 366 1702 370 .

254 389 367 439 periit
387 386 558 437 podagra
573 386 775 425 undecimo
795 389 948 437 imperii
967 399 1080 436 anno,
1101 387 1165 424 vel
1183 393 1227 423 ut
1243 387 1328 423 aliis
1345 387 1485 432 visum,
1515 383 1664 422 decimo

254 450 379 480 sexto.
419 447 543 478 cetera
560 444 639 479 suis
657 443 765 480 locis.
802 443 1004 493 Mycillus:
1033 443 1186 492 ingenio
1205 446 1241 478 et
1252 442 1400 491 pietate
1419 441 1561 485 minor,
1589 446 1667 476 non

255 506 419 546 tempore
436 504 588 534 tantam
605 497 671 534 lzie
681 499 787 548 ficit,
819 504 882 534 asc
897 499 1034 548 ingen-5
1051 498 1175 534 cultor
1190 497 1391 534 avaritiae.
1449 501 1571 545 reg-na
1595 493 1668 546 sab

254 553 326 589 hoc
345 553 478 603 Longi
497 560 676 601 ceperunt
693 553 799 590 Itala
821 553 962 589 Bardi.
994 554 1074 602 szse
1085 552 1234 602 pedam
1252 550 1399 596 morbo,
1426 550 1563 587 mentis
1581 562 1668 600 ege*

254 621 329 644 nus
348 606 438 644 obit.
482 609 615 645 Velius
630 619 640 644 :
669 609 806 644 asserit
819 607 883 644 hie
898 607 1043 658 Pelagi
1055 615 1199 645 sectam
1215 607 1407 658 Iustinae,
1434 617 1596 649 avarae,
1625 611 1668 640 ut

250 662 433 712 pedibus,
453 669 589 711 captus
606 670 728 699 ment-e
746 676 896 713 qaoque
911 663 1100 700 occubuit.
1159 661 1229 700 sed
1248 661 1298 698 ad
1314 662 1522 711 Corippum
1538 657 1666 707 redeo,

255 716 360 767 apud
387 730 503 767 quem
525 718 593 754 lib.
620 718 643 757 1
668 719 902 755 Iustinianus
928 719 1026 766 obit,
1070 724 1108 754 et
1132 730 1156 754 a
1179 717 1364 755 Callinico
1384 716 1552 752 Iustinus
1579 723 1669 751 eum

255 773 395 809 obiiSse
414 771 663 819 admonetur3
693 774 760 824 qui
779 773 822 809 in
842 774 970 809 aulam
989 771 1126 820 tendit,
1153 773 1221 809 ubi
1237 783 1371 822 preces
1389 767 1496 807 audit
1513 776 1668 807 senatus

258 828 465 876 imperium
479 826 698 875 deferentis,
719 827 789 865 sed
803 834 935 865 tamen
951 827 1002 864 ad
1021 824 1211 864 demortui
1225 825 1359 863 laudes
1373 827 1478 876 prius
1497 830 1668 862 maestus

257 884 501 919 convertitur.
557 895 630 919 nec
660 884 789 920 minus
816 882 962 933 Sophia
984 883 1133 919 luctum
1163 883 1390 931 ingeminat.
1439 885 1525 916 tum
1549 881 1670 916 circus
1700 896 1702 898 ·

258 936 496 974 describitur.
551 938 621 974 lib.
642 941 670 978 2
690 939 918 988 supplicatio
935 937 1088 975 decreta
1110 936 1358 988 exsequialis,
1388 941 1426 972 et
1445 933 1670 971 deliberatio

256 994 393 1028 Iustini
413 991 459 1028 de
479 991 709 1030 assumendo
728 995 904 1043 imperio.
962 999 1118 1029 ornatur
1147 997 1185 1029 et
1211 997 1319 1029 scuto
1343 990 1538 1037 elevatur,
1568 986 1672 1040 quod

257 1048 559 1096 inaugurationis
579 1048 758 1084 formula.
802 1049 922 1084 oratio
947 1046 998 1083 ad
1016 1052 1194 1084 senatum
1218 1045 1384 1083 suadens
1403 1046 1588 1095 pietatem
1605 1056 1672 1080 ae-

257 1103 533 1152 quitatemque.
582 1103 686 1138 favet
702 1104 804 1138 laeto
822 1115 979 1139 assensu
997 1102 1122 1152 plebs.
1163 1101 1232 1138 lib.
1251 1103 1276 1141 3
1298 1098 1510 1138 Iustinizmo
1529 1110 1674 1149 pompa

256 1156 429 1193 funebris
451 1155 669 1192 adornatur.
725 1157 872 1193 laetitia
889 1157 1046 1207 publica
1072 1157 1206 1206 populi
1226 1161 1264 1192 et
1285 1155 1336 1191 ad
1359 1156 1580 1192 convivium
1602 1166 1674 1204 ap·-¹

258 1217 424 1260 paratus.
458 1211 648 1259 palatium
665 1211 911 1260 Cpolitanum
930 1211 1168 1248 describitur.
1207 1209 1416 1247 audiuntur
1430 1209 1549 1259 legati
1567 1210 1675 1246 Ava-

260 1278 357 1312 rum,
389 1272 427 1302 et
444 1265 591 1302 bellum
607 1266 654 1302 iis
673 1265 868 1303 indicitur.
924 1267 993 1303 lib.
1016 1267 1043 1306 4
1072 1267 1308 1315 exspectatio
1330 1266 1500 1301 muneris
1519 1261 1674 1311 edendi,

260 1319 361 1356 dona
377 1326 415 1356 et
430 1321 576 1370 sparsio
593 1321 800 1357 missilium
819 1322 970 1357 senatui
988 1320 1158 1368 indulta,
1181 1320 1342 1357 basilica
1362 1320 1411 1356 D.
1428 1317 1611 1369 Sophiae,
1637 1322 1676 1355 et

260 1388 445 1412 excursus
475 1377 517 1411 in
542 1374 678 1412 laudes
697 1376 914 1413 Trinitatis.
971 1374 1139 1426 denique
1170 1376 1212 1411 in
1239 1387 1367 1411 arcem
1395 1372 1675 1421 conscenditur,

261 1436 298 1466 et
315 1443 493 1480 proceres
514 1432 743 1467 comitantur
759 1433 987 1480 principem.
1007 1430 1094 1467 finis
1115 1443 1205 1468 vero
1221 1428 1473 1466 desideratur.
1493 1429 1674 1465 Drmrsrs

369 1487 489 1522 LIBRI
503 1488 522 1524 1
538 1498 577 1522 v.
593 1488 629 1524 1.
660 1487 883 1522 concinnius
899 1487 1007 1535 legas
1023 1499 1101 1522 non
1118 1498 1244 1521 rerum
1259 1483 1439 1521 motibus.
1469 1482 1677 1520 Putschius

264 1540 367 1588 [cum
384 1541 425 1577 in
444 1539 575 1577 codice
593 1542 644 1577 sit
658 1542 828 1591 imperii]
849 1541 971 1578 voluit
989 1541 1210 1590 imperium,
1227 1540 1338 1576 nobis
1350 1539 1494 1576 invitis.
1524 1537 1676 1574 culmen

262 1597 379 1642 enim,
409 1607 560 1631 summa
577 1596 750 1645 imperii,
772 1597 995 1632 solemniter
1010 1597 1134 1645 poetis
1152 1601 1391 1645 usurpatum.
1430 1594 1609 1630 Lucanus
1628 1593 1675 1632 82

262 1650 376 1686 illum
389 1663 537 1686 summo
554 1651 601 1686 de
621 1651 788 1687 culmine
804 1664 932 1687 rerum
950 1658 1069 1688 morte
1085 1651 1198 1699 petit.
1229 1648 1486 1687 Claudianus:
1515 1647 1573 1684 ad
1590 1646 1678 1683 cul—

262 1706 370 1740 mina
388 1718 517 1741 rerum
533 1706 695 1742 iniustos
714 1707 872 1743 crevisse
889 1719 1038 1756 queror.
1063 1705 1268 1743 Sidonius:
1297 1705 1436 1753 excipit
1443 1702 1550 1739 hunc
1561 1702 1678 1738 redu-

263 1773 343 1795 cem
360 1759 553 1808 duplicati
570 1761 722 1797 culmen
738 1761 905 1798 honorans.
923 1763 1083 1798 BAn'rfl.
1117 1759 1300 1810 equidem
1317 1759 1454 1795 malim
1473 1770 1562 1794 cum
1579 1759 1678 1793 Put-

261 1812 369 1851 schio
381 1815 510 1863 legere
525 1816 745 1863 imperium,
754 1818 929 1866 quamvis
949 1817 1059 1852 aliter
1067 1814 1247 1851 Barthius
1266 1815 1440 1861 senserit,
1457 1819 1495 1850 et
1509 1814 1551 1849 in
1565 1818 1678 1849 textu

259 1870 369 1906 aliter
393 1870 588 1919 posuerim
614 1871 701 1919 plus
729 1883 851 1920 aequo
876 1869 1115 1907 verecundus
1137 1871 1179 1905 in
1198 1867 1422 1918 corrigenda
1440 1868 1567 1904 Ruizii
1591 1865 1677 1902 edi-

258 1925 374 1960 t10ne.
432 1925 627 1962 enimvero
649 1927 871 1975 poemation
887 1926 1024 1962 maiori
1042 1923 1211 1975 quadam
1232 1925 1433 1960 maiestate
1455 1923 1510 1958 sic
1527 1922 1676 1971 incipit,

259 1985 302 2015 ut
320 1983 457 2029 poetae
477 1981 665 2030 sequioris
685 1982 771 2017 aevi
790 1992 921 2017 curare
942 1979 1117 2018 solebant
1135 1979 1287 2015 fumum
1307 1990 1360 2015 ex
1384 1977 1536 2026 fulgore
1549 2004 1559 2024 ‚
1597 1988 1679 2012 non

260 2047 311 2070 ex
331 2034 438 2070 fumo
456 2034 547 2070 dare
564 2035 692 2071 lucem
710 2036 933 2084 cogitantes.
987 2041 1098 2071 notes
1127 2040 1258 2070 autem
1276 2033 1364 2070 volo
1385 2033 1582 2082 eleganter
1600 2031 1678 2067 Co-

260 2090 414 2138 rippum
433 2091 557 2139 primo
573 2092 787 2139 generatim
807 2098 931 2127 motus
950 2091 1163 2136 nominare,
1183 2087 1323 2125 deiude
1339 2100 1431 2125 vero
1454 2099 1520 2138 eos
1537 2083 1679 2123 distin-

262 2156 380 2192 guere
398 2146 440 2179 in
457 2146 643 2182 militares
666 2151 703 2182 et
719 2146 872 2194 civiles,
908 2147 1000 2196 quia
1026 2146 1209 2182 alterutra
1231 2142 1407 2194 pluribus
1425 2142 1500 2178 fuit
1518 2141 1581 2178 via
1601 2151 1678 2191 qua

263 2197 314 2234 ad
340 2199 546 2248 imperitun
577 2202 700 2237 evecti
727 2206 829 2237 sunt.
895 2207 1026 2238 contra
1054 2200 1223 2237 Iustinus
1258 2204 1365 2235 tanta
1401 2196 1678 2247 tranquillitate

264 2253 396 2302 populi
420 2262 572 2292 evectus
599 2262 657 2292 est
682 2262 724 2292 ut
741 2257 886 2294 Victori
902 2256 1106 2292 Tunnensi
1130 2260 1264 2291 notatu
1295 2252 1414 2303 digna
1441 2253 1526 2288 visa
1545 2250 1677 2286 fuerit.

263 2309 390 2344 Foco.
446 2322 524 2344 non
539 2310 632 2345 ullis
651 2310 816 2347 motibus
833 2324 978 2355 reram,
998 2309 1039 2348 h.
1063 2324 1084 2347 e
1105 2311 1187 2346 sine
1204 2309 1308 2346 bello
1329 2312 1395 2344 aut
1414 2306 1678 2351 concussione,

264 2361 356 2398 dicit
372 2364 563 2400 Iustinum
587 2367 814 2402 successisse
834 2366 1039 2403 avunculo.
1095 2366 1225 2402 Victor
1242 2362 1463 2400 Tunnensis
1490 2361 1532 2396 in
1554 2357 1679 2396 Chro-

263 2419 350 2454 nIco
372 2416 423 2465 [v.
443 2419 551 2454 Ruiz.
570 2418 620 2455 ad
639 2421 805 2457 Praefat.
826 2422 909 2471 21].
953 2422 1008 2458 sic
1025 2421 1066 2456 in
1081 2418 1260 2455 laudibus
1278 2417 1443 2453 aliorum
1458 2414 1677 2464 principum

263 2473 452 2509 successio
476 2474 558 2509 sine
576 2475 745 2511 tumultu
763 2482 983 2513 recensetur
1002 2476 1065 2512 vel
1080 2476 1206 2523 primo
1221 2472 1322 2509 loco.
1377 2468 1611 2507 Claudianus
1628 2467 1677 2504 de

262 2525 368 2563 laud.
389 2526 612 2565 Stilichonis
639 2530 685 2567 1:
727 2529 787 2565 nil
813 2529 869 2565 ibi
898 2528 1101 2566 barbariae
1127 2534 1269 2572 metm,
1297 2525 1358 2563 nil
1379 2523 1537 2562 turbida
1564 2529 1677 2573 rupto

264 2582 396 2618 ordine
419 2585 580 2620 tentavit
609 2585 776 2628 novitas,
815 2591 996 2634 tantoque
1018 2589 1157 2619 remoto
1176 2582 1357 2632 principe
1382 2586 1553 2617 mutatas
1575 2577 1678 2615 orbis

265 2650 341 2673 non
360 2639 476 2674 sensit
489 2637 672 2674 habenas.
734 2639 965 2688 Calpurnius
983 2638 1129 2687 Ecloga
1149 2638 1297 2687 prIma:
1326 2635 1473 2673 scilicet
1488 2636 1569 2684 ipse
1583 2632 1676 2670 deus

265 2693 467 2730 Romanae
482 2693 656 2742 pondera
676 2693 786 2730 molis
798 2692 974 2743 sortibus
1001 2693 1159 2742 excipiet
1181 2692 1237 2730 sic
1263 2692 1491 2728 inconcussa
1505 2688 1676 2733 lacertis,
