1702 3060
57 11 87 63 mh*

419 116 751 161 PANEGYRICI
782 117 1094 172 RELIQUIAE.
1111 148 1114 149 γ
1419 118 1481 164 15

145 225 307 266 Aetium
330 227 560 266 coniunctus
584 241 694 267 amor
711 229 927 282 populique
945 235 1182 283 patrumque

147 301 188 333 et
201 309 408 347 procerum
425 309 538 334 mens
558 298 686 334 omnis
705 295 846 346 habet3
872 310 947 335 nec
967 297 1096 336 dicere
1111 305 1304 338 mussant.

145 365 365 414 reppetiere
388 366 522 416 palam
539 365 621 402 iam
639 363 746 417 quod
763 366 957 402 sententia
973 364 1115 403 muudi

147 439 455 486 cunctorumque
474 431 572 470 fides
591 433 714 470 nullis
735 433 956 471 auctoribus
976 434 1099 471 ambit
1111 443 1127 471 ε
1501 454 1540 493 P,
1563 445 1607 480 18

39 499 119 541 110
144 499 228 537 fata
247 501 398 538 iubent.
455 499 589 538 aderat
608 499 746 538 studiis
762 500 942 552 iuvitque
961 501 1140 540 favorem

145 574 240 606 nota
256 569 331 606 viri
349 570 471 607 virtus
493 575 531 606 et
552 569 688 619 magni
708 567 832 619 gloria
849 570 986 618 patrIs.

144 647 240 673 nam
257 635 361 675 claro
381 638 556 688 genitore
575 643 682 675 satus
713 657 764 662 —
794 633 866 672 sed
883 635 985 674 forte
1004 643 1228 689 parentem,

145 702 330 743 caedibus
347 705 501 743 Arctois
520 712 559 742 et
577 706 680 742 iusta
698 710 800 741 sorte
822 705 1006 755 potitum,

146 770 312 810 callidus
334 779 373 810 et
391 773 492 811 falsa
511 779 637 810 tectus
656 785 772 823 prece
791 773 959 822 perculit
977 772 1096 822 ensis,

36 837 115 882 115
142 839 360 877 Mer-catum
373 841 455 878 vita
470 840 543 878 leti
561 839 696 877 decus.
750 837 849 877 haut
866 853 979 878 secus
996 842 1094 878 olim

141 919 341 958 pugnaces
360 909 472 945 Fabii
491 908 618 959 patria
635 919 708 958 pro
729 913 847 957 gente
869 906 1076 958 cadebant,

144 982 185 1013 et
201 977 365 1024 Decius,
393 989 559 1028 propero
577 976 709 1012 lucem
726 975 795 1026 qui
811 974 889 1011 fine
905 974 1068 1022 refudit,

142 1041 216 1082 sed
230 1043 380 1080 famam
398 1045 482 1080 sine
498 1042 576 1079 fune
594 1047 722 1079 tenet:
751 1054 846 1077 nam
863 1042 1000 1080 mortis
1018 1054 1195 1082 amorem

140 1117 281 1162 pensat
296 1109 426 1148 laudis
445 1109 586 1148 honor.
642 1110 742 1147 tanti
760 1110 835 1148 sibi
852 1109 1030 1148 conscius
1044 1108 1163 1148 heros

33 1177 115 1220 120
141 1179 365 1231 sanguinis,
395 1179 603 1216 emeritum
623 1178 911 1229 praestantibus
932 1178 1095 1218 innovat
1115 1178 1210 1218 actis
1254 1175 1277 1235 ΙΙ
1322 1189 1414 1232 ⁰881
1439 1181 1481 1222 ’ἆ

196 1287 217 1309 *

195 1365 216 1387 ῼ

196 1444 216 1466 ᾳ

140 1533 184 1564 ut
205 1525 277 1564 vix
296 1538 420 1576 prona
439 1525 552 1564 novis
574 1526 702 1564 erexit
722 1525 920 1578 gressibus
942 1538 1023 1576 ora,

139 1595 344 1646 primaque
363 1595 522 1644 reptatis
538 1594 694 1631 nivibus
715 1595 880 1644 vestigia
902 1594 1005 1643 fixit,

138 1674 237 1699 mox
258 1662 432 1698 iaculum
450 1661 598 1711 petiere
619 1674 780 1710 manus,
810 1661 984 1714 lusitque
1007 1660 1150 1712 gelatis

138 1728 330 1767 imbribus
341 1758 351 1777 ‚
383 1735 422 1766 et
440 1729 552 1766 siccis
570 1729 746 1767 imitatus
764 1730 915 1767 missile
937 1729 1069 1782 lymfis

31 1797 109 1842 125
136 1797 342 1848 temptavit
360 1808 514 1847 pugnas
526 1825 536 1845 ,
565 1803 801 1850 tenerosque
822 1795 874 1834 ad
890 1797 1040 1848 proelia
1058 1793 1175 1833 ludos

139 1866 299 1914 imbuit,
330 1870 369 1901 et
386 1874 498 1901 veras
517 1864 598 1900 iam
617 1870 711 1901 tunc
731 1865 906 1916 respexit
921 1863 972 1902 ad
988 1863 1136 1902 hastas.

138 1947 211 1971 nec
234 1943 366 1971 mora:
396 1943 486 1968 cum
507 1930 702 1982 Scythicis
723 1933 996 1970 succumberet
1014 1926 1173 1970 ensibus
1195 1932 1299 1972 orbIS

135 2002 293 2053 telaque
310 1999 500 2050 Tarpeias
518 2007 743 2050 premerent
757 2002 901 2038 Arctoa
921 2012 1091 2049 secures,

135 2067 322 2107 hostilem
340 2067 460 2118 fregit
481 2067 651 2116 rabiem,
684 2068 907 2121 pignusque
927 2069 1087 2120 superbi

28 2139 108 2180 130
133 2136 304 2175 foederis
322 2143 361 2174 et
375 2133 516 2173 mundi
531 2136 704 2187 pretium
720 2137 796 2174 fuit
826 2158 877 2164 —-
908 2136 1003 2174 hinc
1023 2133 1142 2173 modo
1163 2135 1245 2172 voti

136 2212 219 2243 rata
238 2204 336 2243 fides
349 2233 360 2254 ,
389 2202 533 2242 validis
551 2203 658 2256 quod
675 2203 758 2247 dux
776 2212 931 2256 premat
950 2205 1120 2255 impiger
1138 2203 1258 2240 armis

135 2271 312 2311 edomuit
332 2285 430 2325 quos
449 2284 547 2323 pace
566 2285 666 2324 puer
684 2294 734 2300 —
747 2302 758 2322 ,
786 2273 1018 2324 bellumque
1035 2271 1233 2322 repressit,
1497 2295 1533 2331 P,
1559 2286 1602 2320 19

135 2341 295 2392 ignarus
316 2339 413 2394 quid
430 2340 537 2378 bella
554 2340 699 2379 forent.
757 2347 942 2392 stupuere
964 2340 1115 2378 feroces

21 2516 151 2564 petiere
171 2518 360 2563 mutavit),
389 2520 426 2554 et.
446 2518 568 2555 sentia.
597 2537 644 2544 —
671 2528 708 2553 v.
726 2519 792 2554 110
813 2529 855 2565 pr
877 2527 911 2553 m
933 2516 1090 2564 studiisq.
1114 2515 1250 2564 t'uvtttq.⁴
1278 2534 1324 2544 —-
1352 2526 1387 2552 v.
1407 2517 1470 2552 111

25 2574 120 2608 seqq.
143 2564 352 2600 Gaudentius
367 2566 527 2610 magister
541 2564 698 2610 equitum.
727 2576 815 2610 quae
831 2565 875 2599 de
893 2564 963 2599 eius
978 2570 1088 2605 morte
1103 2564 1157 2597 hic
1172 2562 1365 2606 traduntur,
1384 2574 1473 2597 nova

25 2614 116 2644 sunt.
140 2629 185 2636 —
210 2621 246 2648 v.
261 2612 326 2646 122
338 2621 381 2656 pr
395 2622 428 2646 m
443 2613 613 2657 repitafls.
636 2631 681 2637 —
706 2611 827 2645 Aetius
840 2615 938 2645 natus
953 2615 1026 2644 erat
1038 2611 1268 2652 Doroetenae,
1298 2610 1332 2643 in
1349 2609 1472 2654 oppido

24 2653 199 2698 Moesiae,
223 2666 318 2702 quam
333 2657 487 2692 Renatus
500 2657 699 2702 Frigeridus
713 2657 886 2702 Scythiam
902 2661 1021 2698 vocat,
1047 2656 1317 2700 rigidissimi-um
1333 2655 1474 2688 hiemum

22 2704 148 2736 terrae.
177 2720 224 2727 -—-
249 2711 286 2737 v.
301 2703 366 2738 127
382 2703 457 2739 cod.
479 2704 636 2748 Scyticie.
665 2723 710 2729 —
742 2713 778 2738 V.
798 2704 863 2738 129
878 2714 972 2749 seqq·
1003 2702 1058 2736 De
1080 2702 1181 2736 Aetio
1209 2700 1334 2737 Alarici
1358 2699 1475 2733 obside

14 2756 61 2793 νγ.
78 2745 194 2782 Cal-m.
209 2745 260 2782 111
273 2757 313 2782 v.
324 2747 370 2783 41
384 2759 478 2794 seqq.
522 2760 559 2785 v.
573 2749 638 2785 131
652 2758 695 2796 pr
709 2760 742 2784 m
755 2753 863 2785 ratas.
895 2765 941 2776 -—
970 2749 1057 2784 Post
1071 2759 1106 2783 v.
1124 2747 1191 2784 143
1215 2748 1338 2782 iterum
1363 2743 1473 2790 ampla

90 2809 223 2845 Merob.
252 2813 285 2845 et
314 2809 391 2845 Cor.
1171 2808 1200 2847 6
