1702 3060
620 101 946 149 PRAEFATIO.
1426 116 1508 145 12111

58 211 116 260 flu,
141 209 210 265 'qui
228 216 378 251 temere
395 211 634 264 Virgilianae
652 226 849 266 purpurae
865 214 1030 251 burrum
1046 224 1163 250 suum
1180 210 1397 251 admiscere
1416 220 1507 252 sunt

48 279 153 319 nusi.
209 286 250 317 at
271 293 344 331 ego
366 294 446 318 non
467 287 627 319 conatus
646 279 717 318 sed
736 282 934 318 inscitiam
953 287 1131 321 taxatam
1152 280 1367 330 oontend03
1399 289 1438 319 e't
1453 295 1505 320 ne

55 360 188 387 omnes
205 361 423 401 prosequar
440 350 630 399 ineptias,
662 349 776 401 quale
802 347 906 386 illud
920 348 1172 400 prodIgiosae
1194 348 1404 387 additionis
1426 363 1504 387 nu-

53 415 310 467 gamentum‘}
369 415 469 458 dixit
496 417 606 454 Maro
637 415 690 469 (3
719 415 827 467 339)
857 417 900 458 in
929 430 1099 468 persona
1125 415 1424 456 Andromaches
1453 415 1504 454 ad

51 484 249 525 Aeneam:

217 552 319 606 quid
330 564 436 602 puer
452 549 691 589 Ascanius?
721 558 932 602 superatne
953 558 992 589 et
1014 554 1186 594 vescitur
1203 552 1335 595 aura?

213 633 328 678 quem
345 619 419 661 tibi
433 621 516 661 iam
538 620 670 662 Troia.

46 687 190 727 sciolus
210 687 372 741 quidam
389 687 732 740 impudentissime
754 687 976 738 supplevit:

248 744 251 749 ”
583 757 738 807 peperit
746 755 940 807 fumante
962 756 1124 794 Creusa.

41 837 134 862 cum
148 830 282 862 tamen
299 825 343 862 in
363 822 505 862 eodem
521 837 640 875 opere
670 823 724 874 (2
743 822 853 871 724)
883 825 1007 862 Troia
1023 825 1203 861 fumante
1222 827 1411 874 sequatur
1418 834 1502 872 pa·-

41 899 140 930 vem
170 906 251 931 non
275 891 465 944 passibus
491 891 643 941 aequis.
707 887 779 926 sed
800 887 902 926 mihi
928 896 1080 927 certum
1099 889 1147 926 ab
1172 888 1404 939 antiquitate
1425 902 1500 940 pa-

39 961 274 999 trocinium:
303 972 398 997 nam
421 959 602 995 Lucretio
625 957 723 994 Caro
747 957 958 1006 amatorio,
989 962 1033 994 ut
1056 957 1202 1004 fertur,
1233 954 1500 994 medicamine

38 1030 214 1080 primum
243 1028 287 1069 in
315 1027 513 1064 insaniam
535 1038 648 1063 verso
679 1038 725 1062 ac
749 1037 847 1062 mox
867 1025 1063 1072 extincto,
1097 1024 1154 1062 Μ.
1176 1023 1311 1061 Cioero
1332 1037 1432 1076 opus
1451 1025 1499 1065 de

38 1109 169 1136 rerum
193 1102 368 1139 natura,
410 1091 517 1145 quod
551 1094 769 1135 etiamnum
796 1091 916 1134 hodie
949 1098 1101 1140 exstat,
1135 1091 1356 1142 perpolivit
1378 1099 1498 1144 atque

37 1164 270 1203 emendavit.
343 1161 449 1200 dices
486 1163 728 1205 recensuisse
763 1168 919 1199 tantum
948 1167 987 1198 et
1015 1173 1038 1197 a
1067 1159 1220 1197 librarii
1249 1161 1497 1212 negligentia

23 1231 268 1273 ·vindicasse.
325 1231 406 1271 imo
430 1230 489 1269 ad
507 1229 663 1272 obelum
681 1237 718 1267 et
736 1243 911 1282 unguem
925 1228 1151 1273 revocavit,
1179 1241 1310 1281 neque
1339 1230 1400 1266 illi
1429 1228 1495 1266 id-

35 1301 137 1342 circo
160 1299 336 1342 censoria
355 1305 449 1335 nota
470 1298 616 1339 inusta.
674 1297 783 1336 idem
810 1304 944 1340 nostro
964 1309 1061 1334 aevo
1079 1298 1274 1347 praestitit
1292 1298 1334 1335 in
1353 1299 1495 1336 Nouno

20 1369 318 1420 ‹Panopolitano
338 1367 568 1409 Franciscus
589 1367 781 1415 Nansius,
813 1367 924 1404 cuius
941 1363 1179 1403 industriam
1194 1364 1494 1404 laudaflssimus

33 1435 286 1476 commendat
301 1435 460 1485 Lipsius
492 1433 632 1486 (Cent.
654 1437 681 1475 2
700 1435 813 1483 epist.
830 1431 914 1484 60)
929 1444 940 1480 ;
970 1439 1015 1469 ut
1030 1432 1163 1472 fileam
1181 1434 1357 1475 criticam
1379 1446 1494 1473 seve-

18 1506 191 1544 ·1·itatem
217 1506 421 1552 Leogorae
452 1499 712 1551 Syracusani,
755 1497 994 1545 Aristarchi,
1035 1496 1229 1535 Zenodoti
1256 1498 1423 1551 Ephesii
1456 1508 1496 1539 et

30 1573 221 1619 aliorum,
252 1570 322 1622 qui
348 1569 512 1610 Homeri
541 1573 864 1619 caeterorumque
887 1566 1031 1616 scripta
1057 1566 1306 1616 corrigebant
1329 1581 1492 1607 emacu-

15 1640 167 1677 ilabant
193 1636 549 1687 immutabantque.
608 1635 696 1687 quis
722 1636 850 1672 nescit
868 1636 1125 1674 Homericum
1143 1650 1242 1688 opus
1263 1635 1315 1674 ad
1331 1637 1490 1677 libitum

27 1705 280 1760 quorundam
309 1701 569 1745 contextum?
625 1702 700 1744 hos
729 1717 803 1757 ego
834 1706 948 1759 sequi
978 1706 1133 1747 utinam
1158 1712 1243 1748 tam
1270 1705 1488 1757 potuissem

7 1788 148 1829 -quam
173 1770 402 1828 cupiebam!
459 1771 565 1815 vale·
